2012.01.05 15:00:00.128,0.9518,0.95201,2.25,3.00
2012.01.05 15:00:00.665,0.9518,0.95201,2.63,2.63
2012.01.05 15:00:01.676,0.9518,0.95205,2.25,1.50
2012.01.05 15:00:01.946,0.95181,0.95211,2.63,1.50
2012.01.05 15:00:02.410,0.95181,0.95214,2.63,3.00
2012.01.05 15:00:03.211,0.95181,0.95214,2.55,3.00
2012.01.05 15:00:03.298,0.95181,0.9521,2.55,1.13
2012.01.05 15:00:03.648,0.95181,0.95212,3.30,1.88
2012.01.05 15:00:04.149,0.95181,0.95214,3.00,1.13
2012.01.05 15:00:04.230,0.9518,0.95214,3.00,1.88
2012.01.05 15:00:04.862,0.95181,0.95215,1.13,1.88
2012.01.05 15:00:05.350,0.9518,0.95214,3.00,1.13
2012.01.05 15:00:05.905,0.9518,0.95215,3.15,1.88
2012.01.05 15:00:06.894,0.95209,0.95223,4.50,3.00
2012.01.05 15:00:07.278,0.95189,0.95219,3.00,1.50
2012.01.05 15:00:07.367,0.95212,0.95223,0.75,3.00
2012.01.05 15:00:07.443,0.95212,0.95223,0.75,2.25
2012.01.05 15:00:07.653,0.95189,0.95223,1.13,2.25
2012.01.05 15:00:08.273,0.95189,0.95223,1.13,2.25
2012.01.05 15:00:08.906,0.95189,0.95223,1.13,2.25
2012.01.05 15:00:09.421,0.95188,0.95224,1.13,3.00
2012.01.05 15:00:09.635,0.95188,0.95219,1.13,3.00
2012.01.05 15:00:10.768,0.95208,0.95225,4.50,3.00
2012.01.05 15:00:10.854,0.95198,0.95219,1.36,2.25
2012.01.05 15:00:10.938,0.95196,0.95225,1.74,1.50
2012.01.05 15:00:11.099,0.95189,0.95219,1.74,2.25
2012.01.05 15:00:11.266,0.95195,0.95212,2.49,3.75
2012.01.05 15:00:11.418,0.95194,0.95218,2.49,1.50
2012.01.05 15:00:11.498,0.95194,0.95218,2.49,2.02
2012.01.05 15:00:12.128,0.95191,0.95215,3.99,1.50
2012.01.05 15:00:12.645,0.95192,0.95216,2.49,2.02
2012.01.05 15:00:12.725,0.95192,0.9521,2.49,2.25
2012.01.05 15:00:13.091,0.95192,0.95216,2.49,2.02
2012.01.05 15:00:13.873,0.95217,0.95243,3.24,1.50
2012.01.05 15:00:14.013,0.95217,0.95239,3.24,2.25
2012.01.05 15:00:14.314,0.95211,0.95231,2.49,1.50
2012.01.05 15:00:14.396,0.95209,0.95231,2.49,1.50
2012.01.05 15:00:14.481,0.95206,0.95228,4.36,1.50
2012.01.05 15:00:15.096,0.95207,0.95228,1.36,1.50
2012.01.05 15:00:15.209,0.95208,0.9523,2.49,1.50
2012.01.05 15:00:15.281,0.95208,0.9523,2.49,1.50
2012.01.05 15:00:15.426,0.9521,0.95232,2.49,1.50
2012.01.05 15:00:15.529,0.9521,0.9523,2.49,1.50
2012.01.05 15:00:16.030,0.95205,0.95227,2.49,1.88
2012.01.05 15:00:16.100,0.95205,0.95225,2.49,1.13
2012.01.05 15:00:16.730,0.95205,0.95221,2.25,1.13
2012.01.05 15:00:16.856,0.95204,0.95222,2.25,1.13
2012.01.05 15:00:17.297,0.95204,0.95223,2.25,1.13
2012.01.05 15:00:18.205,0.95204,0.95223,2.25,1.13
2012.01.05 15:00:18.311,0.95208,0.95226,1.50,1.50
2012.01.05 15:00:18.455,0.9521,0.95227,3.24,2.25
2012.01.05 15:00:18.540,0.95215,0.95227,1.13,1.50
2012.01.05 15:00:18.908,0.95217,0.9523,1.74,1.50
2012.01.05 15:00:19.634,0.95217,0.95236,1.74,1.50
2012.01.05 15:00:19.760,0.95218,0.95239,2.49,1.13
2012.01.05 15:00:19.841,0.95218,0.95239,2.49,1.13
2012.01.05 15:00:19.910,0.9522,0.95242,2.49,3.38
2012.01.05 15:00:20.360,0.9522,0.95242,2.25,3.38
2012.01.05 15:00:20.578,0.9522,0.95242,2.49,3.38
2012.01.05 15:00:21.296,0.9522,0.95242,2.49,3.38
2012.01.05 15:00:21.399,0.9522,0.95242,2.49,3.38
2012.01.05 15:00:21.899,0.95219,0.95235,2.25,1.13
2012.01.05 15:00:22.428,0.95215,0.95237,2.86,1.88
2012.01.05 15:00:23.020,0.95208,0.95225,2.25,1.13
2012.01.05 15:00:23.178,0.95204,0.95225,3.00,1.13
2012.01.05 15:00:23.745,0.95204,0.95226,3.24,1.31
2012.01.05 15:00:24.178,0.95205,0.95226,2.25,2.06
2012.01.05 15:00:24.742,0.95201,0.95221,1.50,1.13
2012.01.05 15:00:24.883,0.952,0.95221,1.50,1.13
2012.01.05 15:00:25.860,0.95199,0.95221,2.25,1.88
2012.01.05 15:00:26.477,0.95198,0.95219,3.00,1.13
2012.01.05 15:00:26.567,0.95195,0.95212,2.25,1.50
2012.01.05 15:00:26.870,0.95189,0.95208,2.25,1.50
2012.01.05 15:00:27.370,0.95187,0.95207,3.00,1.50
2012.01.05 15:00:28.719,0.9519,0.95209,3.00,1.50
2012.01.05 15:00:29.081,0.95188,0.95208,2.63,1.13
2012.01.05 15:00:29.727,0.9518,0.95196,1.88,1.13
2012.01.05 15:00:29.825,0.95176,0.95194,3.00,1.50
2012.01.05 15:00:29.914,0.95176,0.95193,2.25,1.50
2012.01.05 15:00:30.429,0.95173,0.95192,1.50,3.38
2012.01.05 15:00:30.716,0.95173,0.95188,1.50,1.13
2012.01.05 15:00:31.268,0.95173,0.95186,1.50,1.88
2012.01.05 15:00:31.482,0.95173,0.95188,1.50,3.00
2012.01.05 15:00:31.773,0.95174,0.95189,1.13,1.50
2012.01.05 15:00:32.068,0.95174,0.95191,1.13,1.50
2012.01.05 15:00:32.282,0.95174,0.95191,1.50,1.50
2012.01.05 15:00:32.805,0.9518,0.95194,1.13,1.50
2012.01.05 15:00:32.969,0.95181,0.952,1.13,1.50
2012.01.05 15:00:33.060,0.95182,0.95201,1.50,1.88
2012.01.05 15:00:33.556,0.95184,0.95204,2.25,1.50
2012.01.05 15:00:34.374,0.95184,0.95204,2.25,1.13
2012.01.05 15:00:34.619,0.95189,0.95207,1.13,1.50
2012.01.05 15:00:35.041,0.95185,0.95203,2.49,1.13
2012.01.05 15:00:35.187,0.95183,0.95193,1.88,2.25
2012.01.05 15:00:35.341,0.95183,0.95201,3.00,2.25
2012.01.05 15:00:35.420,0.95183,0.95202,3.00,1.13
2012.01.05 15:00:35.927,0.95189,0.95204,1.13,1.13
2012.01.05 15:00:36.471,0.95192,0.95205,1.50,1.88
2012.01.05 15:00:36.827,0.95185,0.95199,2.25,2.25
2012.01.05 15:00:36.998,0.9518,0.95196,2.25,1.13
2012.01.05 15:00:37.078,0.95181,0.95197,1.50,2.63
2012.01.05 15:00:37.497,0.95178,0.95184,1.50,2.25
2012.01.05 15:00:37.584,0.95177,0.95184,3.00,2.25
2012.01.05 15:00:37.876,0.95173,0.95184,1.50,2.25
2012.01.05 15:00:38.447,0.95173,0.95185,1.50,3.00
2012.01.05 15:00:39.112,0.95171,0.95185,4.13,3.00
2012.01.05 15:00:39.407,0.95173,0.9519,2.25,1.50
2012.01.05 15:00:39.764,0.95174,0.95189,2.25,1.50
2012.01.05 15:00:40.268,0.95171,0.9519,4.13,1.50
2012.01.05 15:00:40.694,0.95171,0.9519,1.50,1.50
2012.01.05 15:00:41.061,0.95167,0.9518,4.50,3.00
2012.01.05 15:00:41.433,0.95166,0.95178,1.50,1.50
2012.01.05 15:00:42.025,0.95166,0.95178,1.50,3.00
2012.01.05 15:00:42.396,0.95164,0.95177,1.50,1.50
2012.01.05 15:00:42.478,0.9516,0.95177,1.50,1.50
2012.01.05 15:00:42.993,0.95158,0.95175,1.88,1.27
2012.01.05 15:00:43.063,0.95156,0.95171,1.13,3.00
2012.01.05 15:00:43.520,0.95154,0.95171,1.50,3.00
2012.01.05 15:00:43.623,0.95153,0.9517,3.38,3.00
2012.01.05 15:00:43.832,0.95153,0.9517,3.38,3.00
2012.01.05 15:00:44.463,0.95154,0.9517,2.63,3.00
2012.01.05 15:00:44.552,0.95155,0.95173,3.00,3.00
2012.01.05 15:00:44.636,0.95158,0.95173,1.88,3.00
2012.01.05 15:00:45.275,0.9516,0.95173,1.13,3.00
2012.01.05 15:00:45.373,0.95159,0.95176,1.13,1.50
2012.01.05 15:00:45.511,0.95158,0.95177,2.63,1.50
2012.01.05 15:00:46.004,0.95156,0.95176,3.00,2.25
2012.01.05 15:00:46.156,0.95158,0.95178,3.00,1.88
2012.01.05 15:00:46.515,0.95162,0.9518,2.10,3.00
2012.01.05 15:00:47.087,0.95161,0.95176,1.13,3.00
2012.01.05 15:00:47.588,0.95162,0.95176,1.50,3.00
2012.01.05 15:00:47.948,0.95161,0.95177,1.13,3.00
2012.01.05 15:00:48.097,0.95162,0.95176,1.13,3.00
2012.01.05 15:00:49.261,0.95161,0.95176,3.38,3.00
2012.01.05 15:00:49.807,0.95162,0.95177,1.50,3.00
2012.01.05 15:00:50.373,0.95162,0.95177,3.38,3.00
2012.01.05 15:00:51.149,0.95164,0.9518,2.63,3.00
2012.01.05 15:00:51.240,0.95172,0.95186,2.25,3.00
2012.01.05 15:00:51.325,0.95172,0.95187,2.25,4.27
2012.01.05 15:00:51.482,0.95176,0.95188,2.25,3.00
2012.01.05 15:00:51.692,0.95176,0.95191,2.25,3.75
2012.01.05 15:00:51.766,0.95174,0.95191,3.75,1.50
2012.01.05 15:00:51.987,0.95181,0.95193,2.25,1.50
2012.01.05 15:00:52.626,0.95181,0.95195,2.25,2.25
2012.01.05 15:00:53.355,0.95181,0.95197,2.25,1.50
2012.01.05 15:00:53.434,0.95181,0.95198,2.25,3.00
2012.01.05 15:00:53.523,0.9518,0.952,2.25,2.63
2012.01.05 15:00:53.676,0.95183,0.952,1.50,1.50
2012.01.05 15:00:54.295,0.95188,0.95207,2.85,1.50
2012.01.05 15:00:54.386,0.95189,0.95207,1.74,2.25
2012.01.05 15:00:54.892,0.95191,0.95208,1.50,1.13
2012.01.05 15:00:55.242,0.95191,0.95211,1.50,1.77
2012.01.05 15:00:56.491,0.95191,0.9521,3.24,1.02
2012.01.05 15:00:56.595,0.95197,0.95215,1.13,3.00
2012.01.05 15:00:56.761,0.95199,0.95217,1.36,3.00
2012.01.05 15:00:56.990,0.95203,0.95223,2.25,1.88
2012.01.05 15:00:57.419,0.95207,0.95223,1.13,1.13
2012.01.05 15:00:58.080,0.95207,0.95223,1.13,1.13
2012.01.05 15:00:58.640,0.95202,0.95223,3.99,1.13
2012.01.05 15:00:58.994,0.95202,0.9522,1.50,1.13
2012.01.05 15:00:59.147,0.95198,0.9522,1.88,3.00
2012.01.05 15:00:59.638,0.95198,0.95219,1.88,1.50
2012.01.05 15:01:00.200,0.95198,0.95218,1.50,2.63
2012.01.05 15:01:00.272,0.95198,0.95218,1.50,2.63
2012.01.05 15:01:00.975,0.95195,0.95216,3.75,1.13
2012.01.05 15:01:01.604,0.95196,0.95211,1.50,2.25
2012.01.05 15:01:01.714,0.95197,0.95208,1.13,1.13
2012.01.05 15:01:01.795,0.95194,0.95209,1.50,1.88
2012.01.05 15:01:02.552,0.95193,0.95209,1.50,1.88
2012.01.05 15:01:04.069,0.95192,0.95208,1.50,2.25
2012.01.05 15:01:04.352,0.95191,0.95204,1.50,3.00
2012.01.05 15:01:05.053,0.95191,0.95207,1.50,1.50
2012.01.05 15:01:05.850,0.95192,0.95207,1.50,1.50
2012.01.05 15:01:06.349,0.95192,0.95207,1.50,1.50
2012.01.05 15:01:06.992,0.9519,0.95207,4.50,1.50
2012.01.05 15:01:07.710,0.9519,0.95205,1.13,2.25
2012.01.05 15:01:08.216,0.95188,0.95206,1.13,1.88
2012.01.05 15:01:08.365,0.95189,0.95206,1.13,2.63
2012.01.05 15:01:09.700,0.95188,0.95204,1.50,1.50
2012.01.05 15:01:10.058,0.95181,0.952,3.00,1.50
2012.01.05 15:01:10.341,0.9518,0.95199,3.00,1.50
2012.01.05 15:01:10.483,0.95181,0.952,1.50,1.50
2012.01.05 15:01:10.680,0.95181,0.952,2.25,1.50
2012.01.05 15:01:11.880,0.9518,0.952,4.50,1.50
2012.01.05 15:01:12.024,0.95182,0.95201,5.25,1.50
2012.01.05 15:01:12.582,0.95182,0.95201,3.75,1.50
2012.01.05 15:01:12.993,0.95184,0.95201,1.50,1.50
2012.01.05 15:01:14.241,0.95183,0.95201,3.00,1.50
2012.01.05 15:01:14.595,0.95182,0.95193,2.25,1.50
2012.01.05 15:01:14.958,0.95177,0.9519,3.00,1.50
2012.01.05 15:01:15.106,0.95176,0.9519,3.00,1.50
2012.01.05 15:01:15.674,0.95176,0.9519,3.00,1.88
2012.01.05 15:01:16.244,0.95176,0.9519,3.00,1.50
2012.01.05 15:01:16.664,0.95177,0.95192,3.00,1.50
2012.01.05 15:01:18.910,0.95181,0.95194,2.25,1.50
2012.01.05 15:01:19.120,0.95181,0.95194,2.25,1.50
2012.01.05 15:01:20.941,0.95181,0.95194,3.00,1.50
2012.01.05 15:01:21.703,0.95177,0.95193,1.50,2.25
2012.01.05 15:01:22.227,0.95176,0.95192,3.75,1.50
2012.01.05 15:01:22.309,0.95177,0.95191,1.50,1.50
2012.01.05 15:01:22.972,0.95177,0.95191,3.75,1.50
2012.01.05 15:01:23.284,0.95175,0.95191,1.50,3.75
2012.01.05 15:01:23.506,0.95177,0.95192,3.00,1.50
2012.01.05 15:01:24.076,0.95177,0.95191,3.00,1.13
2012.01.05 15:01:24.657,0.95172,0.95182,1.50,1.13
2012.01.05 15:01:24.756,0.95165,0.95182,1.74,1.88
2012.01.05 15:01:25.041,0.95164,0.95178,1.50,1.50
2012.01.05 15:01:25.259,0.95164,0.95178,1.50,1.50
2012.01.05 15:01:25.333,0.95163,0.95178,2.25,1.50
2012.01.05 15:01:25.486,0.95168,0.95178,1.50,1.50
2012.01.05 15:01:25.705,0.95167,0.95181,1.13,2.25
2012.01.05 15:01:26.197,0.95166,0.95185,3.00,3.38
2012.01.05 15:01:26.273,0.95164,0.95184,1.50,2.25
2012.01.05 15:01:26.938,0.95165,0.95185,1.50,1.50
2012.01.05 15:01:27.501,0.95169,0.95189,1.50,1.50
2012.01.05 15:01:28.630,0.95178,0.95193,3.00,4.50
2012.01.05 15:01:28.841,0.95172,0.9519,4.50,2.25
2012.01.05 15:01:29.039,0.95172,0.9519,3.00,3.00
2012.01.05 15:01:29.845,0.95172,0.9519,3.00,3.00
2012.01.05 15:01:30.699,0.95173,0.9519,2.25,3.00
2012.01.05 15:01:31.050,0.95177,0.95192,2.25,1.50
2012.01.05 15:01:31.122,0.95177,0.95193,3.00,1.50
2012.01.05 15:01:31.266,0.95177,0.95193,3.00,1.50
2012.01.05 15:01:31.628,0.95191,0.95202,2.25,1.50
2012.01.05 15:01:31.775,0.95191,0.95205,3.00,1.50
2012.01.05 15:01:31.982,0.95191,0.95205,3.00,1.50
2012.01.05 15:01:32.496,0.95187,0.95202,3.00,1.50
2012.01.05 15:01:33.402,0.95187,0.95203,3.00,1.50
2012.01.05 15:01:33.618,0.95189,0.95205,3.00,1.50
2012.01.05 15:01:34.346,0.95193,0.9521,3.00,4.13
2012.01.05 15:01:34.429,0.95193,0.95209,3.00,1.50
2012.01.05 15:01:35.053,0.95193,0.9521,3.00,4.13
2012.01.05 15:01:35.592,0.95193,0.9521,3.00,4.13
2012.01.05 15:01:35.660,0.95193,0.9521,3.00,4.13
2012.01.05 15:01:36.202,0.95192,0.9521,3.00,4.13
2012.01.05 15:01:36.306,0.95192,0.9521,3.00,4.13
2012.01.05 15:01:36.821,0.95192,0.9521,3.00,4.13
2012.01.05 15:01:37.031,0.95192,0.95209,3.00,1.50
2012.01.05 15:01:39.193,0.95195,0.95209,3.00,1.50
2012.01.05 15:01:39.259,0.95199,0.95209,2.25,1.50
2012.01.05 15:01:39.329,0.95194,0.95209,3.75,1.50
2012.01.05 15:01:39.403,0.95194,0.95211,5.25,3.00
2012.01.05 15:01:39.543,0.95198,0.95215,3.00,3.98
2012.01.05 15:01:40.081,0.95198,0.95215,3.00,3.23
2012.01.05 15:01:40.589,0.95198,0.95215,3.00,3.23
2012.01.05 15:01:42.054,0.95201,0.95216,3.00,3.45
2012.01.05 15:01:43.168,0.95201,0.95216,3.00,1.20
2012.01.05 15:01:45.063,0.95201,0.95215,3.61,1.50
2012.01.05 15:01:45.205,0.95206,0.95222,1.88,1.13
2012.01.05 15:01:45.599,0.95207,0.95222,1.13,1.13
2012.01.05 15:01:46.271,0.95207,0.95221,3.00,1.13
2012.01.05 15:01:47.256,0.95207,0.95221,3.00,1.13
2012.01.05 15:01:47.871,0.95207,0.95221,3.00,1.13
2012.01.05 15:01:48.011,0.95207,0.95221,3.00,1.13
2012.01.05 15:01:48.424,0.95209,0.95218,1.13,1.50
2012.01.05 15:01:48.969,0.95208,0.95219,3.00,1.50
2012.01.05 15:01:49.865,0.95208,0.95219,3.00,1.50
2012.01.05 15:01:50.283,0.95204,0.95218,1.50,1.50
2012.01.05 15:01:50.843,0.95204,0.95218,1.50,1.50
2012.01.05 15:01:51.347,0.95209,0.95218,3.00,1.50
2012.01.05 15:01:51.425,0.95208,0.95219,3.00,1.50
2012.01.05 15:01:51.959,0.95209,0.95224,3.61,1.50
2012.01.05 15:01:52.048,0.95214,0.95227,3.00,2.25
2012.01.05 15:01:52.128,0.95214,0.95227,3.00,1.50
2012.01.05 15:01:52.555,0.95215,0.95229,3.00,1.50
2012.01.05 15:01:52.774,0.95216,0.95232,1.50,2.25
2012.01.05 15:01:53.491,0.95221,0.95234,1.50,1.13
2012.01.05 15:01:53.646,0.9522,0.95235,1.50,1.13
2012.01.05 15:01:54.075,0.95226,0.95237,1.50,3.38
2012.01.05 15:01:54.158,0.95228,0.95238,1.50,1.50
2012.01.05 15:01:54.724,0.95215,0.95237,1.74,3.38
2012.01.05 15:01:55.208,0.95225,0.95237,2.25,2.25
2012.01.05 15:01:55.504,0.95231,0.95239,1.50,2.25
2012.01.05 15:01:55.862,0.95232,0.95241,1.50,1.13
2012.01.05 15:01:56.005,0.95231,0.95241,1.50,1.13
2012.01.05 15:01:56.580,0.95232,0.95241,1.50,1.88
2012.01.05 15:01:57.320,0.95231,0.95243,1.50,1.66
2012.01.05 15:01:57.673,0.95231,0.95241,1.50,2.25
2012.01.05 15:01:57.757,0.95232,0.95243,1.50,1.13
2012.01.05 15:01:57.829,0.95232,0.95241,1.50,1.13
2012.01.05 15:01:57.972,0.95231,0.95243,1.50,1.13
2012.01.05 15:01:58.571,0.95231,0.95243,1.50,1.13
2012.01.05 15:01:59.373,0.95232,0.95243,1.50,1.13
2012.01.05 15:02:00.039,0.95233,0.95243,1.50,1.88
2012.01.05 15:02:00.116,0.95233,0.95239,1.50,2.25
2012.01.05 15:02:00.197,0.95232,0.95243,1.50,2.63
2012.01.05 15:02:01.060,0.95231,0.95243,1.50,1.13
2012.01.05 15:02:01.284,0.95223,0.95242,3.61,1.50
2012.01.05 15:02:01.495,0.95223,0.95241,3.00,1.13
2012.01.05 15:02:01.718,0.95223,0.95242,3.00,2.41
2012.01.05 15:02:02.155,0.95223,0.95241,5.11,1.50
2012.01.05 15:02:02.773,0.95223,0.95241,4.88,1.50
2012.01.05 15:02:03.074,0.95228,0.95241,3.00,1.50
2012.01.05 15:02:03.518,0.95223,0.95236,1.74,2.25
2012.01.05 15:02:03.802,0.95222,0.95236,1.50,2.25
2012.01.05 15:02:04.527,0.95222,0.95236,3.24,2.25
2012.01.05 15:02:04.892,0.95225,0.95239,1.74,1.88
2012.01.05 15:02:05.252,0.95226,0.95244,4.50,2.10
2012.01.05 15:02:05.606,0.95227,0.95244,3.75,1.20
2012.01.05 15:02:06.288,0.95235,0.95244,3.00,1.05
2012.01.05 15:02:06.372,0.9523,0.95244,1.50,1.05
2012.01.05 15:02:06.445,0.9523,0.95245,1.50,1.05
2012.01.05 15:02:06.605,0.95237,0.95246,3.00,1.50
2012.01.05 15:02:06.773,0.95236,0.9525,3.00,1.50
2012.01.05 15:02:06.862,0.95236,0.95255,3.24,1.66
2012.01.05 15:02:06.935,0.95245,0.95256,3.00,2.03
2012.01.05 15:02:07.013,0.95245,0.95256,3.00,1.13
2012.01.05 15:02:07.613,0.95236,0.95259,3.24,5.78
2012.01.05 15:02:07.740,0.95242,0.95255,2.63,2.25
2012.01.05 15:02:07.818,0.95249,0.95261,3.00,3.16
2012.01.05 15:02:07.893,0.95244,0.95261,3.99,2.41
2012.01.05 15:02:08.320,0.95244,0.95261,1.36,1.50
2012.01.05 15:02:08.462,0.95244,0.95262,1.36,1.50
2012.01.05 15:02:09.104,0.95244,0.95262,1.36,1.50
2012.01.05 15:02:09.463,0.95246,0.95263,3.00,1.50
2012.01.05 15:02:10.026,0.95246,0.95263,3.99,1.50
2012.01.05 15:02:10.102,0.95246,0.95262,3.99,1.50
2012.01.05 15:02:10.870,0.95251,0.95264,3.24,1.50
2012.01.05 15:02:11.141,0.95252,0.95269,1.74,3.38
2012.01.05 15:02:11.680,0.95252,0.95269,2.11,3.38
2012.01.05 15:02:11.752,0.95255,0.95269,3.00,1.13
2012.01.05 15:02:11.892,0.95255,0.95269,3.24,1.13
2012.01.05 15:02:11.967,0.9526,0.95271,2.25,2.41
2012.01.05 15:02:12.115,0.9526,0.95272,3.00,1.13
2012.01.05 15:02:12.673,0.9526,0.95272,3.00,1.50
2012.01.05 15:02:12.753,0.9526,0.95276,3.00,1.13
2012.01.05 15:02:12.829,0.95258,0.95277,2.25,1.27
2012.01.05 15:02:13.047,0.95257,0.95266,3.24,1.50
2012.01.05 15:02:13.126,0.95258,0.95277,1.50,1.65
2012.01.05 15:02:13.277,0.95257,0.95273,3.38,2.25
2012.01.05 15:02:13.962,0.95255,0.95268,1.50,1.13
2012.01.05 15:02:14.046,0.95255,0.95271,1.50,4.28
2012.01.05 15:02:14.404,0.95256,0.9527,3.00,1.28
2012.01.05 15:02:14.761,0.95256,0.95269,3.00,1.50
2012.01.05 15:02:15.043,0.95256,0.9527,3.00,1.66
2012.01.05 15:02:15.552,0.95256,0.95271,3.00,6.16
2012.01.05 15:02:15.908,0.95252,0.95265,2.25,2.25
2012.01.05 15:02:16.127,0.95252,0.95265,2.25,2.25
2012.01.05 15:02:16.271,0.9525,0.95265,3.00,3.00
2012.01.05 15:02:16.623,0.95254,0.95262,3.00,1.50
2012.01.05 15:02:17.183,0.95253,0.95261,2.25,1.88
2012.01.05 15:02:17.273,0.95254,0.95261,3.00,1.50
2012.01.05 15:02:17.822,0.95251,0.9526,3.00,1.50
2012.01.05 15:02:18.359,0.95251,0.9526,3.00,1.50
2012.01.05 15:02:19.425,0.95248,0.95261,3.00,1.88
2012.01.05 15:02:19.517,0.95248,0.95261,3.00,1.88
2012.01.05 15:02:19.671,0.95245,0.95259,1.50,1.88
2012.01.05 15:02:19.826,0.95246,0.95257,1.50,1.13
2012.01.05 15:02:20.186,0.95242,0.95253,3.00,1.50
2012.01.05 15:02:20.979,0.95241,0.9525,3.60,1.50
2012.01.05 15:02:21.266,0.95238,0.95251,1.14,2.25
2012.01.05 15:02:21.436,0.95234,0.95246,1.65,1.50
2012.01.05 15:02:21.508,0.95233,0.95245,2.55,1.50
2012.01.05 15:02:21.656,0.95233,0.95247,3.00,2.25
2012.01.05 15:02:22.387,0.95235,0.95242,3.00,1.50
2012.01.05 15:02:22.481,0.95237,0.95245,2.25,1.50
2012.01.05 15:02:22.628,0.95232,0.95245,4.14,1.50
2012.01.05 15:02:23.197,0.95227,0.95243,4.58,3.00
2012.01.05 15:02:23.792,0.95227,0.95242,1.50,1.50
2012.01.05 15:02:23.879,0.95227,0.95242,3.00,1.50
2012.01.05 15:02:24.234,0.95227,0.95242,3.00,1.50
2012.01.05 15:02:24.603,0.95228,0.95247,1.88,1.66
2012.01.05 15:02:24.682,0.95228,0.95247,1.50,1.66
2012.01.05 15:02:24.760,0.95228,0.95245,1.50,1.13
2012.01.05 15:02:25.413,0.95227,0.95244,3.61,1.50
2012.01.05 15:02:25.495,0.9523,0.95249,3.00,3.16
2012.01.05 15:02:25.788,0.95228,0.95247,2.25,2.03
2012.01.05 15:02:25.946,0.95228,0.95246,3.00,1.13
2012.01.05 15:02:26.024,0.95228,0.95246,3.00,1.13
2012.01.05 15:02:26.316,0.95225,0.95243,6.46,1.13
2012.01.05 15:02:26.894,0.9523,0.95247,3.75,1.50
2012.01.05 15:02:27.384,0.95229,0.95247,5.25,1.13
2012.01.05 15:02:27.461,0.95229,0.95247,5.25,1.50
2012.01.05 15:02:27.671,0.95228,0.95247,2.25,1.13
2012.01.05 15:02:27.825,0.95234,0.95247,3.00,1.50
2012.01.05 15:02:28.471,0.95236,0.95247,2.25,1.50
2012.01.05 15:02:28.619,0.95235,0.95247,3.00,1.50
2012.01.05 15:02:29.445,0.95237,0.95248,2.25,1.50
2012.01.05 15:02:29.666,0.95236,0.95249,3.00,1.50
2012.01.05 15:02:30.210,0.95231,0.95245,1.50,1.13
2012.01.05 15:02:30.282,0.95231,0.95247,1.50,2.55
2012.01.05 15:02:30.350,0.95231,0.95245,1.50,1.13
2012.01.05 15:02:30.691,0.95233,0.95246,1.50,1.66
2012.01.05 15:02:30.830,0.95233,0.95251,3.00,1.35
2012.01.05 15:02:30.901,0.95233,0.95253,3.00,3.38
2012.01.05 15:02:31.111,0.95233,0.95251,3.00,1.35
2012.01.05 15:02:31.952,0.95237,0.95251,3.00,1.35
2012.01.05 15:02:32.183,0.95237,0.9525,3.00,2.25
2012.01.05 15:02:32.483,0.95232,0.95245,2.25,1.50
2012.01.05 15:02:33.033,0.95232,0.95244,2.25,1.65
2012.01.05 15:02:33.111,0.95235,0.95248,3.00,2.41
2012.01.05 15:02:33.185,0.95233,0.95246,2.25,1.65
2012.01.05 15:02:33.723,0.95231,0.95245,3.00,1.65
2012.01.05 15:02:34.222,0.95233,0.95246,3.00,2.40
2012.01.05 15:02:34.878,0.95233,0.95246,3.00,1.65
2012.01.05 15:02:34.949,0.95233,0.95246,3.00,1.65
2012.01.05 15:02:35.094,0.95233,0.95248,3.00,5.56
2012.01.05 15:02:35.672,0.95234,0.95248,3.00,2.56
2012.01.05 15:02:35.881,0.95236,0.95248,3.00,1.36
2012.01.05 15:02:36.374,0.95231,0.95247,2.25,1.20
2012.01.05 15:02:36.570,0.95231,0.95244,3.00,1.65
2012.01.05 15:02:36.641,0.95231,0.95244,3.00,1.65
2012.01.05 15:02:37.178,0.95231,0.95245,3.00,1.65
2012.01.05 15:02:37.916,0.95231,0.95244,3.00,1.65
2012.01.05 15:02:38.433,0.95229,0.95243,3.00,1.65
2012.01.05 15:02:39.131,0.95231,0.95243,2.25,1.65
2012.01.05 15:02:39.763,0.95231,0.95244,3.00,1.65
2012.01.05 15:02:39.848,0.95231,0.95246,3.00,3.45
2012.01.05 15:02:39.991,0.95231,0.95247,3.00,1.20
2012.01.05 15:02:40.133,0.95231,0.95247,3.00,1.20
2012.01.05 15:02:40.330,0.95231,0.95247,3.00,1.20
2012.01.05 15:02:40.691,0.95234,0.95247,1.13,1.20
2012.01.05 15:02:41.346,0.95241,0.95252,1.13,2.40
2012.01.05 15:02:41.452,0.95243,0.95255,1.13,1.20
2012.01.05 15:02:42.023,0.95244,0.95256,1.50,1.05
2012.01.05 15:02:42.769,0.95252,0.95262,3.00,2.41
2012.01.05 15:02:43.066,0.95249,0.95266,3.24,1.65
2012.01.05 15:02:43.143,0.95249,0.95265,3.24,1.20
2012.01.05 15:02:43.542,0.95249,0.95265,3.24,1.65
2012.01.05 15:02:43.697,0.95251,0.95266,3.00,2.25
2012.01.05 15:02:44.416,0.95251,0.95266,3.00,2.25
2012.01.05 15:02:45.170,0.95251,0.95266,3.00,2.25
2012.01.05 15:02:45.246,0.95252,0.95269,3.00,3.45
2012.01.05 15:02:45.470,0.95252,0.95269,3.00,2.70
2012.01.05 15:02:46.168,0.95258,0.95271,3.00,1.06
2012.01.05 15:02:46.850,0.95253,0.9527,4.50,2.40
2012.01.05 15:02:47.323,0.95253,0.9527,3.75,2.33
2012.01.05 15:02:47.921,0.95258,0.95274,3.24,1.88
2012.01.05 15:02:48.002,0.95258,0.95274,3.24,2.40
2012.01.05 15:02:48.522,0.95258,0.95273,3.99,3.38
2012.01.05 15:02:48.738,0.95262,0.95274,1.13,1.80
2012.01.05 15:02:48.886,0.95258,0.95275,3.99,3.90
2012.01.05 15:02:49.553,0.95258,0.95274,3.99,1.05
2012.01.05 15:02:49.976,0.95261,0.95274,1.50,3.30
2012.01.05 15:02:50.336,0.9526,0.95274,1.50,2.78
2012.01.05 15:02:51.030,0.95259,0.95274,1.50,2.40
2012.01.05 15:02:51.735,0.95259,0.95275,2.63,1.05
2012.01.05 15:02:51.817,0.95258,0.95273,2.11,1.05
2012.01.05 15:02:52.385,0.95268,0.9528,3.00,2.78
2012.01.05 15:02:52.472,0.95268,0.9528,3.00,2.78
2012.01.05 15:02:52.542,0.95268,0.9528,3.00,2.03
2012.01.05 15:02:53.103,0.95268,0.9528,3.00,1.35
2012.01.05 15:02:53.656,0.95264,0.95281,3.00,3.75
2012.01.05 15:02:53.735,0.95267,0.95274,2.25,1.05
2012.01.05 15:02:54.249,0.95267,0.9528,3.00,2.10
2012.01.05 15:02:54.475,0.95273,0.95282,2.25,1.35
2012.01.05 15:02:54.836,0.95275,0.95288,3.00,1.13
2012.01.05 15:02:54.914,0.95275,0.95284,2.25,1.20
2012.01.05 15:02:55.778,0.95271,0.95285,2.25,1.73
2012.01.05 15:02:55.866,0.95271,0.95281,3.00,1.65
2012.01.05 15:02:56.024,0.95263,0.95278,3.99,3.00
2012.01.05 15:02:56.107,0.95263,0.95274,3.75,1.13
2012.01.05 15:02:56.470,0.95271,0.9528,1.50,3.00
2012.01.05 15:02:56.554,0.95266,0.95276,1.50,1.13
2012.01.05 15:02:56.625,0.95265,0.95276,1.50,1.13
2012.01.05 15:02:56.707,0.95266,0.95276,1.50,1.88
2012.01.05 15:02:57.400,0.95264,0.9527,1.50,1.13
2012.01.05 15:02:57.482,0.9526,0.95271,3.00,1.13
2012.01.05 15:02:57.901,0.95258,0.95269,1.50,1.50
2012.01.05 15:02:58.118,0.95256,0.95268,3.00,1.13
2012.01.05 15:02:58.412,0.95255,0.95267,2.25,2.03
2012.01.05 15:02:58.492,0.95255,0.95266,2.25,1.88
2012.01.05 15:02:59.004,0.95253,0.95265,3.00,1.73
2012.01.05 15:02:59.149,0.95253,0.95265,3.00,1.35
2012.01.05 15:02:59.511,0.95253,0.95262,2.25,1.20
2012.01.05 15:02:59.592,0.95255,0.95261,2.25,1.20
2012.01.05 15:03:00.309,0.95253,0.95259,2.25,1.20
2012.01.05 15:03:00.395,0.95253,0.95259,3.00,1.20
2012.01.05 15:03:00.894,0.95255,0.95263,3.00,1.20
2012.01.05 15:03:00.962,0.95255,0.95265,2.25,1.35
2012.01.05 15:03:01.101,0.95255,0.95268,2.25,1.88
2012.01.05 15:03:01.246,0.95255,0.95268,2.25,1.50
2012.01.05 15:03:01.451,0.95255,0.95267,2.25,1.35
2012.01.05 15:03:01.952,0.95255,0.95269,3.00,2.70
2012.01.05 15:03:02.040,0.95256,0.9527,3.00,2.10
2012.01.05 15:03:02.121,0.95258,0.9527,2.25,2.10
2012.01.05 15:03:02.472,0.95258,0.9527,3.00,1.50
2012.01.05 15:03:03.024,0.95256,0.95271,3.00,2.10
2012.01.05 15:03:04.046,0.95259,0.95272,2.25,1.50
2012.01.05 15:03:04.199,0.95255,0.95272,3.00,3.90
2012.01.05 15:03:04.411,0.95254,0.9527,3.00,1.50
2012.01.05 15:03:05.310,0.95254,0.9527,3.00,1.50
2012.01.05 15:03:05.394,0.95259,0.9527,2.25,1.50
2012.01.05 15:03:05.754,0.95259,0.95271,3.00,1.50
2012.01.05 15:03:06.313,0.95261,0.95275,3.00,3.16
2012.01.05 15:03:07.118,0.95261,0.95276,3.00,5.25
2012.01.05 15:03:07.284,0.95257,0.95273,4.50,2.25
2012.01.05 15:03:07.508,0.95263,0.95276,3.00,2.25
2012.01.05 15:03:08.074,0.9526,0.95275,3.00,2.25
2012.01.05 15:03:08.634,0.9526,0.95275,3.00,3.00
2012.01.05 15:03:09.194,0.9526,0.95275,3.00,2.25
2012.01.05 15:03:09.404,0.95258,0.95274,1.13,2.25
2012.01.05 15:03:09.557,0.95257,0.95274,2.63,3.00
2012.01.05 15:03:09.778,0.95258,0.95268,3.38,1.50
2012.01.05 15:03:10.330,0.9526,0.95267,2.25,1.50
2012.01.05 15:03:10.761,0.95259,0.95267,3.00,1.50
2012.01.05 15:03:11.302,0.95257,0.95265,2.63,1.50
2012.01.05 15:03:11.445,0.95258,0.95266,1.13,1.50
2012.01.05 15:03:12.186,0.95254,0.95263,2.25,1.50
2012.01.05 15:03:12.732,0.95254,0.95263,2.25,1.50
2012.01.05 15:03:13.272,0.95254,0.95262,2.25,1.50
2012.01.05 15:03:14.279,0.95253,0.95262,2.25,1.50
2012.01.05 15:03:14.505,0.95253,0.95259,2.25,1.50
2012.01.05 15:03:14.655,0.95249,0.95258,2.25,1.50
2012.01.05 15:03:14.736,0.95245,0.95259,2.63,1.88
2012.01.05 15:03:15.098,0.95242,0.95259,1.35,2.41
2012.01.05 15:03:15.658,0.95243,0.95256,2.25,1.50
2012.01.05 15:03:15.746,0.95241,0.95252,1.50,1.50
2012.01.05 15:03:15.891,0.95241,0.95254,2.25,1.50
2012.01.05 15:03:16.101,0.95241,0.95257,1.13,2.25
2012.01.05 15:03:16.451,0.95241,0.95252,1.13,1.50
2012.01.05 15:03:17.013,0.95238,0.95249,1.13,1.50
2012.01.05 15:03:17.628,0.95238,0.9525,1.13,1.50
2012.01.05 15:03:18.332,0.95238,0.95249,1.13,1.50
2012.01.05 15:03:18.683,0.95239,0.9525,1.13,1.50
2012.01.05 15:03:18.886,0.95236,0.95253,1.88,3.75
2012.01.05 15:03:18.963,0.95234,0.95251,7.73,1.66
2012.01.05 15:03:19.545,0.95233,0.95246,3.23,1.50
2012.01.05 15:03:19.705,0.95231,0.95245,2.63,1.50
2012.01.05 15:03:19.926,0.95231,0.95249,3.75,1.27
2012.01.05 15:03:20.427,0.95231,0.95246,3.38,1.66
2012.01.05 15:03:21.820,0.95231,0.95247,3.75,1.66
2012.01.05 15:03:22.094,0.95233,0.95247,2.25,1.66
2012.01.05 15:03:22.248,0.95233,0.95246,2.63,1.66
2012.01.05 15:03:22.601,0.95235,0.95248,1.13,1.66
2012.01.05 15:03:23.344,0.95233,0.95252,1.88,1.27
2012.01.05 15:03:23.633,0.95233,0.95249,1.50,1.66
2012.01.05 15:03:24.177,0.95233,0.95249,2.63,1.66
2012.01.05 15:03:24.676,0.95231,0.95243,1.88,1.50
2012.01.05 15:03:25.151,0.95231,0.95243,1.88,1.50
2012.01.05 15:03:25.513,0.95228,0.95245,1.13,1.66
2012.01.05 15:03:25.793,0.95228,0.95243,1.13,1.66
2012.01.05 15:03:25.991,0.95228,0.95243,1.13,1.66
2012.01.05 15:03:26.642,0.95228,0.95243,1.13,1.66
2012.01.05 15:03:27.569,0.95228,0.95243,1.13,1.66
2012.01.05 15:03:28.462,0.95231,0.95244,1.13,1.66
2012.01.05 15:03:29.014,0.95231,0.95248,1.13,1.66
2012.01.05 15:03:29.593,0.95234,0.9525,2.63,2.77
2012.01.05 15:03:29.662,0.95234,0.9525,2.63,2.77
2012.01.05 15:03:30.201,0.95234,0.9525,2.63,1.50
2012.01.05 15:03:30.741,0.95233,0.9525,3.53,1.50
2012.01.05 15:03:31.885,0.95235,0.9525,2.63,1.50
2012.01.05 15:03:32.837,0.95235,0.95248,2.63,1.66
2012.01.05 15:03:33.317,0.95234,0.95249,1.28,1.66
2012.01.05 15:03:33.829,0.95234,0.9525,1.13,1.50
2012.01.05 15:03:34.399,0.95233,0.9525,1.13,1.50
2012.01.05 15:03:35.433,0.9523,0.95241,2.25,1.50
2012.01.05 15:03:35.524,0.95225,0.95237,1.88,1.50
2012.01.05 15:03:35.678,0.95224,0.95237,1.13,1.50
2012.01.05 15:03:36.111,0.95222,0.95237,1.50,1.50
2012.01.05 15:03:36.259,0.95223,0.95237,1.13,1.66
2012.01.05 15:03:36.406,0.95222,0.95238,1.88,3.00
2012.01.05 15:03:36.852,0.9522,0.95238,1.50,3.00
2012.01.05 15:03:37.342,0.95218,0.95236,8.10,1.66
2012.01.05 15:03:37.410,0.95218,0.95237,6.75,1.66
2012.01.05 15:03:37.961,0.95218,0.95237,1.88,2.17
2012.01.05 15:03:38.305,0.95218,0.95235,3.38,1.66
2012.01.05 15:03:38.820,0.95218,0.95236,2.11,1.66
2012.01.05 15:03:38.903,0.95218,0.95236,2.63,1.27
2012.01.05 15:03:39.185,0.95217,0.95234,4.13,1.66
2012.01.05 15:03:39.752,0.95217,0.95234,2.25,1.66
2012.01.05 15:03:40.673,0.95216,0.95227,1.13,1.27
2012.01.05 15:03:40.975,0.95214,0.95226,2.85,1.27
2012.01.05 15:03:41.546,0.95214,0.95228,3.00,1.27
2012.01.05 15:03:41.840,0.95209,0.95222,1.13,1.27
2012.01.05 15:03:42.276,0.95207,0.95219,1.13,1.66
2012.01.05 15:03:42.573,0.9521,0.95225,1.50,1.50
2012.01.05 15:03:42.647,0.9521,0.95225,2.25,2.41
2012.01.05 15:03:42.792,0.95211,0.95226,1.13,1.66
2012.01.05 15:03:43.075,0.95211,0.95225,1.50,1.66
2012.01.05 15:03:43.423,0.9521,0.95226,1.13,1.66
2012.01.05 15:03:44.088,0.95212,0.95229,1.88,1.27
2012.01.05 15:03:44.191,0.95217,0.9523,1.13,3.00
2012.01.05 15:03:44.601,0.95218,0.95231,1.13,3.00
2012.01.05 15:03:45.153,0.95217,0.9523,1.13,3.00
2012.01.05 15:03:45.842,0.95218,0.9523,1.50,3.00
2012.01.05 15:03:46.041,0.95218,0.9523,1.13,3.00
2012.01.05 15:03:46.604,0.95215,0.9523,2.25,3.00
2012.01.05 15:03:47.168,0.95216,0.9523,1.13,3.00
2012.01.05 15:03:48.092,0.95217,0.95231,1.13,3.00
2012.01.05 15:03:48.443,0.95218,0.9523,1.13,2.25
2012.01.05 15:03:48.641,0.95218,0.95232,1.50,2.25
2012.01.05 15:03:48.775,0.95218,0.95232,1.50,3.00
2012.01.05 15:03:49.121,0.95219,0.95232,1.50,2.25
2012.01.05 15:03:49.849,0.95219,0.95234,1.50,1.66
2012.01.05 15:03:49.934,0.95218,0.95235,1.50,3.91
2012.01.05 15:03:50.008,0.95217,0.95235,4.13,3.91
2012.01.05 15:03:50.293,0.95217,0.95232,1.88,3.00
2012.01.05 15:03:50.500,0.95217,0.95233,1.88,3.00
2012.01.05 15:03:51.048,0.95216,0.95233,1.88,3.91
2012.01.05 15:03:51.949,0.95218,0.95232,1.13,1.66
2012.01.05 15:03:53.891,0.95218,0.95232,1.88,1.66
2012.01.05 15:03:54.162,0.95218,0.95233,1.50,3.00
2012.01.05 15:03:54.670,0.95218,0.95233,1.50,3.00
2012.01.05 15:03:55.190,0.95218,0.95233,1.50,3.00
2012.01.05 15:03:55.405,0.95218,0.95233,1.88,3.00
2012.01.05 15:03:55.989,0.95219,0.95233,1.50,3.00
2012.01.05 15:03:57.157,0.95217,0.95232,1.50,1.13
2012.01.05 15:03:57.321,0.95213,0.9523,2.25,1.13
2012.01.05 15:03:57.544,0.9521,0.95228,3.00,3.75
2012.01.05 15:03:57.763,0.95208,0.95227,4.50,1.13
2012.01.05 15:03:58.181,0.95208,0.95223,3.38,1.66
2012.01.05 15:03:58.720,0.95208,0.95223,3.38,1.66
2012.01.05 15:03:59.510,0.95208,0.95224,5.63,1.66
2012.01.05 15:03:59.723,0.95209,0.95227,2.63,1.66
2012.01.05 15:04:00.216,0.95211,0.95229,3.75,3.91
2012.01.05 15:04:00.772,0.95215,0.95232,3.00,1.66
2012.01.05 15:04:00.860,0.95215,0.95234,3.00,3.38
2012.01.05 15:04:01.214,0.95212,0.9523,2.25,3.00
2012.01.05 15:04:01.913,0.95211,0.9523,3.75,3.00
2012.01.05 15:04:02.511,0.95211,0.95227,3.00,1.13
2012.01.05 15:04:02.596,0.95206,0.95224,1.88,4.28
2012.01.05 15:04:02.886,0.95206,0.95221,1.50,1.13
2012.01.05 15:04:03.034,0.95204,0.95222,1.50,3.98
2012.01.05 15:04:03.395,0.95204,0.9522,1.84,1.66
2012.01.05 15:04:03.612,0.95205,0.95219,1.50,1.66
2012.01.05 15:04:04.259,0.95204,0.95221,2.22,1.66
2012.01.05 15:04:04.335,0.95204,0.9522,2.85,1.66
2012.01.05 15:04:04.982,0.95204,0.95219,1.50,3.00
2012.01.05 15:04:05.263,0.95202,0.95219,1.09,3.00
2012.01.05 15:04:05.609,0.95205,0.95218,1.50,3.91
2012.01.05 15:04:05.750,0.95205,0.95218,1.50,3.00
2012.01.05 15:04:05.822,0.95207,0.95218,1.13,3.00
2012.01.05 15:04:06.757,0.95206,0.95219,1.13,3.91
2012.01.05 15:04:06.844,0.95207,0.95219,1.13,3.00
2012.01.05 15:04:07.331,0.95205,0.95218,2.25,3.00
2012.01.05 15:04:07.409,0.95205,0.95218,2.25,3.00
2012.01.05 15:04:07.769,0.95211,0.95222,1.35,1.50
2012.01.05 15:04:08.266,0.95216,0.95227,1.13,2.77
2012.01.05 15:04:08.352,0.95216,0.95227,1.88,2.25
2012.01.05 15:04:10.045,0.9521,0.95226,1.50,3.00
2012.01.05 15:04:10.477,0.95207,0.95222,2.48,3.00
2012.01.05 15:04:11.001,0.95207,0.95225,1.73,3.91
2012.01.05 15:04:11.552,0.95207,0.95224,2.48,1.66
2012.01.05 15:04:12.073,0.95207,0.95225,2.48,3.91
2012.01.05 15:04:12.560,0.95207,0.95222,2.63,3.00
2012.01.05 15:04:13.675,0.95207,0.95222,1.13,3.00
2012.01.05 15:04:14.249,0.95207,0.95222,1.13,3.00
2012.01.05 15:04:14.863,0.95208,0.95223,1.13,3.00
2012.01.05 15:04:15.004,0.95217,0.95223,1.13,3.00
2012.01.05 15:04:15.154,0.95217,0.95224,1.13,2.25
2012.01.05 15:04:15.238,0.95217,0.95227,1.13,3.91
2012.01.05 15:04:16.140,0.95216,0.95227,1.88,2.25
2012.01.05 15:04:16.225,0.95216,0.9523,1.50,3.00
2012.01.05 15:04:16.306,0.95214,0.95229,2.25,3.00
2012.01.05 15:04:16.873,0.95214,0.95229,3.27,1.50
2012.01.05 15:04:16.945,0.95216,0.95229,1.88,1.50
2012.01.05 15:04:17.493,0.95217,0.95229,1.13,3.00
2012.01.05 15:04:18.042,0.95217,0.95229,2.25,2.25
2012.01.05 15:04:18.181,0.95221,0.95229,1.50,2.25
2012.01.05 15:04:19.239,0.95218,0.95229,1.74,2.25
2012.01.05 15:04:19.881,0.95215,0.95229,1.50,3.00
2012.01.05 15:04:19.953,0.95215,0.95228,1.50,3.00
2012.01.05 15:04:20.093,0.95217,0.95229,1.50,2.25
2012.01.05 15:04:20.511,0.95218,0.95229,1.50,2.25
2012.01.05 15:04:20.595,0.95217,0.95229,1.50,2.25
2012.01.05 15:04:21.028,0.95217,0.95227,1.50,2.25
2012.01.05 15:04:21.383,0.95217,0.95231,1.50,3.00
2012.01.05 15:04:21.522,0.95217,0.95229,2.11,2.25
2012.01.05 15:04:22.241,0.95216,0.9523,1.50,3.00
2012.01.05 15:04:22.341,0.95209,0.95227,1.88,4.13
2012.01.05 15:04:22.909,0.95209,0.95225,1.13,1.50
2012.01.05 15:04:23.331,0.95208,0.95226,1.50,1.50
2012.01.05 15:04:23.946,0.95208,0.95223,1.88,1.66
2012.01.05 15:04:24.446,0.9521,0.95223,1.50,1.66
2012.01.05 15:04:25.007,0.95209,0.95225,4.50,1.66
2012.01.05 15:04:25.604,0.95209,0.95227,2.63,4.28
2012.01.05 15:04:25.824,0.95209,0.95226,3.38,1.66
2012.01.05 15:04:26.045,0.95209,0.95223,2.25,1.66
2012.01.05 15:04:26.740,0.95208,0.95224,1.13,1.66
2012.01.05 15:04:27.071,0.95208,0.95225,1.13,3.91
2012.01.05 15:04:27.632,0.95209,0.95225,1.50,3.00
2012.01.05 15:04:27.833,0.9521,0.95225,1.88,3.00
2012.01.05 15:04:28.188,0.95216,0.95226,1.13,3.16
2012.01.05 15:04:28.739,0.95217,0.95227,1.88,2.25
2012.01.05 15:04:29.264,0.95216,0.95227,1.50,2.25
2012.01.05 15:04:29.472,0.95213,0.95227,1.50,3.00
2012.01.05 15:04:29.953,0.95211,0.95227,1.50,3.00
2012.01.05 15:04:30.488,0.95211,0.95227,1.50,3.00
2012.01.05 15:04:31.107,0.95209,0.95227,4.13,1.66
2012.01.05 15:04:31.450,0.95209,0.95228,3.38,4.66
2012.01.05 15:04:32.086,0.95209,0.95227,3.38,1.13
2012.01.05 15:04:32.621,0.95209,0.95227,3.38,1.13
2012.01.05 15:04:32.880,0.95209,0.95227,3.38,1.13
2012.01.05 15:04:33.414,0.95209,0.95227,1.88,1.13
2012.01.05 15:04:34.493,0.95212,0.95227,1.13,1.13
2012.01.05 15:04:34.975,0.95214,0.95227,2.25,2.63
2012.01.05 15:04:35.760,0.95218,0.95227,1.36,2.25
2012.01.05 15:04:36.050,0.95226,0.95236,1.13,3.38
2012.01.05 15:04:36.406,0.95226,0.95238,1.13,3.16
2012.01.05 15:04:37.416,0.95226,0.95238,1.13,3.00
2012.01.05 15:04:37.961,0.95222,0.95238,1.50,3.00
2012.01.05 15:04:38.038,0.95222,0.95236,1.50,2.25
2012.01.05 15:04:38.187,0.95217,0.95235,3.99,1.50
2012.01.05 15:04:38.900,0.95216,0.95234,1.50,1.13
2012.01.05 15:04:39.260,0.95221,0.95235,1.13,3.00
2012.01.05 15:04:39.401,0.95223,0.95235,1.13,3.00
2012.01.05 15:04:39.615,0.95223,0.95236,1.88,3.16
2012.01.05 15:04:39.890,0.95224,0.95236,1.50,3.00
2012.01.05 15:04:40.300,0.95224,0.95237,1.50,2.85
2012.01.05 15:04:40.828,0.95225,0.95236,1.50,2.25
2012.01.05 15:04:41.361,0.95225,0.95236,1.50,2.25
2012.01.05 15:04:41.899,0.95225,0.95237,1.50,2.25
2012.01.05 15:04:42.902,0.95226,0.95237,1.13,2.25
2012.01.05 15:04:43.098,0.95227,0.95237,1.13,2.25
2012.01.05 15:04:43.348,0.95227,0.95237,1.13,2.25
2012.01.05 15:04:44.907,0.95219,0.95237,1.50,3.00
2012.01.05 15:04:45.253,0.95219,0.95238,3.00,3.91
2012.01.05 15:04:46.911,0.95223,0.95238,1.50,3.00
2012.01.05 15:04:47.451,0.95223,0.95238,1.88,3.16
2012.01.05 15:04:47.978,0.95226,0.95238,1.88,3.00
2012.01.05 15:04:48.584,0.95226,0.95238,2.11,3.00
2012.01.05 15:04:48.672,0.95229,0.95238,1.88,3.00
2012.01.05 15:04:49.026,0.95235,0.95248,1.24,1.27
2012.01.05 15:04:49.104,0.95235,0.95249,1.24,2.25
2012.01.05 15:04:49.260,0.95235,0.95249,1.24,2.25
2012.01.05 15:04:49.820,0.95235,0.95249,1.99,2.25
2012.01.05 15:04:49.960,0.95235,0.95249,1.99,2.25
2012.01.05 15:04:51.012,0.95235,0.95248,1.99,2.25
2012.01.05 15:04:51.692,0.95236,0.95248,1.24,2.25
2012.01.05 15:04:52.247,0.95236,0.95248,1.24,3.00
2012.01.05 15:04:53.006,0.95236,0.95249,1.24,3.75
2012.01.05 15:04:53.795,0.95235,0.95249,1.24,3.75
2012.01.05 15:04:53.884,0.95235,0.95249,1.99,2.25
2012.01.05 15:04:54.372,0.95236,0.95248,1.24,2.25
2012.01.05 15:04:54.894,0.95235,0.95248,1.99,2.25
2012.01.05 15:04:55.221,0.95235,0.95248,1.99,2.25
2012.01.05 15:04:56.004,0.95236,0.95248,1.24,2.25
2012.01.05 15:04:56.351,0.95242,0.95253,1.50,1.13
2012.01.05 15:04:56.636,0.95237,0.95254,2.25,1.50
2012.01.05 15:04:57.066,0.95234,0.95252,1.50,3.38
2012.01.05 15:04:57.555,0.95235,0.9525,1.50,2.25
2012.01.05 15:04:57.640,0.95235,0.95248,1.50,1.50
2012.01.05 15:04:58.265,0.95232,0.95244,1.50,1.50
2012.01.05 15:04:58.348,0.95229,0.95244,1.88,1.50
2012.01.05 15:04:58.430,0.95228,0.95243,1.50,1.50
2012.01.05 15:04:58.511,0.95228,0.95243,1.50,1.50
2012.01.05 15:04:59.168,0.95229,0.95243,1.50,1.50
2012.01.05 15:04:59.265,0.95226,0.95234,1.35,2.25
2012.01.05 15:04:59.625,0.95223,0.95234,1.50,2.25
2012.01.05 15:04:59.701,0.95223,0.95232,1.50,2.25
2012.01.05 15:05:00.249,0.95223,0.95233,1.88,2.25
2012.01.05 15:05:01.090,0.95224,0.95237,1.50,3.00
2012.01.05 15:05:01.167,0.95224,0.95237,2.25,3.00
2012.01.05 15:05:01.893,0.95224,0.95237,1.50,3.00
2012.01.05 15:05:02.316,0.95226,0.9523,1.13,2.25
2012.01.05 15:05:02.868,0.95224,0.95236,1.50,2.25
2012.01.05 15:05:03.030,0.95224,0.95234,1.88,2.25
2012.01.05 15:05:03.110,0.95224,0.95237,1.88,3.00
2012.01.05 15:05:03.182,0.95224,0.95235,2.25,2.25
2012.01.05 15:05:03.399,0.95226,0.95239,1.13,3.75
2012.01.05 15:05:04.011,0.95226,0.95239,1.13,3.38
2012.01.05 15:05:04.702,0.95225,0.95239,1.88,3.00
2012.01.05 15:05:05.183,0.95226,0.95239,1.13,3.00
2012.01.05 15:05:05.532,0.95223,0.95236,1.88,3.00
2012.01.05 15:05:05.744,0.95222,0.95236,2.63,3.75
2012.01.05 15:05:06.602,0.95223,0.95236,1.50,3.75
2012.01.05 15:05:06.678,0.95223,0.95236,1.50,3.75
2012.01.05 15:05:07.222,0.95223,0.95236,3.38,3.00
2012.01.05 15:05:07.711,0.95223,0.95238,3.75,6.00
2012.01.05 15:05:08.611,0.95224,0.95237,2.25,3.75
2012.01.05 15:05:09.149,0.95225,0.95238,1.50,5.25
2012.01.05 15:05:10.879,0.95224,0.95238,1.13,3.00
2012.01.05 15:05:13.444,0.95225,0.95236,1.13,3.00
2012.01.05 15:05:13.584,0.95226,0.95236,1.13,2.25
2012.01.05 15:05:13.721,0.95226,0.95232,1.13,2.25
2012.01.05 15:05:13.863,0.95221,0.95232,1.50,2.25
2012.01.05 15:05:13.931,0.95221,0.95229,1.50,2.25
2012.01.05 15:05:14.074,0.95219,0.95229,2.49,2.25
2012.01.05 15:05:14.212,0.95218,0.95229,1.13,2.25
2012.01.05 15:05:14.479,0.95218,0.95229,1.35,3.00
2012.01.05 15:05:15.366,0.95211,0.95222,1.50,3.38
2012.01.05 15:05:15.457,0.95208,0.95222,1.35,3.00
2012.01.05 15:05:15.599,0.95208,0.95222,1.35,3.00
2012.01.05 15:05:16.094,0.95209,0.95222,1.13,3.00
2012.01.05 15:05:16.588,0.95208,0.95224,2.10,3.00
2012.01.05 15:05:17.174,0.95211,0.95224,1.50,3.00
2012.01.05 15:05:17.274,0.95217,0.95227,1.13,2.25
2012.01.05 15:05:17.823,0.95217,0.95229,1.88,3.00
2012.01.05 15:05:18.389,0.95217,0.9523,1.13,3.00
2012.01.05 15:05:18.942,0.95221,0.9523,1.13,3.00
2012.01.05 15:05:19.083,0.95224,0.95236,1.13,2.25
2012.01.05 15:05:19.572,0.95226,0.95238,1.50,3.00
2012.01.05 15:05:20.366,0.95224,0.95236,1.88,2.25
2012.01.05 15:05:20.771,0.95225,0.95238,1.88,3.75
2012.01.05 15:05:21.479,0.95225,0.95238,1.50,3.75
2012.01.05 15:05:21.804,0.95226,0.95238,2.25,3.00
2012.01.05 15:05:23.160,0.95225,0.95238,2.25,2.25
2012.01.05 15:05:23.721,0.95226,0.95239,1.50,2.25
2012.01.05 15:05:24.201,0.95228,0.95238,1.50,2.25
2012.01.05 15:05:25.280,0.95228,0.95238,1.50,2.25
2012.01.05 15:05:25.493,0.95227,0.95244,1.13,4.88
2012.01.05 15:05:25.969,0.95233,0.95244,1.50,4.13
2012.01.05 15:05:26.056,0.95235,0.95247,1.13,2.25
2012.01.05 15:05:26.401,0.95234,0.95247,1.50,2.25
2012.01.05 15:05:26.940,0.95234,0.95247,1.88,2.25
2012.01.05 15:05:27.356,0.95235,0.95249,1.13,2.25
2012.01.05 15:05:27.925,0.95237,0.95253,1.50,2.25
2012.01.05 15:05:28.150,0.95238,0.95254,1.74,3.00
2012.01.05 15:05:28.299,0.95242,0.95254,1.88,2.25
2012.01.05 15:05:28.514,0.95245,0.95254,1.13,2.25
2012.01.05 15:05:28.723,0.95242,0.95251,1.13,2.25
2012.01.05 15:05:29.242,0.95243,0.95251,1.50,2.25
2012.01.05 15:05:29.340,0.95246,0.95254,1.50,2.25
2012.01.05 15:05:30.035,0.95244,0.95255,1.88,2.25
2012.01.05 15:05:30.315,0.95244,0.95256,1.13,2.25
2012.01.05 15:05:30.524,0.95244,0.95256,1.88,2.25
2012.01.05 15:05:31.038,0.95245,0.95255,1.88,2.25
2012.01.05 15:05:31.530,0.95246,0.95255,1.50,2.25
2012.01.05 15:05:32.026,0.95245,0.95255,2.11,2.25
2012.01.05 15:05:32.105,0.95245,0.9526,4.36,1.13
2012.01.05 15:05:32.192,0.95249,0.95261,2.25,2.25
2012.01.05 15:05:32.815,0.95254,0.95267,1.88,2.63
2012.01.05 15:05:32.912,0.95254,0.95266,2.11,2.25
2012.01.05 15:05:33.394,0.95254,0.95266,2.11,2.25
2012.01.05 15:05:33.474,0.95254,0.95268,2.11,2.25
2012.01.05 15:05:33.832,0.95254,0.95267,1.50,2.25
2012.01.05 15:05:34.544,0.95254,0.95266,1.50,2.25
2012.01.05 15:05:34.631,0.95254,0.95268,1.50,3.00
2012.01.05 15:05:35.174,0.95253,0.95268,2.63,3.00
2012.01.05 15:05:35.314,0.95255,0.95266,1.50,2.25
2012.01.05 15:05:35.384,0.95255,0.95266,1.50,2.25
2012.01.05 15:05:35.928,0.95254,0.95267,1.50,2.25
2012.01.05 15:05:36.484,0.95262,0.95271,2.63,2.25
2012.01.05 15:05:36.840,0.95263,0.95275,1.50,1.13
2012.01.05 15:05:36.920,0.95263,0.95271,1.50,2.25
2012.01.05 15:05:37.140,0.95267,0.95275,1.50,2.25
2012.01.05 15:05:37.362,0.95266,0.95278,2.25,2.63
2012.01.05 15:05:38.031,0.95265,0.95278,1.74,2.63
2012.01.05 15:05:38.144,0.95263,0.95275,1.50,3.00
2012.01.05 15:05:38.505,0.95261,0.95268,1.50,1.13
2012.01.05 15:05:38.588,0.95258,0.95265,1.50,2.25
2012.01.05 15:05:38.667,0.95255,0.95262,3.00,2.25
2012.01.05 15:05:38.747,0.95255,0.95264,3.00,2.63
2012.01.05 15:05:38.825,0.95255,0.95264,1.50,2.25
2012.01.05 15:05:39.466,0.95255,0.95264,1.50,2.25
2012.01.05 15:05:39.553,0.95252,0.95266,1.13,4.03
2012.01.05 15:05:40.033,0.95256,0.95267,1.36,3.00
2012.01.05 15:05:40.382,0.95259,0.95268,1.50,2.25
2012.01.05 15:05:40.463,0.9526,0.95271,1.13,1.41
2012.01.05 15:05:41.043,0.95257,0.95266,2.11,2.25
2012.01.05 15:05:41.129,0.95257,0.95271,1.74,2.91
2012.01.05 15:05:41.623,0.95259,0.9527,1.50,2.91
2012.01.05 15:05:42.191,0.95255,0.9527,3.24,2.25
2012.01.05 15:05:42.883,0.95255,0.9527,1.74,2.91
2012.01.05 15:05:43.403,0.95255,0.95275,1.74,3.66
2012.01.05 15:05:43.545,0.95258,0.95275,1.50,2.91
2012.01.05 15:05:43.766,0.95258,0.95275,2.49,2.25
2012.01.05 15:05:43.984,0.95259,0.95275,1.74,2.25
2012.01.05 15:05:44.545,0.95258,0.95275,2.49,2.25
2012.01.05 15:05:44.626,0.9526,0.95272,1.50,2.91
2012.01.05 15:05:44.780,0.95263,0.95274,1.13,2.25
2012.01.05 15:05:44.996,0.95263,0.95274,1.13,1.50
2012.01.05 15:05:45.365,0.95262,0.95281,1.13,2.63
2012.01.05 15:05:45.442,0.9527,0.95281,1.50,2.25
2012.01.05 15:05:46.169,0.95271,0.95282,1.36,2.25
2012.01.05 15:05:46.452,0.95273,0.95287,1.36,3.00
2012.01.05 15:05:46.991,0.95273,0.95284,1.88,2.25
2012.01.05 15:05:48.143,0.95273,0.95287,1.13,2.91
2012.01.05 15:05:48.670,0.95273,0.95287,1.13,3.66
2012.01.05 15:05:49.217,0.95273,0.95287,1.88,2.91
2012.01.05 15:05:49.492,0.95273,0.95287,1.13,2.25
2012.01.05 15:05:50.211,0.95273,0.95283,1.50,2.25
2012.01.05 15:05:50.315,0.95274,0.95283,1.50,2.25
2012.01.05 15:05:50.460,0.95271,0.95282,1.13,1.13
2012.01.05 15:05:50.542,0.95268,0.95281,3.00,2.41
2012.01.05 15:05:50.758,0.95261,0.95276,1.88,3.00
2012.01.05 15:05:50.837,0.95261,0.95272,1.88,2.25
2012.01.05 15:05:50.919,0.95261,0.95276,2.63,3.00
2012.01.05 15:05:51.063,0.95262,0.95275,1.13,1.41
2012.01.05 15:05:51.663,0.95261,0.9527,1.13,2.25
2012.01.05 15:05:51.884,0.95255,0.95267,3.00,4.41
2012.01.05 15:05:52.388,0.95254,0.95268,1.50,2.91
2012.01.05 15:05:53.154,0.95251,0.95268,2.63,2.91
2012.01.05 15:05:53.315,0.95252,0.95266,1.35,1.41
2012.01.05 15:05:53.463,0.95252,0.95266,1.13,2.16
2012.01.05 15:05:54.444,0.95251,0.95266,1.13,3.00
2012.01.05 15:05:55.801,0.9525,0.95266,3.75,3.00
2012.01.05 15:05:55.940,0.95254,0.95267,2.25,2.63
2012.01.05 15:05:56.293,0.95254,0.95269,3.00,1.88
2012.01.05 15:05:56.432,0.95254,0.95268,3.00,1.13
2012.01.05 15:05:56.790,0.95252,0.95263,3.00,1.03
2012.01.05 15:05:56.889,0.95245,0.95263,1.13,1.13
2012.01.05 15:05:57.430,0.95245,0.95262,1.50,1.13
2012.01.05 15:05:57.791,0.95249,0.95265,1.74,3.00
2012.01.05 15:05:58.150,0.9525,0.95267,1.50,3.38
2012.01.05 15:05:58.434,0.95249,0.95262,1.50,2.25
2012.01.05 15:05:59.044,0.95247,0.95259,2.25,1.13
2012.01.05 15:05:59.121,0.95244,0.95259,1.13,1.13
2012.01.05 15:05:59.197,0.95243,0.9526,4.13,3.75
2012.01.05 15:05:59.739,0.95244,0.9526,2.63,3.75
2012.01.05 15:06:00.664,0.95242,0.9526,1.80,3.00
2012.01.05 15:06:01.033,0.9524,0.9526,1.05,4.88
2012.01.05 15:06:01.249,0.9524,0.95258,1.05,1.13
2012.01.05 15:06:01.815,0.95237,0.95253,2.25,3.00
2012.01.05 15:06:02.389,0.95237,0.95244,2.25,1.50
2012.01.05 15:06:02.537,0.95233,0.95244,1.13,1.50
2012.01.05 15:06:02.620,0.95234,0.9525,2.25,1.50
2012.01.05 15:06:02.763,0.95235,0.95251,1.50,1.50
2012.01.05 15:06:03.399,0.95236,0.95252,1.50,1.50
2012.01.05 15:06:03.957,0.95238,0.95256,1.50,1.13
2012.01.05 15:06:04.176,0.95236,0.95255,3.61,1.50
2012.01.05 15:06:04.396,0.95243,0.95255,1.13,1.50
2012.01.05 15:06:04.552,0.95244,0.95255,1.13,1.50
2012.01.05 15:06:05.102,0.95245,0.95255,1.13,1.50
2012.01.05 15:06:06.221,0.95244,0.95256,3.00,1.50
2012.01.05 15:06:06.771,0.95244,0.95257,1.13,1.50
2012.01.05 15:06:07.183,0.95244,0.95255,1.88,1.50
2012.01.05 15:06:07.719,0.95236,0.95251,1.50,3.75
2012.01.05 15:06:07.800,0.95235,0.95251,1.88,3.75
2012.01.05 15:06:08.352,0.95236,0.95251,3.75,3.75
2012.01.05 15:06:08.497,0.95234,0.95249,3.00,1.50
2012.01.05 15:06:08.789,0.95232,0.9525,3.00,3.75
2012.01.05 15:06:09.358,0.95235,0.95251,3.75,3.00
2012.01.05 15:06:09.656,0.95238,0.95251,3.24,1.50
2012.01.05 15:06:09.808,0.95236,0.95251,2.49,1.50
2012.01.05 15:06:09.956,0.95235,0.95251,3.38,1.50
2012.01.05 15:06:10.103,0.95236,0.95252,3.00,2.25
2012.01.05 15:06:10.702,0.95237,0.95253,3.00,2.25
2012.01.05 15:06:11.124,0.95236,0.95253,1.35,1.50
2012.01.05 15:06:11.681,0.95237,0.95253,1.50,1.50
2012.01.05 15:06:11.962,0.95237,0.95248,1.50,1.50
2012.01.05 15:06:12.617,0.95236,0.95251,2.85,1.50
2012.01.05 15:06:12.699,0.95236,0.95254,2.85,1.50
2012.01.05 15:06:13.245,0.95236,0.95254,2.85,1.50
2012.01.05 15:06:13.325,0.95236,0.95254,2.85,1.50
2012.01.05 15:06:14.246,0.95236,0.95254,2.85,1.50
2012.01.05 15:06:14.606,0.95235,0.95251,1.50,1.50
2012.01.05 15:06:15.080,0.95232,0.95245,3.00,2.25
2012.01.05 15:06:15.162,0.95228,0.95244,3.75,1.50
2012.01.05 15:06:15.856,0.95226,0.95242,3.00,3.00
2012.01.05 15:06:16.007,0.95228,0.95242,1.13,3.75
2012.01.05 15:06:16.579,0.95225,0.95239,2.25,3.00
2012.01.05 15:06:17.072,0.95225,0.95239,1.50,3.00
2012.01.05 15:06:17.544,0.95225,0.95236,1.50,3.00
2012.01.05 15:06:17.613,0.95223,0.95236,1.88,3.00
2012.01.05 15:06:17.891,0.9522,0.95237,3.75,3.00
2012.01.05 15:06:18.095,0.9522,0.95235,4.50,1.50
2012.01.05 15:06:18.495,0.9522,0.95236,4.50,1.96
2012.01.05 15:06:18.583,0.95225,0.95237,1.50,1.50
2012.01.05 15:06:19.049,0.95223,0.95237,3.75,1.50
2012.01.05 15:06:19.119,0.95223,0.95237,3.00,1.50
2012.01.05 15:06:19.534,0.95218,0.95235,4.50,5.25
2012.01.05 15:06:19.605,0.95218,0.95231,3.75,1.50
2012.01.05 15:06:19.684,0.95218,0.95231,3.00,1.50
2012.01.05 15:06:19.971,0.9522,0.95234,2.25,2.25
2012.01.05 15:06:20.299,0.9522,0.95235,3.00,3.00
2012.01.05 15:06:20.863,0.9522,0.95235,2.25,3.00
2012.01.05 15:06:21.704,0.9522,0.95235,2.25,3.00
2012.01.05 15:06:21.858,0.95217,0.95236,3.23,3.00
2012.01.05 15:06:21.939,0.95222,0.95237,2.25,4.50
2012.01.05 15:06:22.155,0.95222,0.95239,2.25,4.50
2012.01.05 15:06:22.934,0.95222,0.95238,2.25,1.80
2012.01.05 15:06:23.295,0.95222,0.95238,2.25,1.05
2012.01.05 15:06:23.505,0.9522,0.95237,2.85,3.00
2012.01.05 15:06:27.044,0.95221,0.95235,1.50,1.50
2012.01.05 15:06:27.578,0.95219,0.95231,1.13,3.00
2012.01.05 15:06:27.656,0.95217,0.9523,1.13,3.00
2012.01.05 15:06:27.739,0.95212,0.9523,2.11,3.98
2012.01.05 15:06:27.817,0.95212,0.9523,1.88,6.38
2012.01.05 15:06:27.967,0.95211,0.95228,1.50,2.77
2012.01.05 15:06:28.045,0.9521,0.95227,3.00,1.50
2012.01.05 15:06:28.857,0.95212,0.95227,2.25,3.00
2012.01.05 15:06:29.431,0.95212,0.95227,2.25,3.00
2012.01.05 15:06:29.577,0.95212,0.95227,2.63,3.52
2012.01.05 15:06:29.869,0.95208,0.95225,1.50,1.27
2012.01.05 15:06:29.948,0.95209,0.95225,1.50,1.27
2012.01.05 15:06:30.425,0.95215,0.95226,1.50,1.27
2012.01.05 15:06:30.644,0.95214,0.95226,3.00,1.50
2012.01.05 15:06:31.167,0.95216,0.95223,1.50,2.25
2012.01.05 15:06:31.318,0.95207,0.95223,2.63,2.25
2012.01.05 15:06:31.674,0.95208,0.95223,1.50,2.25
2012.01.05 15:06:32.124,0.95217,0.95223,1.50,1.50
2012.01.05 15:06:32.602,0.95217,0.95223,1.50,1.50
2012.01.05 15:06:33.151,0.95217,0.95225,1.50,1.50
2012.01.05 15:06:33.293,0.95217,0.95228,1.50,3.15
2012.01.05 15:06:33.420,0.95217,0.95227,1.50,1.13
2012.01.05 15:06:34.091,0.95216,0.95227,1.50,1.13
2012.01.05 15:06:34.599,0.95216,0.95229,1.50,1.88
2012.01.05 15:06:35.161,0.95207,0.95226,2.63,2.77
2012.01.05 15:06:35.512,0.95205,0.9522,1.88,1.27
2012.01.05 15:06:36.174,0.95207,0.95221,2.25,2.77
2012.01.05 15:06:36.263,0.95207,0.95221,3.00,1.50
2012.01.05 15:06:36.791,0.95207,0.95222,3.00,1.50
2012.01.05 15:06:37.063,0.95207,0.95221,2.63,1.27
2012.01.05 15:06:37.274,0.95215,0.95227,1.50,3.75
2012.01.05 15:06:37.819,0.95218,0.95227,1.13,3.00
2012.01.05 15:06:38.404,0.95221,0.9523,2.25,2.25
2012.01.05 15:06:38.963,0.95221,0.9523,2.25,2.25
2012.01.05 15:06:39.102,0.95221,0.9523,1.50,2.25
2012.01.05 15:06:39.242,0.95221,0.95231,1.50,2.25
2012.01.05 15:06:40.065,0.95222,0.95231,1.50,2.25
2012.01.05 15:06:40.427,0.95226,0.95234,1.13,2.25
2012.01.05 15:06:40.790,0.95231,0.9524,1.50,1.13
2012.01.05 15:06:40.939,0.95234,0.95243,1.13,1.50
2012.01.05 15:06:41.225,0.95241,0.95248,1.50,1.50
2012.01.05 15:06:41.789,0.95227,0.95239,1.50,3.00
2012.01.05 15:06:41.878,0.95227,0.95239,1.50,3.00
2012.01.05 15:06:41.957,0.95226,0.95239,1.50,4.50
2012.01.05 15:06:42.035,0.95224,0.95237,1.50,3.00
2012.01.05 15:06:42.324,0.9522,0.95237,3.00,3.00
2012.01.05 15:06:42.477,0.9522,0.95239,3.60,3.00
2012.01.05 15:06:43.234,0.95223,0.95239,3.75,3.00
2012.01.05 15:06:43.335,0.95226,0.95243,3.75,2.25
2012.01.05 15:06:43.481,0.95228,0.95244,1.50,2.25
2012.01.05 15:06:43.823,0.95233,0.95244,1.50,1.50
2012.01.05 15:06:44.573,0.95234,0.95244,1.50,1.50
2012.01.05 15:06:44.835,0.95226,0.95244,2.25,2.25
2012.01.05 15:06:44.977,0.95226,0.95244,3.38,2.25
2012.01.05 15:06:45.601,0.95225,0.95241,2.25,3.00
2012.01.05 15:06:45.812,0.95227,0.95241,1.13,3.00
2012.01.05 15:06:46.149,0.95227,0.95241,1.13,3.00
2012.01.05 15:06:47.340,0.95225,0.95241,1.13,2.25
2012.01.05 15:06:48.122,0.95227,0.95241,1.13,2.25
2012.01.05 15:06:48.700,0.95228,0.95241,1.13,2.25
2012.01.05 15:06:49.031,0.95227,0.95241,1.13,2.25
2012.01.05 15:06:49.243,0.95228,0.95241,1.13,3.00
2012.01.05 15:06:49.758,0.95228,0.95241,1.13,3.00
2012.01.05 15:06:50.452,0.95228,0.95242,1.13,3.00
2012.01.05 15:06:50.870,0.95227,0.95242,1.36,3.00
2012.01.05 15:06:51.236,0.95234,0.95244,1.13,2.25
2012.01.05 15:06:51.594,0.95228,0.95241,1.13,2.25
2012.01.05 15:06:52.242,0.95228,0.95243,3.38,2.25
2012.01.05 15:06:52.454,0.95233,0.95243,1.13,2.25
2012.01.05 15:06:52.676,0.95234,0.95249,1.88,1.50
2012.01.05 15:06:52.756,0.95236,0.9525,1.88,3.38
2012.01.05 15:06:53.039,0.95239,0.9525,1.50,3.00
2012.01.05 15:06:53.251,0.95236,0.9525,1.13,3.00
2012.01.05 15:06:53.809,0.95235,0.9525,1.88,2.25
2012.01.05 15:06:54.287,0.95233,0.95248,3.00,1.50
2012.01.05 15:06:54.376,0.95228,0.95245,2.25,1.13
2012.01.05 15:06:54.730,0.95227,0.95245,3.00,1.13
2012.01.05 15:06:55.013,0.95226,0.95246,1.88,5.41
2012.01.05 15:06:55.085,0.95228,0.95244,3.00,1.13
2012.01.05 15:06:55.443,0.95233,0.95246,1.50,6.00
2012.01.05 15:06:55.511,0.95233,0.95246,1.50,6.00
2012.01.05 15:06:56.300,0.95233,0.95245,1.50,3.00
2012.01.05 15:06:56.861,0.95234,0.95245,1.50,2.25
2012.01.05 15:06:57.510,0.95234,0.95245,1.50,2.25
2012.01.05 15:06:57.581,0.95234,0.95245,1.50,2.25
2012.01.05 15:06:57.972,0.9523,0.95245,1.50,3.00
2012.01.05 15:06:58.101,0.95226,0.95243,1.13,2.25
2012.01.05 15:06:58.790,0.95225,0.95243,1.13,2.25
2012.01.05 15:06:58.929,0.95225,0.95243,1.13,2.25
2012.01.05 15:06:59.189,0.95226,0.95243,1.13,2.25
2012.01.05 15:07:00.459,0.95226,0.95244,1.13,2.25
2012.01.05 15:07:00.647,0.95226,0.95244,1.13,2.25
2012.01.05 15:07:01.413,0.95228,0.95243,1.13,2.25
2012.01.05 15:07:01.812,0.95229,0.95245,1.50,2.25
2012.01.05 15:07:02.457,0.95235,0.95245,1.50,1.50
2012.01.05 15:07:02.681,0.95236,0.95245,1.50,1.13
2012.01.05 15:07:02.821,0.95234,0.95246,1.50,4.50
2012.01.05 15:07:02.891,0.95234,0.95246,1.50,3.00
2012.01.05 15:07:03.530,0.95235,0.95246,1.50,3.38
2012.01.05 15:07:04.732,0.95234,0.95246,1.50,3.38
2012.01.05 15:07:05.673,0.95234,0.95245,1.50,1.88
2012.01.05 15:07:05.943,0.95234,0.95245,1.50,1.13
2012.01.05 15:07:06.083,0.95234,0.95245,1.50,1.13
2012.01.05 15:07:06.509,0.95235,0.95247,1.50,3.38
2012.01.05 15:07:06.656,0.95237,0.9525,1.13,2.63
2012.01.05 15:07:06.802,0.95242,0.9525,1.50,1.88
2012.01.05 15:07:06.874,0.95242,0.9525,1.50,2.63
2012.01.05 15:07:07.490,0.95243,0.95252,1.50,1.50
2012.01.05 15:07:07.993,0.95245,0.95251,1.50,2.25
2012.01.05 15:07:08.729,0.95243,0.95251,1.50,2.25
2012.01.05 15:07:09.348,0.95237,0.95249,1.50,3.00
2012.01.05 15:07:09.634,0.95239,0.95251,1.50,3.00
2012.01.05 15:07:09.990,0.9524,0.95251,1.50,2.63
2012.01.05 15:07:10.573,0.9524,0.95251,2.25,4.28
2012.01.05 15:07:11.340,0.95241,0.95251,1.50,3.38
2012.01.05 15:07:11.691,0.95239,0.95249,2.25,2.25
2012.01.05 15:07:13.821,0.95239,0.95249,1.50,3.00
2012.01.05 15:07:14.180,0.95238,0.95247,1.50,1.13
2012.01.05 15:07:14.328,0.95231,0.95246,3.00,1.13
2012.01.05 15:07:14.408,0.95231,0.95246,3.00,1.13
2012.01.05 15:07:14.491,0.95231,0.95244,2.25,1.13
2012.01.05 15:07:14.636,0.95226,0.95244,1.50,1.13
2012.01.05 15:07:14.716,0.95224,0.95242,1.13,1.13
2012.01.05 15:07:15.246,0.95224,0.95244,1.13,3.38
2012.01.05 15:07:15.464,0.95224,0.95244,1.13,1.13
2012.01.05 15:07:16.359,0.95225,0.95245,1.88,3.38
2012.01.05 15:07:17.041,0.95225,0.95244,1.13,1.13
2012.01.05 15:07:18.260,0.95225,0.95244,1.88,1.13
2012.01.05 15:07:18.889,0.95226,0.95244,1.13,1.88
2012.01.05 15:07:19.108,0.95227,0.95245,1.13,1.88
2012.01.05 15:07:19.810,0.95224,0.95238,1.50,3.38
2012.01.05 15:07:19.904,0.95225,0.95235,1.50,1.13
2012.01.05 15:07:20.113,0.95218,0.95235,3.60,2.25
2012.01.05 15:07:20.260,0.95218,0.95235,3.60,1.50
2012.01.05 15:07:20.615,0.95218,0.95235,1.13,1.50
2012.01.05 15:07:20.970,0.95218,0.95235,1.13,1.88
2012.01.05 15:07:21.477,0.95218,0.95235,1.13,2.63
2012.01.05 15:07:21.697,0.95218,0.95234,1.35,1.50
2012.01.05 15:07:22.723,0.95218,0.95234,1.35,1.50
2012.01.05 15:07:23.224,0.95218,0.95234,1.13,3.00
2012.01.05 15:07:24.504,0.95218,0.95235,1.36,1.13
2012.01.05 15:07:24.786,0.95219,0.95237,1.36,3.00
2012.01.05 15:07:24.933,0.95224,0.95235,1.50,3.38
2012.01.05 15:07:25.288,0.95223,0.95234,1.50,1.13
2012.01.05 15:07:26.082,0.95224,0.95234,1.50,1.13
2012.01.05 15:07:26.160,0.95218,0.95234,1.35,1.13
2012.01.05 15:07:26.445,0.95219,0.95234,1.36,1.13
2012.01.05 15:07:26.812,0.95231,0.95241,1.50,3.38
2012.01.05 15:07:27.810,0.9523,0.9524,1.50,1.13
2012.01.05 15:07:28.101,0.95232,0.9524,1.50,1.13
2012.01.05 15:07:28.628,0.95232,0.95241,1.50,1.13
2012.01.05 15:07:29.152,0.95232,0.95241,1.50,1.88
2012.01.05 15:07:29.689,0.95232,0.95241,1.50,1.13
2012.01.05 15:07:30.471,0.95233,0.95241,1.50,1.50
2012.01.05 15:07:30.837,0.95228,0.95239,1.50,1.50
2012.01.05 15:07:30.987,0.95224,0.95237,2.25,3.00
2012.01.05 15:07:31.556,0.95228,0.95237,1.50,3.38
2012.01.05 15:07:32.208,0.95216,0.95232,1.13,2.63
2012.01.05 15:07:32.292,0.95217,0.95232,1.50,3.38
2012.01.05 15:07:32.856,0.95216,0.95231,1.50,2.25
2012.01.05 15:07:33.654,0.95214,0.95231,1.88,2.25
2012.01.05 15:07:33.993,0.95213,0.95231,1.13,2.25
2012.01.05 15:07:34.068,0.95214,0.9523,1.13,2.25
2012.01.05 15:07:34.148,0.95211,0.95227,1.88,1.13
2012.01.05 15:07:34.505,0.9521,0.95226,1.50,2.25
2012.01.05 15:07:34.862,0.95209,0.95226,1.50,2.63
2012.01.05 15:07:34.932,0.95207,0.95226,1.35,2.63
2012.01.05 15:07:35.404,0.95207,0.95226,1.35,1.88
2012.01.05 15:07:35.513,0.95213,0.95226,1.50,2.25
2012.01.05 15:07:35.582,0.95213,0.95226,1.50,2.25
2012.01.05 15:07:35.939,0.95213,0.95227,1.50,3.00
2012.01.05 15:07:36.286,0.95214,0.95227,1.50,3.00
2012.01.05 15:07:36.644,0.95215,0.95228,1.50,2.25
2012.01.05 15:07:36.925,0.95215,0.95228,1.50,2.25
2012.01.05 15:07:37.430,0.95216,0.95228,1.50,1.13
2012.01.05 15:07:37.643,0.95219,0.95229,1.13,2.25
2012.01.05 15:07:37.790,0.9522,0.95233,1.50,1.50
2012.01.05 15:07:37.938,0.9522,0.95234,1.50,4.88
2012.01.05 15:07:38.433,0.95224,0.95234,1.50,1.13
2012.01.05 15:07:38.761,0.95224,0.95232,1.50,1.13
2012.01.05 15:07:39.334,0.95224,0.95233,1.50,1.13
2012.01.05 15:07:39.425,0.95219,0.95232,1.50,1.88
2012.01.05 15:07:39.512,0.95219,0.95232,1.50,2.63
2012.01.05 15:07:39.714,0.95218,0.95229,1.50,3.00
2012.01.05 15:07:40.340,0.95218,0.95231,1.50,1.13
2012.01.05 15:07:41.001,0.95219,0.95231,1.50,1.13
2012.01.05 15:07:41.089,0.95224,0.95234,1.50,1.13
2012.01.05 15:07:41.306,0.95224,0.95234,1.50,1.13
2012.01.05 15:07:41.521,0.95224,0.95236,1.50,2.25
2012.01.05 15:07:41.802,0.95225,0.95236,1.50,1.50
2012.01.05 15:07:42.150,0.95226,0.95237,1.50,2.25
2012.01.05 15:07:42.960,0.95225,0.95237,1.50,2.25
2012.01.05 15:07:43.043,0.95225,0.95236,1.50,1.50
2012.01.05 15:07:43.989,0.95225,0.95237,1.50,2.63
2012.01.05 15:07:44.804,0.95227,0.95242,1.13,1.13
2012.01.05 15:07:45.103,0.95232,0.95238,1.50,1.28
2012.01.05 15:07:45.336,0.9522,0.95233,2.25,1.50
2012.01.05 15:07:45.413,0.95218,0.95232,2.25,1.13
2012.01.05 15:07:45.610,0.95216,0.95232,1.13,1.13
2012.01.05 15:07:45.962,0.95217,0.95232,1.13,1.88
2012.01.05 15:07:46.380,0.95217,0.95232,1.88,2.63
2012.01.05 15:07:46.465,0.95217,0.95233,1.13,1.88
2012.01.05 15:07:46.965,0.95216,0.95233,1.13,3.38
2012.01.05 15:07:47.045,0.95216,0.95233,1.13,3.38
2012.01.05 15:07:47.193,0.95217,0.95233,3.38,3.38
2012.01.05 15:07:48.342,0.95218,0.95233,1.13,1.50
2012.01.05 15:07:48.692,0.95219,0.95235,2.25,1.88
2012.01.05 15:07:49.044,0.95226,0.95237,1.35,1.13
2012.01.05 15:07:49.407,0.95229,0.95239,1.50,2.25
2012.01.05 15:07:49.791,0.95229,0.95243,1.50,1.88
2012.01.05 15:07:49.879,0.9523,0.95245,1.50,6.60
2012.01.05 15:07:50.436,0.95232,0.95245,1.50,5.85
2012.01.05 15:07:50.589,0.9523,0.95243,1.50,1.13
2012.01.05 15:07:50.808,0.95233,0.95244,1.50,3.38
2012.01.05 15:07:51.374,0.95233,0.95244,1.50,3.38
2012.01.05 15:07:51.457,0.95235,0.95247,3.38,1.50
2012.01.05 15:07:51.608,0.95238,0.95252,3.00,1.50
2012.01.05 15:07:51.899,0.95245,0.95256,1.50,2.25
2012.01.05 15:07:52.256,0.95243,0.95256,2.25,1.88
2012.01.05 15:07:52.951,0.95245,0.95256,1.50,1.88
2012.01.05 15:07:53.225,0.95246,0.95257,1.50,1.13
2012.01.05 15:07:53.854,0.95245,0.95257,1.50,1.28
2012.01.05 15:07:54.653,0.95242,0.95255,1.88,3.75
2012.01.05 15:07:54.734,0.95241,0.95255,2.63,3.00
2012.01.05 15:07:55.282,0.95242,0.95255,1.88,3.75
2012.01.05 15:07:55.849,0.95239,0.95254,1.50,1.88
2012.01.05 15:07:56.321,0.95238,0.95252,1.50,1.88
2012.01.05 15:07:56.406,0.95232,0.95249,1.13,1.88
2012.01.05 15:07:56.489,0.95233,0.9525,1.13,3.38
2012.01.05 15:07:56.632,0.95235,0.95251,1.13,1.50
2012.01.05 15:07:56.775,0.95236,0.95253,1.50,2.25
2012.01.05 15:07:56.925,0.95236,0.95254,1.50,3.38
2012.01.05 15:07:57.281,0.95235,0.95253,2.63,1.13
2012.01.05 15:07:57.930,0.95235,0.95251,2.86,3.38
2012.01.05 15:07:59.152,0.95235,0.95251,2.86,2.63
2012.01.05 15:07:59.369,0.95238,0.95253,3.00,3.38
2012.01.05 15:07:59.447,0.95235,0.95251,3.61,2.25
2012.01.05 15:07:59.955,0.95242,0.95251,1.50,2.25
2012.01.05 15:08:00.234,0.95242,0.95251,1.50,2.25
2012.01.05 15:08:00.516,0.95242,0.95254,1.50,3.38
2012.01.05 15:08:00.872,0.95243,0.95254,1.50,2.25
2012.01.05 15:08:01.226,0.95242,0.95251,1.13,2.25
2012.01.05 15:08:01.302,0.95243,0.95251,1.50,2.25
2012.01.05 15:08:01.958,0.95243,0.95251,1.50,2.25
2012.01.05 15:08:02.105,0.95243,0.95251,1.50,2.25
2012.01.05 15:08:02.606,0.95243,0.95251,1.50,2.25
2012.01.05 15:08:02.688,0.95243,0.95253,1.50,2.25
2012.01.05 15:08:03.623,0.95243,0.95253,1.13,2.25
2012.01.05 15:08:04.052,0.95243,0.95257,1.13,3.91
2012.01.05 15:08:04.406,0.95249,0.95261,1.50,3.23
2012.01.05 15:08:04.491,0.9525,0.95261,1.50,4.13
2012.01.05 15:08:05.111,0.9525,0.95261,1.50,4.13
2012.01.05 15:08:05.662,0.9525,0.95261,1.50,3.23
2012.01.05 15:08:06.226,0.9525,0.95261,1.50,2.25
2012.01.05 15:08:06.308,0.95252,0.95261,1.50,2.25
2012.01.05 15:08:06.456,0.95253,0.95265,1.50,1.50
2012.01.05 15:08:06.883,0.95252,0.95263,1.50,2.25
2012.01.05 15:08:06.968,0.95252,0.95263,2.25,2.63
2012.01.05 15:08:08.809,0.95252,0.95263,1.50,2.63
2012.01.05 15:08:09.463,0.95253,0.95263,1.50,2.25
2012.01.05 15:08:09.731,0.95252,0.95263,1.50,2.25
2012.01.05 15:08:10.249,0.95252,0.95263,1.50,2.25
2012.01.05 15:08:10.864,0.95252,0.95263,1.50,2.63
2012.01.05 15:08:11.363,0.95252,0.95262,1.50,2.25
2012.01.05 15:08:12.012,0.95253,0.95262,1.50,2.25
2012.01.05 15:08:12.765,0.95252,0.95262,1.50,2.25
2012.01.05 15:08:12.851,0.95244,0.95259,2.49,1.50
2012.01.05 15:08:13.069,0.95245,0.95258,1.50,1.50
2012.01.05 15:08:13.148,0.95244,0.95256,1.50,1.50
2012.01.05 15:08:13.298,0.95242,0.95254,3.00,2.25
2012.01.05 15:08:13.455,0.95243,0.95256,1.13,5.63
2012.01.05 15:08:13.678,0.95245,0.95258,3.00,2.41
2012.01.05 15:08:14.268,0.95244,0.95258,1.50,3.00
2012.01.05 15:08:14.353,0.95251,0.9526,1.50,2.63
2012.01.05 15:08:17.020,0.95251,0.9526,1.50,3.38
2012.01.05 15:08:17.461,0.9525,0.9526,2.25,2.63
2012.01.05 15:08:17.924,0.95251,0.9526,1.50,3.38
2012.01.05 15:08:19.248,0.95249,0.95259,2.25,2.63
2012.01.05 15:08:19.334,0.95249,0.95259,1.50,2.63
2012.01.05 15:08:19.486,0.95241,0.95255,1.50,1.13
2012.01.05 15:08:20.055,0.95241,0.95254,1.50,1.88
2012.01.05 15:08:20.275,0.95235,0.95253,3.38,1.13
2012.01.05 15:08:20.734,0.95242,0.95254,2.25,1.13
2012.01.05 15:08:21.096,0.95237,0.95253,1.50,1.13
2012.01.05 15:08:21.384,0.95234,0.9525,3.75,3.00
2012.01.05 15:08:21.598,0.95233,0.95245,3.75,1.13
2012.01.05 15:08:21.953,0.95227,0.95243,2.25,1.13
2012.01.05 15:08:22.530,0.95225,0.95244,3.38,1.13
2012.01.05 15:08:22.729,0.95225,0.95244,3.38,1.13
2012.01.05 15:08:22.800,0.95226,0.95244,1.36,1.13
2012.01.05 15:08:22.871,0.95225,0.95244,3.61,1.13
2012.01.05 15:08:23.013,0.95225,0.95243,3.38,1.88
2012.01.05 15:08:23.230,0.95224,0.95242,1.88,1.65
2012.01.05 15:08:23.518,0.95224,0.95242,1.13,3.15
2012.01.05 15:08:24.114,0.95224,0.95241,1.50,1.13
2012.01.05 15:08:24.264,0.95224,0.95243,1.13,3.75
2012.01.05 15:08:24.820,0.95224,0.95241,1.50,2.25
2012.01.05 15:08:25.376,0.95224,0.95241,2.49,2.25
2012.01.05 15:08:26.014,0.95228,0.95243,1.21,1.50
2012.01.05 15:08:26.097,0.95232,0.95245,2.25,1.50
2012.01.05 15:08:26.179,0.95235,0.95248,1.13,3.38
2012.01.05 15:08:26.735,0.95235,0.95249,1.06,3.00
2012.01.05 15:08:27.302,0.95234,0.95249,1.13,3.45
2012.01.05 15:08:27.831,0.95235,0.95249,1.13,3.45
2012.01.05 15:08:28.360,0.95235,0.95248,1.13,1.20
2012.01.05 15:08:28.431,0.95235,0.95248,1.13,1.20
2012.01.05 15:08:28.958,0.95234,0.95251,1.13,2.70
2012.01.05 15:08:29.042,0.95234,0.9525,1.13,2.25
2012.01.05 15:08:29.400,0.95231,0.95245,1.88,1.20
2012.01.05 15:08:29.474,0.95227,0.95245,1.13,1.20
2012.01.05 15:08:29.949,0.95227,0.95245,1.13,1.20
2012.01.05 15:08:30.466,0.95226,0.95245,1.13,1.20
2012.01.05 15:08:30.830,0.95224,0.9524,1.88,1.13
2012.01.05 15:08:31.190,0.95221,0.95239,1.13,1.95
2012.01.05 15:08:31.678,0.95218,0.95237,1.13,2.25
2012.01.05 15:08:32.211,0.95221,0.95237,1.50,2.25
2012.01.05 15:08:32.480,0.95221,0.95238,1.50,2.25
2012.01.05 15:08:33.020,0.9522,0.95238,1.88,2.25
2012.01.05 15:08:33.365,0.95217,0.95237,1.50,2.25
2012.01.05 15:08:33.853,0.9522,0.95234,1.50,2.25
2012.01.05 15:08:34.062,0.9522,0.95234,1.50,2.25
2012.01.05 15:08:34.204,0.9522,0.95234,1.50,2.25
2012.01.05 15:08:34.745,0.9522,0.95234,1.50,1.20
2012.01.05 15:08:35.052,0.95217,0.9523,1.50,1.20
2012.01.05 15:08:35.592,0.95213,0.95229,1.88,1.50
2012.01.05 15:08:35.960,0.95207,0.95222,2.48,1.20
2012.01.05 15:08:36.107,0.95206,0.95223,1.57,2.77
2012.01.05 15:08:36.669,0.95206,0.95223,1.05,1.27
2012.01.05 15:08:37.186,0.95206,0.95223,2.63,1.50
2012.01.05 15:08:37.274,0.95215,0.95226,1.50,2.77
2012.01.05 15:08:37.698,0.95214,0.95226,1.50,3.75
2012.01.05 15:08:37.848,0.95213,0.95225,1.50,2.25
2012.01.05 15:08:38.054,0.95204,0.95223,2.99,1.50
2012.01.05 15:08:38.199,0.95205,0.95223,1.95,1.50
2012.01.05 15:08:38.343,0.95206,0.95223,1.80,1.20
2012.01.05 15:08:39.055,0.95207,0.95223,1.44,1.20
2012.01.05 15:08:39.148,0.95204,0.95222,3.38,1.20
2012.01.05 15:08:39.293,0.95204,0.95222,3.38,1.20
2012.01.05 15:08:39.651,0.95211,0.95222,1.50,2.25
2012.01.05 15:08:39.722,0.9521,0.95222,1.50,2.25
2012.01.05 15:08:39.862,0.95208,0.95221,1.50,1.20
2012.01.05 15:08:40.001,0.95205,0.95221,1.13,1.20
2012.01.05 15:08:40.741,0.95203,0.95219,1.13,1.20
2012.01.05 15:08:40.828,0.95201,0.95218,1.50,1.20
2012.01.05 15:08:40.973,0.95198,0.95218,2.63,1.20
2012.01.05 15:08:41.042,0.95198,0.95219,1.88,3.00
2012.01.05 15:08:41.110,0.95198,0.95218,2.63,1.50
2012.01.05 15:08:41.641,0.95199,0.95218,1.50,1.50
2012.01.05 15:08:42.190,0.952,0.95218,1.50,1.50
2012.01.05 15:08:42.535,0.952,0.95219,1.50,3.00
2012.01.05 15:08:43.064,0.952,0.9522,1.88,4.20
2012.01.05 15:08:43.204,0.95201,0.9522,1.13,3.45
2012.01.05 15:08:43.564,0.95205,0.95221,1.88,1.50
2012.01.05 15:08:43.640,0.95207,0.9522,1.50,1.50
2012.01.05 15:08:44.061,0.95211,0.95222,1.50,3.75
2012.01.05 15:08:44.719,0.95211,0.95221,1.50,1.50
2012.01.05 15:08:45.670,0.95211,0.95221,1.50,3.75
2012.01.05 15:08:46.028,0.95209,0.95221,1.50,4.50
2012.01.05 15:08:46.102,0.95204,0.95219,1.13,3.00
2012.01.05 15:08:46.667,0.95197,0.95217,4.13,3.75
2012.01.05 15:08:47.219,0.95199,0.95217,1.50,1.50
2012.01.05 15:08:47.891,0.95197,0.95218,4.13,3.75
2012.01.05 15:08:48.033,0.95197,0.95218,3.61,3.75
2012.01.05 15:08:48.371,0.952,0.95217,1.36,1.50
2012.01.05 15:08:48.875,0.95205,0.95217,1.50,1.50
2012.01.05 15:08:48.950,0.95208,0.95219,1.50,3.75
2012.01.05 15:08:49.462,0.95208,0.95219,1.50,3.75
2012.01.05 15:08:49.602,0.95206,0.95219,1.50,3.75
2012.01.05 15:08:49.732,0.95207,0.95218,1.50,1.20
2012.01.05 15:08:50.582,0.95207,0.95219,1.50,4.20
2012.01.05 15:08:51.295,0.95207,0.95219,1.50,3.45
2012.01.05 15:08:51.397,0.95197,0.95205,1.50,1.13
2012.01.05 15:08:51.835,0.95195,0.95205,3.00,2.77
2012.01.05 15:08:51.976,0.95182,0.95202,4.36,1.27
2012.01.05 15:08:52.678,0.95185,0.95202,2.25,1.27
2012.01.05 15:08:53.187,0.95183,0.95198,3.38,1.27
2012.01.05 15:08:53.547,0.95178,0.95195,1.58,2.25
2012.01.05 15:08:53.630,0.95177,0.95195,3.23,2.25
2012.01.05 15:08:54.415,0.95177,0.95191,2.63,1.27
2012.01.05 15:08:54.975,0.95177,0.95191,1.88,1.27
2012.01.05 15:08:55.054,0.95177,0.95193,1.88,1.50
2012.01.05 15:08:55.462,0.95178,0.95193,1.50,1.50
2012.01.05 15:08:56.081,0.95178,0.95192,1.13,1.27
2012.01.05 15:08:56.629,0.95177,0.95192,1.13,1.27
2012.01.05 15:08:56.890,0.95178,0.95195,1.13,3.52
2012.01.05 15:08:57.179,0.95172,0.95191,4.13,1.88
2012.01.05 15:08:57.255,0.95171,0.95188,3.60,1.27
2012.01.05 15:08:57.337,0.95169,0.95183,2.48,1.27
2012.01.05 15:08:58.003,0.95168,0.95173,2.25,1.13
2012.01.05 15:08:58.163,0.9516,0.95171,1.50,2.63
2012.01.05 15:08:58.246,0.9516,0.95168,1.50,2.25
2012.01.05 15:08:58.609,0.95149,0.95163,2.25,1.27
2012.01.05 15:08:59.204,0.95147,0.95164,1.50,1.27
2012.01.05 15:08:59.457,0.95144,0.95158,3.60,1.27
2012.01.05 15:09:00.028,0.95145,0.95158,1.13,1.27
2012.01.05 15:09:00.591,0.95148,0.9516,1.50,1.27
2012.01.05 15:09:00.678,0.95149,0.95161,1.13,1.50
2012.01.05 15:09:00.971,0.9515,0.95162,1.13,1.50
2012.01.05 15:09:01.185,0.95148,0.95161,2.63,1.50
2012.01.05 15:09:01.339,0.95155,0.95161,2.25,1.50
2012.01.05 15:09:02.126,0.95155,0.95166,2.25,1.50
2012.01.05 15:09:02.675,0.95153,0.95168,1.13,1.50
2012.01.05 15:09:02.967,0.95152,0.95167,3.00,1.27
2012.01.05 15:09:03.370,0.95152,0.95169,2.25,3.52
2012.01.05 15:09:04.379,0.95154,0.95171,1.50,1.50
2012.01.05 15:09:04.684,0.95166,0.95173,1.88,1.50
2012.01.05 15:09:05.086,0.95169,0.95182,2.25,1.50
2012.01.05 15:09:05.176,0.95169,0.95185,2.25,1.50
2012.01.05 15:09:05.903,0.95169,0.95188,2.25,3.00
2012.01.05 15:09:06.114,0.95169,0.95189,2.25,3.00
2012.01.05 15:09:06.460,0.95169,0.95189,2.63,3.00
2012.01.05 15:09:06.750,0.95175,0.9519,3.00,3.00
2012.01.05 15:09:07.718,0.95177,0.95192,2.25,1.50
2012.01.05 15:09:08.015,0.95175,0.95192,1.13,3.00
2012.01.05 15:09:08.310,0.95172,0.95187,2.25,3.38
2012.01.05 15:09:08.392,0.95171,0.95187,3.00,3.38
2012.01.05 15:09:08.676,0.95168,0.95187,3.00,3.52
2012.01.05 15:09:08.953,0.95169,0.95185,2.25,3.00
2012.01.05 15:09:09.363,0.95173,0.95188,2.25,5.92
2012.01.05 15:09:09.510,0.95173,0.95188,2.49,3.00
2012.01.05 15:09:09.585,0.95173,0.95188,2.86,3.00
2012.01.05 15:09:09.660,0.95173,0.95188,3.24,3.00
2012.01.05 15:09:09.811,0.95172,0.95185,1.13,2.25
2012.01.05 15:09:10.169,0.95166,0.95179,1.50,4.50
2012.01.05 15:09:10.756,0.95164,0.95179,1.50,4.27
2012.01.05 15:09:10.834,0.95161,0.95177,2.63,3.45
2012.01.05 15:09:11.182,0.95162,0.95177,1.13,3.45
2012.01.05 15:09:11.384,0.95161,0.95177,2.63,3.00
2012.01.05 15:09:12.630,0.95149,0.95165,4.50,1.27
2012.01.05 15:09:12.917,0.95149,0.9516,1.50,1.27
2012.01.05 15:09:13.282,0.95146,0.95158,3.38,1.27
2012.01.05 15:09:13.356,0.9515,0.9516,2.25,1.27
2012.01.05 15:09:13.579,0.95148,0.95159,2.25,1.27
2012.01.05 15:09:14.214,0.95148,0.95161,3.00,2.02
2012.01.05 15:09:14.293,0.95148,0.9516,3.75,1.27
2012.01.05 15:09:14.574,0.95148,0.9516,3.00,1.27
2012.01.05 15:09:14.936,0.95143,0.95159,2.48,1.50
2012.01.05 15:09:15.884,0.95144,0.95158,1.13,3.00
2012.01.05 15:09:16.162,0.95143,0.95157,1.88,3.00
2012.01.05 15:09:16.374,0.95143,0.95159,1.88,3.00
2012.01.05 15:09:16.594,0.95145,0.95161,3.38,3.00
2012.01.05 15:09:16.943,0.95145,0.9516,3.00,1.50
2012.01.05 15:09:17.415,0.95149,0.95162,1.13,3.00
2012.01.05 15:09:17.562,0.95146,0.95162,1.50,3.00
2012.01.05 15:09:17.633,0.95146,0.95162,1.50,3.00
2012.01.05 15:09:17.773,0.95145,0.95162,3.00,3.00
2012.01.05 15:09:17.844,0.95144,0.95162,3.00,3.00
2012.01.05 15:09:18.193,0.95143,0.95158,3.38,3.00
2012.01.05 15:09:18.475,0.95142,0.95158,1.50,3.00
2012.01.05 15:09:19.062,0.95141,0.95154,1.13,3.00
2012.01.05 15:09:19.272,0.95136,0.95154,4.59,3.00
2012.01.05 15:09:19.344,0.95136,0.95155,1.73,3.38
2012.01.05 15:09:19.568,0.95133,0.95152,3.30,1.27
2012.01.05 15:09:19.710,0.95134,0.95152,2.25,1.27
2012.01.05 15:09:19.996,0.95137,0.95153,2.25,2.02
2012.01.05 15:09:20.361,0.95137,0.9515,2.25,1.50
2012.01.05 15:09:20.800,0.95132,0.95147,6.60,1.27
2012.01.05 15:09:20.887,0.95132,0.95147,1.88,3.52
2012.01.05 15:09:21.248,0.9513,0.95145,3.38,3.00
2012.01.05 15:09:21.749,0.95127,0.95142,1.50,1.27
2012.01.05 15:09:22.309,0.95124,0.95141,3.00,1.27
2012.01.05 15:09:22.404,0.95126,0.95139,2.85,1.27
2012.01.05 15:09:22.932,0.95126,0.95139,2.63,1.50
2012.01.05 15:09:23.671,0.9513,0.95141,2.25,1.27
2012.01.05 15:09:24.060,0.9513,0.95142,2.25,1.50
2012.01.05 15:09:24.612,0.95126,0.95142,1.32,1.27
2012.01.05 15:09:24.965,0.9513,0.95145,2.25,3.00
2012.01.05 15:09:25.722,0.9513,0.95145,2.25,3.00
2012.01.05 15:09:26.431,0.9513,0.95144,2.25,1.27
2012.01.05 15:09:26.512,0.9513,0.95145,3.00,3.00
2012.01.05 15:09:26.650,0.9513,0.95145,3.00,3.00
2012.01.05 15:09:27.002,0.95127,0.95143,3.75,1.27
2012.01.05 15:09:27.216,0.95126,0.95138,3.75,1.50
2012.01.05 15:09:27.507,0.95124,0.95137,1.65,1.50
2012.01.05 15:09:28.203,0.95128,0.95138,2.25,1.27
2012.01.05 15:09:28.485,0.95128,0.95139,2.25,1.50
2012.01.05 15:09:29.185,0.95125,0.95135,1.13,1.50
2012.01.05 15:09:29.266,0.95123,0.95135,1.13,1.50
2012.01.05 15:09:29.342,0.95123,0.95131,1.13,1.50
2012.01.05 15:09:29.974,0.95127,0.95141,1.88,1.50
2012.01.05 15:09:30.181,0.9513,0.95143,1.13,3.00
2012.01.05 15:09:30.396,0.9513,0.95145,1.13,1.73
2012.01.05 15:09:30.828,0.95132,0.95147,1.13,1.50
2012.01.05 15:09:31.560,0.95129,0.95143,1.50,3.00
2012.01.05 15:09:31.645,0.9513,0.95143,3.00,1.27
2012.01.05 15:09:32.004,0.95127,0.95139,3.00,1.50
2012.01.05 15:09:32.975,0.95127,0.95137,3.00,1.50
2012.01.05 15:09:33.482,0.95127,0.95138,2.25,1.50
2012.01.05 15:09:33.951,0.95127,0.95138,2.25,1.50
2012.01.05 15:09:34.424,0.95126,0.95137,3.00,1.50
2012.01.05 15:09:34.925,0.95127,0.95138,3.00,1.50
2012.01.05 15:09:35.000,0.95127,0.95138,3.00,1.50
2012.01.05 15:09:35.914,0.95127,0.95137,3.00,1.50
2012.01.05 15:09:36.460,0.95126,0.95138,3.00,1.50
2012.01.05 15:09:37.389,0.95127,0.9514,1.50,1.35
2012.01.05 15:09:37.476,0.95125,0.95137,1.13,3.00
2012.01.05 15:09:37.893,0.95125,0.95141,4.13,3.00
2012.01.05 15:09:38.243,0.95125,0.9514,3.38,3.00
2012.01.05 15:09:38.790,0.95125,0.95137,1.13,3.00
2012.01.05 15:09:39.314,0.95125,0.95131,1.13,1.50
2012.01.05 15:09:39.873,0.95125,0.95139,1.13,3.75
2012.01.05 15:09:40.222,0.95124,0.95138,1.88,1.50
2012.01.05 15:09:40.290,0.95124,0.95138,1.88,1.50
2012.01.05 15:09:40.840,0.95125,0.95139,1.13,3.00
2012.01.05 15:09:41.420,0.95125,0.95139,1.13,3.00
2012.01.05 15:09:41.982,0.95125,0.95138,1.13,3.00
2012.01.05 15:09:42.055,0.95125,0.95138,1.13,3.00
2012.01.05 15:09:42.603,0.95124,0.95133,1.13,3.00
2012.01.05 15:09:43.050,0.95124,0.95133,1.88,3.00
2012.01.05 15:09:43.139,0.95116,0.95132,4.35,2.02
2012.01.05 15:09:43.221,0.95116,0.95132,4.13,1.50
2012.01.05 15:09:43.366,0.95116,0.95133,4.13,3.00
2012.01.05 15:09:43.863,0.95124,0.95134,1.50,2.25
2012.01.05 15:09:44.404,0.95125,0.95137,3.75,3.75
2012.01.05 15:09:44.911,0.95127,0.95137,1.50,3.75
2012.01.05 15:09:44.995,0.95129,0.95143,3.38,3.75
2012.01.05 15:09:45.084,0.95129,0.95143,3.00,4.50
2012.01.05 15:09:45.230,0.95132,0.95143,1.35,1.50
2012.01.05 15:09:45.446,0.95135,0.95147,3.00,1.50
2012.01.05 15:09:45.935,0.95135,0.9515,4.88,3.75
2012.01.05 15:09:46.444,0.9514,0.95152,1.50,1.66
2012.01.05 15:09:46.728,0.95138,0.95151,1.74,2.25
2012.01.05 15:09:47.231,0.95137,0.9515,1.88,3.00
2012.01.05 15:09:47.304,0.95136,0.9515,1.50,3.38
2012.01.05 15:09:47.376,0.95137,0.95148,1.50,1.13
2012.01.05 15:09:47.907,0.95135,0.95142,1.50,1.13
2012.01.05 15:09:48.134,0.95132,0.95143,2.25,1.88
2012.01.05 15:09:48.201,0.95132,0.95143,2.25,1.13
2012.01.05 15:09:48.418,0.95129,0.95142,3.00,1.13
2012.01.05 15:09:48.973,0.9513,0.95143,2.25,1.13
2012.01.05 15:09:49.768,0.9513,0.95141,2.25,1.50
2012.01.05 15:09:49.862,0.95124,0.95137,1.13,3.00
2012.01.05 15:09:50.073,0.95124,0.95137,1.58,3.00
2012.01.05 15:09:50.288,0.95125,0.9514,3.00,3.00
2012.01.05 15:09:50.437,0.95127,0.95141,1.50,3.75
2012.01.05 15:09:51.386,0.95128,0.95143,2.25,3.00
2012.01.05 15:09:51.476,0.95133,0.95147,1.50,2.25
2012.01.05 15:09:51.709,0.95133,0.95149,1.88,1.50
2012.01.05 15:09:52.278,0.95133,0.95149,3.75,2.25
2012.01.05 15:09:52.358,0.95133,0.95149,3.75,2.25
2012.01.05 15:09:52.863,0.95133,0.95147,1.50,3.00
2012.01.05 15:09:53.690,0.95133,0.9515,5.25,2.25
2012.01.05 15:09:54.468,0.95141,0.95155,1.88,1.88
2012.01.05 15:09:54.557,0.95146,0.95158,1.50,2.25
2012.01.05 15:09:54.901,0.95146,0.95161,1.50,3.00
2012.01.05 15:09:55.599,0.95144,0.95161,1.13,3.00
2012.01.05 15:09:56.404,0.95144,0.95161,1.13,3.00
2012.01.05 15:09:56.964,0.95144,0.95159,1.13,2.25
2012.01.05 15:09:57.369,0.95144,0.95159,1.13,3.00
2012.01.05 15:09:58.179,0.95144,0.9516,1.88,3.00
2012.01.05 15:09:58.260,0.95144,0.9516,1.50,2.25
2012.01.05 15:09:58.683,0.95145,0.95158,1.50,2.25
2012.01.05 15:09:58.968,0.95145,0.95157,1.50,3.00
2012.01.05 15:09:59.188,0.95146,0.95157,1.50,3.00
2012.01.05 15:09:59.715,0.95147,0.95161,1.50,2.25
2012.01.05 15:10:00.072,0.95151,0.95164,1.13,2.25
2012.01.05 15:10:00.632,0.95153,0.95165,1.69,2.25
2012.01.05 15:10:00.775,0.95154,0.95167,1.50,2.25
2012.01.05 15:10:01.402,0.95154,0.95169,3.75,2.25
2012.01.05 15:10:01.965,0.95154,0.95169,3.75,3.00
2012.01.05 15:10:02.247,0.95158,0.95169,1.13,2.25
2012.01.05 15:10:02.610,0.95163,0.95169,1.50,2.25
2012.01.05 15:10:03.077,0.95164,0.95175,1.50,2.25
2012.01.05 15:10:03.167,0.95164,0.95171,1.50,2.25
2012.01.05 15:10:03.313,0.95162,0.95171,1.13,2.25
2012.01.05 15:10:03.460,0.95161,0.95171,1.88,2.25
2012.01.05 15:10:03.609,0.95161,0.95174,1.88,2.25
2012.01.05 15:10:04.041,0.95163,0.95176,1.50,2.25
2012.01.05 15:10:04.186,0.95163,0.95173,1.50,2.25
2012.01.05 15:10:04.725,0.95163,0.95173,1.50,2.25
2012.01.05 15:10:05.459,0.95161,0.95173,1.13,2.25
2012.01.05 15:10:05.801,0.95172,0.95178,1.50,2.25
2012.01.05 15:10:06.150,0.95171,0.95178,1.50,2.97
2012.01.05 15:10:06.863,0.9517,0.95177,1.50,2.22
2012.01.05 15:10:07.459,0.95172,0.95177,1.50,1.47
2012.01.05 15:10:08.810,0.9517,0.95177,1.50,1.47
2012.01.05 15:10:09.903,0.9517,0.95177,1.50,1.47
2012.01.05 15:10:10.235,0.9517,0.95179,1.50,1.47
2012.01.05 15:10:10.456,0.95171,0.95177,1.50,2.25
2012.01.05 15:10:10.538,0.95172,0.9518,1.50,3.00
2012.01.05 15:10:10.819,0.95169,0.95177,1.88,2.25
2012.01.05 15:10:10.892,0.95169,0.95179,1.13,2.25
2012.01.05 15:10:11.039,0.95169,0.95177,1.13,1.09
2012.01.05 15:10:11.190,0.95164,0.95173,1.50,2.25
2012.01.05 15:10:11.866,0.95165,0.95185,1.50,1.50
2012.01.05 15:10:12.336,0.95166,0.95176,1.50,2.25
2012.01.05 15:10:12.417,0.95166,0.95178,1.50,2.25
2012.01.05 15:10:12.640,0.95169,0.95181,1.50,2.25
2012.01.05 15:10:13.271,0.95169,0.95181,1.13,2.25
2012.01.05 15:10:13.355,0.95165,0.95179,2.40,2.25
2012.01.05 15:10:13.434,0.95165,0.95177,3.00,2.25
2012.01.05 15:10:13.783,0.95165,0.95175,1.50,2.25
2012.01.05 15:10:13.982,0.95165,0.95175,1.50,2.25
2012.01.05 15:10:14.674,0.95163,0.95175,1.50,2.25
2012.01.05 15:10:14.741,0.95163,0.95175,1.50,2.25
2012.01.05 15:10:14.943,0.95163,0.95175,1.50,2.25
2012.01.05 15:10:15.422,0.95163,0.95173,1.50,2.25
2012.01.05 15:10:15.718,0.95157,0.95168,1.50,2.25
2012.01.05 15:10:15.941,0.95157,0.9517,1.50,3.00
2012.01.05 15:10:16.016,0.95157,0.9517,1.50,3.00
2012.01.05 15:10:16.091,0.95157,0.95168,1.50,2.25
2012.01.05 15:10:17.094,0.9516,0.95171,2.25,1.50
2012.01.05 15:10:17.444,0.9516,0.95175,2.25,3.98
2012.01.05 15:10:18.251,0.95158,0.95175,4.50,3.98
2012.01.05 15:10:18.571,0.95158,0.95175,4.50,3.98
2012.01.05 15:10:18.841,0.95158,0.95175,4.50,3.38
2012.01.05 15:10:19.392,0.95158,0.95175,4.74,3.38
2012.01.05 15:10:19.470,0.95158,0.95176,2.49,2.63
2012.01.05 15:10:20.013,0.95159,0.95173,1.50,2.25
2012.01.05 15:10:20.413,0.95158,0.95175,5.49,2.63
2012.01.05 15:10:20.622,0.95159,0.95175,4.74,1.50
2012.01.05 15:10:20.765,0.95159,0.95175,3.99,2.48
2012.01.05 15:10:21.334,0.95159,0.95174,3.00,3.23
2012.01.05 15:10:21.833,0.95166,0.95176,1.50,2.48
2012.01.05 15:10:21.978,0.95168,0.95179,1.50,1.13
2012.01.05 15:10:22.533,0.95171,0.9518,1.50,3.00
2012.01.05 15:10:22.673,0.95173,0.95181,1.50,1.13
2012.01.05 15:10:23.201,0.95163,0.95177,2.25,2.63
2012.01.05 15:10:23.281,0.95163,0.95177,1.50,3.38
2012.01.05 15:10:23.829,0.95161,0.95174,4.50,1.13
2012.01.05 15:10:24.333,0.95162,0.95174,2.25,1.13
2012.01.05 15:10:24.471,0.95163,0.95174,1.50,1.13
2012.01.05 15:10:24.743,0.95167,0.95176,1.50,1.13
2012.01.05 15:10:24.943,0.95166,0.95175,1.50,1.13
2012.01.05 15:10:25.554,0.95167,0.95175,1.50,1.88
2012.01.05 15:10:26.090,0.95166,0.95174,1.50,1.88
2012.01.05 15:10:26.949,0.95166,0.95174,1.50,1.88
2012.01.05 15:10:27.449,0.95157,0.95171,1.50,2.25
2012.01.05 15:10:27.980,0.95157,0.95171,1.50,2.25
2012.01.05 15:10:28.497,0.95157,0.95171,1.50,2.25
2012.01.05 15:10:29.041,0.95157,0.95171,1.50,2.25
2012.01.05 15:10:29.592,0.95157,0.95172,2.25,2.25
2012.01.05 15:10:30.262,0.95162,0.95172,2.25,2.25
2012.01.05 15:10:31.277,0.95162,0.95172,1.50,2.25
2012.01.05 15:10:31.615,0.95162,0.95178,2.25,3.00
2012.01.05 15:10:31.763,0.9517,0.95176,1.50,3.00
2012.01.05 15:10:31.979,0.95171,0.95179,1.50,3.00
2012.01.05 15:10:32.330,0.95169,0.95178,1.50,2.25
2012.01.05 15:10:32.641,0.95164,0.95178,1.50,2.25
2012.01.05 15:10:33.267,0.95166,0.95178,1.50,2.25
2012.01.05 15:10:33.607,0.95169,0.95178,1.50,3.00
2012.01.05 15:10:34.111,0.9517,0.95178,1.50,3.00
2012.01.05 15:10:34.396,0.9517,0.95179,1.50,3.00
2012.01.05 15:10:34.474,0.95171,0.95179,1.50,2.25
2012.01.05 15:10:34.544,0.95171,0.95179,1.50,2.25
2012.01.05 15:10:34.618,0.95172,0.95179,1.50,2.25
2012.01.05 15:10:34.843,0.95168,0.95179,1.50,2.25
2012.01.05 15:10:34.988,0.95168,0.95183,1.69,3.00
2012.01.05 15:10:35.469,0.95171,0.95183,1.50,2.25
2012.01.05 15:10:35.896,0.95173,0.95184,1.50,2.25
2012.01.05 15:10:36.251,0.95178,0.95185,1.50,2.25
2012.01.05 15:10:36.465,0.95178,0.95191,1.88,3.00
2012.01.05 15:10:36.617,0.9518,0.95191,1.13,2.25
2012.01.05 15:10:37.106,0.95182,0.95195,1.50,2.25
2012.01.05 15:10:37.263,0.95182,0.95195,1.50,2.25
2012.01.05 15:10:37.823,0.95182,0.95194,1.50,2.25
2012.01.05 15:10:37.960,0.95182,0.95194,1.50,2.25
2012.01.05 15:10:38.292,0.95182,0.95194,2.25,2.25
2012.01.05 15:10:38.825,0.95187,0.95194,1.50,2.25
2012.01.05 15:10:39.312,0.95182,0.95194,2.25,2.25
2012.01.05 15:10:39.804,0.95182,0.95192,1.50,2.25
2012.01.05 15:10:41.172,0.95185,0.95198,1.50,1.50
2012.01.05 15:10:41.820,0.95183,0.95194,1.50,2.25
2012.01.05 15:10:42.365,0.95181,0.95194,1.50,2.25
2012.01.05 15:10:42.516,0.95181,0.95194,1.50,2.25
2012.01.05 15:10:43.214,0.95181,0.95196,1.50,2.25
2012.01.05 15:10:43.618,0.95181,0.95196,1.50,2.25
2012.01.05 15:10:43.695,0.95181,0.95191,1.50,2.25
2012.01.05 15:10:44.190,0.95181,0.95191,1.50,2.25
2012.01.05 15:10:44.465,0.95181,0.95191,1.50,2.25
2012.01.05 15:10:44.670,0.95179,0.95191,1.88,2.25
2012.01.05 15:10:46.153,0.95181,0.95191,1.50,2.25
2012.01.05 15:10:46.401,0.9518,0.95191,1.50,2.25
2012.01.05 15:10:46.793,0.95181,0.95191,1.50,2.25
2012.01.05 15:10:47.591,0.95179,0.95191,1.50,2.25
2012.01.05 15:10:47.945,0.95181,0.95192,1.09,2.25
2012.01.05 15:10:48.142,0.95183,0.95192,1.50,2.25
2012.01.05 15:10:48.553,0.95186,0.95196,3.23,2.25
2012.01.05 15:10:48.890,0.95189,0.95197,1.88,2.25
2012.01.05 15:10:49.407,0.95191,0.95198,1.50,2.25
2012.01.05 15:10:49.839,0.95191,0.95203,2.25,1.50
2012.01.05 15:10:49.913,0.95194,0.95203,1.50,3.75
2012.01.05 15:10:50.124,0.95192,0.95203,1.88,2.25
2012.01.05 15:10:50.321,0.95192,0.95203,2.25,2.25
2012.01.05 15:10:50.732,0.95194,0.95205,2.25,3.75
2012.01.05 15:10:50.892,0.95199,0.95205,1.35,3.75
2012.01.05 15:10:51.338,0.95201,0.9521,1.36,3.75
2012.01.05 15:10:51.447,0.95204,0.95216,2.34,3.75
2012.01.05 15:10:51.602,0.95205,0.95219,1.50,3.75
2012.01.05 15:10:51.683,0.95205,0.95219,1.50,1.50
2012.01.05 15:10:51.964,0.95205,0.95219,1.50,3.00
2012.01.05 15:10:52.177,0.95205,0.95216,3.00,1.13
2012.01.05 15:10:52.742,0.95203,0.95209,1.50,2.25
2012.01.05 15:10:52.900,0.95202,0.95211,1.50,2.25
2012.01.05 15:10:53.112,0.95199,0.95211,1.50,2.25
2012.01.05 15:10:53.385,0.95198,0.95211,1.50,2.25
2012.01.05 15:10:53.535,0.95198,0.95211,1.50,2.25
2012.01.05 15:10:53.892,0.952,0.95214,1.50,2.25
2012.01.05 15:10:54.385,0.95202,0.95216,1.74,2.25
2012.01.05 15:10:54.722,0.95205,0.95216,1.13,2.25
2012.01.05 15:10:54.799,0.95206,0.95221,3.00,3.00
2012.01.05 15:10:55.021,0.95207,0.95223,2.48,3.00
2012.01.05 15:10:55.166,0.95209,0.95227,1.36,3.38
2012.01.05 15:10:55.254,0.95211,0.95227,1.36,2.63
2012.01.05 15:10:55.329,0.95211,0.95227,1.74,2.63
2012.01.05 15:10:55.846,0.95211,0.95232,3.24,3.00
2012.01.05 15:10:56.205,0.95213,0.9523,2.49,3.00
2012.01.05 15:10:56.567,0.95216,0.95224,1.50,2.25
2012.01.05 15:10:56.647,0.95217,0.95224,1.50,2.25
2012.01.05 15:10:57.180,0.95211,0.95218,1.50,2.25
2012.01.05 15:10:57.264,0.95203,0.95218,2.25,2.63
2012.01.05 15:10:57.810,0.95203,0.95219,1.50,3.38
2012.01.05 15:10:58.141,0.95203,0.95219,1.50,3.38
2012.01.05 15:10:58.210,0.95203,0.95219,1.50,3.38
2012.01.05 15:10:58.806,0.95203,0.95218,1.50,3.00
2012.01.05 15:10:59.476,0.952,0.95211,1.36,2.25
2012.01.05 15:10:59.651,0.95198,0.95211,1.50,3.00
2012.01.05 15:10:59.877,0.95197,0.95208,2.25,1.13
2012.01.05 15:11:00.232,0.95193,0.95206,1.50,1.50
2012.01.05 15:11:00.374,0.95191,0.95204,3.75,2.25
2012.01.05 15:11:01.082,0.95191,0.952,3.75,1.50
2012.01.05 15:11:01.372,0.95186,0.95202,3.00,1.50
2012.01.05 15:11:01.502,0.95186,0.95205,2.63,1.13
2012.01.05 15:11:02.033,0.95186,0.95206,1.13,1.88
2012.01.05 15:11:02.385,0.95188,0.95207,1.50,6.00
2012.01.05 15:11:02.642,0.95188,0.95206,1.50,1.50
2012.01.05 15:11:03.082,0.95187,0.95207,3.00,3.38
2012.01.05 15:11:03.703,0.95187,0.95202,3.00,2.25
2012.01.05 15:11:04.054,0.95186,0.95203,1.50,3.00
2012.01.05 15:11:04.325,0.95183,0.95201,3.38,3.75
2012.01.05 15:11:04.741,0.95183,0.952,3.38,3.00
2012.01.05 15:11:04.887,0.95186,0.95205,1.50,6.75
2012.01.05 15:11:05.102,0.95185,0.95203,2.25,3.38
2012.01.05 15:11:05.175,0.95185,0.95198,3.00,1.50
2012.01.05 15:11:05.631,0.95185,0.95196,3.00,1.50
2012.01.05 15:11:05.774,0.95185,0.95201,3.00,1.50
2012.01.05 15:11:06.336,0.95185,0.95199,3.75,1.35
2012.01.05 15:11:06.921,0.95157,0.95167,5.49,1.13
2012.01.05 15:11:07.001,0.95155,0.95167,1.50,1.13
2012.01.05 15:11:07.082,0.95151,0.95166,5.86,1.50
2012.01.05 15:11:07.161,0.95149,0.95165,1.50,1.13
2012.01.05 15:11:07.243,0.95146,0.95164,5.25,1.13
2012.01.05 15:11:07.457,0.95149,0.95164,1.50,2.25
2012.01.05 15:11:07.541,0.95148,0.95164,1.50,3.52
2012.01.05 15:11:08.071,0.95149,0.95167,1.35,1.27
2012.01.05 15:11:08.176,0.95151,0.95166,2.25,3.00
2012.01.05 15:11:08.525,0.95155,0.95164,1.50,2.25
2012.01.05 15:11:08.602,0.95153,0.95164,1.50,3.00
2012.01.05 15:11:08.673,0.95151,0.95164,1.50,3.00
2012.01.05 15:11:08.742,0.9515,0.95164,1.28,3.00
2012.01.05 15:11:08.955,0.95152,0.95165,3.00,1.50
2012.01.05 15:11:09.036,0.95152,0.95165,3.08,1.50
2012.01.05 15:11:09.588,0.95158,0.95164,3.38,1.50
2012.01.05 15:11:09.894,0.95163,0.95168,1.13,1.50
2012.01.05 15:11:10.033,0.95164,0.9517,2.25,1.50
2012.01.05 15:11:10.104,0.95162,0.9517,3.38,1.50
2012.01.05 15:11:10.187,0.95162,0.9517,3.00,1.50
2012.01.05 15:11:11.100,0.95163,0.95174,3.38,1.50
2012.01.05 15:11:11.185,0.95165,0.95177,1.13,1.50
2012.01.05 15:11:11.534,0.95165,0.95181,1.13,1.50
2012.01.05 15:11:11.741,0.95168,0.95183,1.13,3.00
2012.01.05 15:11:12.095,0.95169,0.95184,1.50,3.00
2012.01.05 15:11:12.308,0.95164,0.95179,1.13,3.00
2012.01.05 15:11:12.461,0.95165,0.95179,1.13,2.25
2012.01.05 15:11:12.875,0.95163,0.95178,1.13,1.66
2012.01.05 15:11:13.084,0.95164,0.95178,1.13,1.66
2012.01.05 15:11:13.292,0.95167,0.95179,1.50,6.16
2012.01.05 15:11:13.713,0.95167,0.95179,1.50,3.00
2012.01.05 15:11:13.787,0.95167,0.95179,1.50,3.00
2012.01.05 15:11:14.005,0.95163,0.95176,1.50,3.00
2012.01.05 15:11:14.587,0.95161,0.95178,4.13,3.00
2012.01.05 15:11:15.090,0.9516,0.95175,4.13,3.00
2012.01.05 15:11:15.492,0.95162,0.95177,3.00,3.75
2012.01.05 15:11:16.019,0.95162,0.95177,5.48,3.75
2012.01.05 15:11:16.137,0.95165,0.9518,3.00,3.91
2012.01.05 15:11:16.303,0.95163,0.95179,4.13,1.66
2012.01.05 15:11:16.652,0.95163,0.95177,2.25,1.66
2012.01.05 15:11:16.842,0.95163,0.95176,2.25,1.66
2012.01.05 15:11:17.054,0.95163,0.95177,2.25,3.16
2012.01.05 15:11:17.703,0.95159,0.95172,1.13,3.00
2012.01.05 15:11:17.805,0.95158,0.95172,1.35,3.00
2012.01.05 15:11:18.373,0.95159,0.95175,1.13,5.25
2012.01.05 15:11:18.915,0.95158,0.95172,1.35,3.00
2012.01.05 15:11:19.441,0.95157,0.95172,3.00,3.00
2012.01.05 15:11:19.910,0.95159,0.95172,2.63,3.00
2012.01.05 15:11:20.053,0.9516,0.95174,1.50,3.91
2012.01.05 15:11:20.569,0.9516,0.95174,1.50,3.00
2012.01.05 15:11:21.379,0.95159,0.95174,3.75,4.50
2012.01.05 15:11:22.420,0.9516,0.95174,1.50,4.50
2012.01.05 15:11:23.322,0.9516,0.95174,1.50,4.50
2012.01.05 15:11:23.863,0.9516,0.95173,1.50,3.00
2012.01.05 15:11:24.076,0.9516,0.95174,2.25,1.66
2012.01.05 15:11:24.302,0.95167,0.95178,1.13,3.75
2012.01.05 15:11:24.374,0.95168,0.95178,1.13,3.00
2012.01.05 15:11:24.588,0.95168,0.9518,1.13,2.25
2012.01.05 15:11:25.353,0.95169,0.95181,2.25,3.00
2012.01.05 15:11:25.458,0.95169,0.95182,1.88,3.00
2012.01.05 15:11:25.616,0.95171,0.95182,1.88,3.00
2012.01.05 15:11:25.969,0.95171,0.95184,1.50,1.50
2012.01.05 15:11:27.172,0.95171,0.95183,1.88,3.00
2012.01.05 15:11:27.531,0.95179,0.95183,1.50,2.25
2012.01.05 15:11:27.613,0.95179,0.95191,1.88,4.50
2012.01.05 15:11:27.758,0.95179,0.95191,1.13,1.50
2012.01.05 15:11:28.458,0.95179,0.95194,1.13,2.25
2012.01.05 15:11:28.559,0.95178,0.95188,1.13,3.00
2012.01.05 15:11:29.392,0.95177,0.95188,1.50,3.00
2012.01.05 15:11:30.072,0.95177,0.95189,3.00,3.00
2012.01.05 15:11:30.414,0.95178,0.95189,1.50,3.00
2012.01.05 15:11:30.966,0.95178,0.95188,1.13,1.13
2012.01.05 15:11:31.049,0.95174,0.95188,1.88,1.13
2012.01.05 15:11:31.132,0.95172,0.95181,2.25,2.25
2012.01.05 15:11:31.484,0.9517,0.95181,1.50,3.00
2012.01.05 15:11:32.056,0.95169,0.95181,1.50,3.00
2012.01.05 15:11:32.263,0.95167,0.95181,2.25,3.00
2012.01.05 15:11:32.611,0.95167,0.95181,1.50,3.00
2012.01.05 15:11:32.971,0.95165,0.95174,1.50,2.25
2012.01.05 15:11:33.044,0.95164,0.95174,1.50,2.25
2012.01.05 15:11:33.255,0.95164,0.95176,1.50,3.75
2012.01.05 15:11:33.871,0.95164,0.95173,1.50,2.25
2012.01.05 15:11:34.233,0.9516,0.95173,1.13,3.00
2012.01.05 15:11:34.571,0.95157,0.95173,1.88,3.00
2012.01.05 15:11:35.322,0.95157,0.95172,1.88,1.66
2012.01.05 15:11:35.871,0.95155,0.95169,2.25,3.00
2012.01.05 15:11:36.152,0.95151,0.95168,4.69,3.00
2012.01.05 15:11:37.003,0.95154,0.95168,1.13,3.00
2012.01.05 15:11:37.213,0.95151,0.95168,5.25,3.00
2012.01.05 15:11:37.705,0.95161,0.95168,1.50,3.00
2012.01.05 15:11:37.791,0.95153,0.95167,1.69,3.00
2012.01.05 15:11:38.141,0.95152,0.95166,1.69,3.00
2012.01.05 15:11:38.430,0.95148,0.95164,2.07,3.52
2012.01.05 15:11:38.646,0.95149,0.95164,1.50,3.00
2012.01.05 15:11:39.292,0.95151,0.95162,2.25,3.00
2012.01.05 15:11:39.803,0.95146,0.95163,4.88,3.00
2012.01.05 15:11:40.512,0.95146,0.95163,4.88,3.75
2012.01.05 15:11:41.069,0.95146,0.95163,4.13,3.75
2012.01.05 15:11:41.611,0.95147,0.95163,1.50,3.75
2012.01.05 15:11:42.151,0.9515,0.95161,1.13,3.00
2012.01.05 15:11:42.295,0.9515,0.95161,1.13,2.25
2012.01.05 15:11:42.367,0.9515,0.95165,1.13,5.25
2012.01.05 15:11:42.574,0.9515,0.95163,1.13,3.00
2012.01.05 15:11:43.033,0.9515,0.95163,1.13,3.00
2012.01.05 15:11:43.458,0.95147,0.95162,4.13,3.00
2012.01.05 15:11:43.540,0.95147,0.9516,1.50,2.25
2012.01.05 15:11:45.081,0.95148,0.9516,2.25,2.25
2012.01.05 15:11:45.519,0.95148,0.9516,2.25,2.25
2012.01.05 15:11:45.660,0.95148,0.9516,2.25,2.25
2012.01.05 15:11:45.862,0.95148,0.9516,1.50,2.25
2012.01.05 15:11:46.204,0.9515,0.9516,1.50,3.00
2012.01.05 15:11:46.621,0.95144,0.9516,4.92,3.00
2012.01.05 15:11:46.749,0.95144,0.9516,4.17,3.00
2012.01.05 15:11:46.823,0.95144,0.9516,3.45,4.50
2012.01.05 15:11:47.012,0.95144,0.9516,4.20,3.00
2012.01.05 15:11:47.540,0.95145,0.9516,1.73,3.00
2012.01.05 15:11:48.719,0.95146,0.95155,1.50,3.00
2012.01.05 15:11:49.017,0.9514,0.95157,3.00,3.15
2012.01.05 15:11:49.095,0.9514,0.95157,3.38,2.63
2012.01.05 15:11:49.514,0.95139,0.95156,3.00,4.66
2012.01.05 15:11:50.299,0.95139,0.95156,3.00,3.91
2012.01.05 15:11:50.381,0.9514,0.95156,1.50,3.00
2012.01.05 15:11:50.521,0.95139,0.95154,3.00,3.00
2012.01.05 15:11:50.920,0.95139,0.95156,3.75,3.00
2012.01.05 15:11:51.441,0.95139,0.95156,3.75,3.00
2012.01.05 15:11:51.961,0.9514,0.95156,1.88,3.00
2012.01.05 15:11:52.614,0.9514,0.95152,1.13,3.00
2012.01.05 15:11:52.754,0.9514,0.95154,1.13,3.91
2012.01.05 15:11:53.290,0.9514,0.95154,1.13,3.00
2012.01.05 15:11:53.837,0.9514,0.95154,1.13,3.00
2012.01.05 15:11:54.540,0.9514,0.95154,1.13,3.00
2012.01.05 15:11:55.084,0.95138,0.95155,3.38,3.00
2012.01.05 15:11:55.683,0.9514,0.95155,3.38,3.00
2012.01.05 15:11:55.898,0.95145,0.95155,1.88,2.25
2012.01.05 15:11:56.486,0.95147,0.95156,1.50,3.75
2012.01.05 15:11:56.575,0.9515,0.9516,1.50,3.00
2012.01.05 15:11:57.242,0.95151,0.9516,1.50,2.25
2012.01.05 15:11:57.454,0.95151,0.9516,1.50,3.00
2012.01.05 15:11:57.523,0.9515,0.9516,1.50,2.25
2012.01.05 15:11:57.782,0.95151,0.9516,1.50,3.00
2012.01.05 15:11:58.506,0.95151,0.9516,1.50,3.00
2012.01.05 15:11:59.006,0.95151,0.9516,2.25,2.25
2012.01.05 15:12:01.447,0.9515,0.9516,2.25,1.50
2012.01.05 15:12:02.079,0.95148,0.95154,1.50,2.25
2012.01.05 15:12:02.168,0.9514,0.95155,3.00,4.50
2012.01.05 15:12:02.317,0.9514,0.95155,2.25,3.00
2012.01.05 15:12:02.782,0.9514,0.95155,2.63,3.00
2012.01.05 15:12:03.259,0.9514,0.95155,2.25,3.00
2012.01.05 15:12:03.403,0.95139,0.95154,4.13,3.00
2012.01.05 15:12:03.716,0.95139,0.95154,4.50,3.00
2012.01.05 15:12:04.278,0.95139,0.95154,4.50,3.00
2012.01.05 15:12:04.955,0.95139,0.95154,4.50,3.00
2012.01.05 15:12:05.471,0.95139,0.95154,4.50,3.00
2012.01.05 15:12:05.999,0.95139,0.95154,4.50,3.00
2012.01.05 15:12:06.528,0.95139,0.95154,4.50,3.00
2012.01.05 15:12:07.143,0.95139,0.95154,4.50,3.00
2012.01.05 15:12:07.424,0.95141,0.95155,1.13,3.00
2012.01.05 15:12:07.703,0.95143,0.95155,1.50,3.00
2012.01.05 15:12:08.210,0.95147,0.95157,1.50,3.00
2012.01.05 15:12:08.777,0.95149,0.95157,1.50,3.00
2012.01.05 15:12:09.225,0.9515,0.95157,1.50,2.25
2012.01.05 15:12:09.314,0.9515,0.95157,1.50,3.00
2012.01.05 15:12:09.845,0.95147,0.95155,1.50,2.25
2012.01.05 15:12:10.060,0.95147,0.95155,1.50,2.25
2012.01.05 15:12:10.561,0.95147,0.95155,1.50,3.00
2012.01.05 15:12:10.702,0.9515,0.95157,1.50,3.00
2012.01.05 15:12:11.620,0.9515,0.95155,1.50,2.25
2012.01.05 15:12:12.030,0.95147,0.95155,1.50,3.00
2012.01.05 15:12:12.516,0.95148,0.95155,1.50,2.25
2012.01.05 15:12:13.022,0.95147,0.95155,1.50,2.25
2012.01.05 15:12:13.629,0.95147,0.95155,1.50,2.25
2012.01.05 15:12:14.154,0.95147,0.95157,1.50,1.50
2012.01.05 15:12:14.694,0.95149,0.95155,1.50,3.00
2012.01.05 15:12:15.401,0.95147,0.95155,1.50,3.00
2012.01.05 15:12:15.983,0.95143,0.95155,1.13,3.00
2012.01.05 15:12:16.056,0.95147,0.95155,1.50,2.25
2012.01.05 15:12:16.498,0.95141,0.95155,1.88,3.00
2012.01.05 15:12:17.032,0.95141,0.95155,1.13,3.00
2012.01.05 15:12:17.301,0.95141,0.95155,1.88,3.00
2012.01.05 15:12:17.581,0.95147,0.95155,1.50,3.00
2012.01.05 15:12:18.391,0.95147,0.95156,1.50,3.00
2012.01.05 15:12:18.469,0.95147,0.95156,1.50,2.25
2012.01.05 15:12:18.792,0.95142,0.95156,1.13,3.00
2012.01.05 15:12:20.259,0.95143,0.95156,1.50,3.00
2012.01.05 15:12:21.087,0.95142,0.95156,1.88,3.00
2012.01.05 15:12:21.177,0.95146,0.95159,2.25,2.25
2012.01.05 15:12:21.403,0.9515,0.95161,1.13,3.00
2012.01.05 15:12:21.616,0.95152,0.95166,1.13,3.30
2012.01.05 15:12:22.105,0.95153,0.95166,1.50,2.25
2012.01.05 15:12:22.322,0.95154,0.95167,1.50,1.50
2012.01.05 15:12:22.906,0.95154,0.95168,1.50,2.25
2012.01.05 15:12:24.033,0.95154,0.95168,2.25,2.25
2012.01.05 15:12:24.378,0.95154,0.95166,1.50,2.25
2012.01.05 15:12:24.714,0.95153,0.95166,2.25,3.00
2012.01.05 15:12:25.906,0.95154,0.95168,1.50,2.25
2012.01.05 15:12:26.482,0.95154,0.95168,1.50,3.00
2012.01.05 15:12:27.000,0.95155,0.95168,1.50,2.25
2012.01.05 15:12:27.308,0.95155,0.95169,1.50,3.00
2012.01.05 15:12:28.269,0.95156,0.95169,1.50,2.25
2012.01.05 15:12:28.720,0.95156,0.95169,1.50,2.25
2012.01.05 15:12:28.992,0.95156,0.95169,1.50,2.25
2012.01.05 15:12:29.321,0.9516,0.95169,1.50,2.25
2012.01.05 15:12:30.188,0.95159,0.95169,1.50,2.25
2012.01.05 15:12:30.510,0.95161,0.95169,1.50,3.00
2012.01.05 15:12:35.490,0.95161,0.95169,1.50,3.00
2012.01.05 15:12:36.050,0.9516,0.95169,1.50,3.00
2012.01.05 15:12:36.588,0.9516,0.95169,1.50,3.00
2012.01.05 15:12:37.647,0.95162,0.9517,1.50,3.00
2012.01.05 15:12:37.799,0.95164,0.95177,1.50,2.25
2012.01.05 15:12:38.322,0.95164,0.95177,1.50,2.25
2012.01.05 15:12:38.409,0.95171,0.95177,1.50,2.25
2012.01.05 15:12:38.904,0.95171,0.95176,1.13,2.25
2012.01.05 15:12:39.322,0.95167,0.95181,1.50,1.66
2012.01.05 15:12:40.110,0.95168,0.95177,1.50,2.25
2012.01.05 15:12:40.192,0.95165,0.95177,1.13,2.25
2012.01.05 15:12:40.333,0.95165,0.95177,1.13,2.25
2012.01.05 15:12:40.670,0.95164,0.95177,1.13,2.25
2012.01.05 15:12:41.210,0.95164,0.95177,1.13,2.25
2012.01.05 15:12:41.741,0.95166,0.95177,1.50,2.25
2012.01.05 15:12:42.060,0.95166,0.9518,1.50,2.25
2012.01.05 15:12:42.735,0.95164,0.95177,1.74,2.25
2012.01.05 15:12:43.091,0.95164,0.95177,1.50,2.25
2012.01.05 15:12:43.610,0.95164,0.95177,1.50,2.25
2012.01.05 15:12:44.862,0.95162,0.95177,3.38,2.25
2012.01.05 15:12:44.953,0.95162,0.95177,3.38,2.25
2012.01.05 15:12:46.312,0.95165,0.95177,1.50,2.25
2012.01.05 15:12:46.522,0.95165,0.95177,1.50,2.25
2012.01.05 15:12:46.723,0.95165,0.95177,1.50,2.25
2012.01.05 15:12:47.713,0.95165,0.95177,1.50,2.25
2012.01.05 15:12:48.951,0.95165,0.95177,1.50,2.25
2012.01.05 15:12:50.203,0.95163,0.95174,1.50,2.25
2012.01.05 15:12:50.411,0.95165,0.95177,1.50,2.25
2012.01.05 15:12:50.610,0.95165,0.95177,1.50,2.25
2012.01.05 15:12:50.811,0.95165,0.95177,1.50,3.00
2012.01.05 15:12:51.193,0.95164,0.95177,1.50,2.25
2012.01.05 15:12:52.261,0.95164,0.95174,1.50,2.25
2012.01.05 15:12:52.357,0.9516,0.95174,2.63,2.63
2012.01.05 15:12:52.443,0.95159,0.95173,1.95,3.00
2012.01.05 15:12:52.781,0.95159,0.95169,1.13,2.25
2012.01.05 15:12:53.309,0.95159,0.95169,1.13,2.25
2012.01.05 15:12:53.722,0.9516,0.95172,1.13,3.00
2012.01.05 15:12:54.352,0.9516,0.95172,1.13,2.25
2012.01.05 15:12:55.135,0.95159,0.95175,1.13,4.66
2012.01.05 15:12:55.681,0.95164,0.95176,1.20,2.25
2012.01.05 15:12:55.822,0.95164,0.95177,1.20,2.25
2012.01.05 15:12:56.163,0.95162,0.95176,1.13,2.25
2012.01.05 15:12:56.920,0.95162,0.95177,1.13,1.50
2012.01.05 15:12:56.989,0.95162,0.95177,1.13,1.50
2012.01.05 15:12:57.500,0.95162,0.95176,1.13,2.25
2012.01.05 15:12:58.030,0.95162,0.95176,1.13,2.25
2012.01.05 15:12:58.731,0.95161,0.95174,1.13,2.25
2012.01.05 15:12:59.283,0.95161,0.95175,1.13,2.25
2012.01.05 15:12:59.631,0.95162,0.95175,1.13,2.25
2012.01.05 15:12:59.834,0.95162,0.95175,1.13,3.00
2012.01.05 15:13:00.349,0.95162,0.95174,1.13,2.25
2012.01.05 15:13:03.195,0.95159,0.95174,3.75,3.00
2012.01.05 15:13:03.415,0.95159,0.95174,3.38,2.25
2012.01.05 15:13:03.566,0.9516,0.9517,1.13,2.25
2012.01.05 15:13:04.180,0.95159,0.95173,1.13,3.00
2012.01.05 15:13:04.828,0.9516,0.9517,1.13,2.25
2012.01.05 15:13:05.153,0.95159,0.9517,1.13,2.25
2012.01.05 15:13:05.460,0.95159,0.9517,1.13,2.25
2012.01.05 15:13:05.779,0.95154,0.95167,2.94,3.00
2012.01.05 15:13:06.291,0.95154,0.95167,2.19,3.00
2012.01.05 15:13:06.832,0.95155,0.95167,1.89,3.00
2012.01.05 15:13:07.413,0.95155,0.95166,1.14,2.25
2012.01.05 15:13:08.270,0.95155,0.95166,1.14,2.25
2012.01.05 15:13:09.882,0.95156,0.95169,1.21,3.00
2012.01.05 15:13:09.954,0.95157,0.95169,1.73,2.25
2012.01.05 15:13:10.025,0.95157,0.95166,1.13,2.25
2012.01.05 15:13:10.230,0.9516,0.95172,1.13,2.25
2012.01.05 15:13:10.575,0.95157,0.95167,1.13,2.25
2012.01.05 15:13:10.974,0.95154,0.95166,1.14,3.00
2012.01.05 15:13:11.473,0.95149,0.95162,1.50,1.66
2012.01.05 15:13:11.612,0.95148,0.95162,2.85,1.66
2012.01.05 15:13:12.170,0.95148,0.95163,2.25,4.66
