2013.09.03 01:00:00.365,0.93485,0.93498,1.50,2.63
2013.09.03 01:00:00.425,0.93485,0.93498,1.50,2.63
2013.09.03 01:00:00.771,0.93481,0.93496,1.50,3.00
2013.09.03 01:00:01.277,0.93482,0.93497,1.13,3.00
2013.09.03 01:00:04.487,0.93482,0.93496,1.50,1.50
2013.09.03 01:00:04.796,0.93482,0.93496,1.50,1.50
2013.09.03 01:00:09.167,0.93482,0.93497,1.50,1.50
2013.09.03 01:00:09.708,0.93485,0.93499,1.50,5.98
2013.09.03 01:00:10.287,0.93483,0.93497,1.50,1.50
2013.09.03 01:00:20.968,0.93482,0.93495,1.50,2.63
2013.09.03 01:00:21.146,0.9348,0.93491,1.88,1.50
2013.09.03 01:00:21.267,0.9348,0.93493,1.50,1.50
2013.09.03 01:00:21.507,0.93478,0.93493,1.88,2.25
2013.09.03 01:00:21.806,0.93475,0.9349,1.50,1.50
2013.09.03 01:00:21.867,0.93475,0.9349,1.50,2.25
2013.09.03 01:00:21.986,0.93473,0.93488,1.50,1.50
2013.09.03 01:00:24.086,0.93473,0.93488,2.25,1.50
2013.09.03 01:00:24.425,0.93472,0.93487,1.50,1.50
2013.09.03 01:00:25.713,0.93473,0.93487,1.50,1.50
2013.09.03 01:00:26.987,0.93473,0.93486,1.50,1.50
2013.09.03 01:00:30.896,0.93473,0.93486,1.50,1.50
2013.09.03 01:00:40.307,0.93472,0.93482,1.50,1.16
2013.09.03 01:00:40.666,0.93473,0.93484,1.13,1.50
2013.09.03 01:00:40.917,0.93471,0.93484,1.13,1.50
2013.09.03 01:00:41.215,0.93469,0.93484,1.13,3.38
2013.09.03 01:00:41.976,0.93469,0.93483,1.13,1.50
2013.09.03 01:00:43.365,0.93469,0.93483,1.13,1.50
2013.09.03 01:00:43.926,0.93468,0.93481,1.88,2.25
2013.09.03 01:00:44.046,0.93466,0.93481,1.88,3.00
2013.09.03 01:00:44.760,0.93465,0.9348,1.50,2.25
2013.09.03 01:00:45.296,0.93465,0.9348,1.50,2.25
2013.09.03 01:00:46.646,0.93466,0.9348,1.50,1.50
2013.09.03 01:00:46.727,0.93466,0.9348,1.50,1.50
2013.09.03 01:00:48.205,0.93465,0.9348,1.50,1.88
2013.09.03 01:00:48.556,0.93465,0.9348,2.25,1.88
2013.09.03 01:00:49.116,0.93465,0.93479,1.50,1.50
2013.09.03 01:01:12.386,0.93464,0.93477,1.50,1.13
2013.09.03 01:01:12.506,0.93462,0.93476,3.38,1.50
2013.09.03 01:01:13.647,0.93463,0.93477,1.88,2.25
2013.09.03 01:01:13.766,0.93465,0.93478,3.38,1.88
2013.09.03 01:01:14.066,0.93465,0.93479,3.38,1.50
2013.09.03 01:01:16.571,0.93466,0.93479,2.63,1.50
2013.09.03 01:01:16.699,0.93469,0.93481,2.25,1.50
2013.09.03 01:01:16.886,0.93469,0.93483,3.00,1.13
2013.09.03 01:01:18.126,0.9347,0.93483,1.50,1.13
2013.09.03 01:01:19.617,0.93469,0.93483,3.38,1.88
2013.09.03 01:01:24.036,0.93469,0.93483,3.00,1.50
2013.09.03 01:01:24.227,0.9347,0.93484,2.25,1.50
2013.09.03 01:01:24.586,0.93469,0.93482,3.75,3.36
2013.09.03 01:01:24.766,0.93469,0.93481,1.13,1.50
2013.09.03 01:01:25.126,0.93469,0.93481,1.13,2.25
2013.09.03 01:01:29.186,0.93468,0.93481,1.50,2.25
2013.09.03 01:01:29.835,0.93469,0.9348,1.13,1.50
2013.09.03 01:01:41.108,0.93469,0.93482,1.13,1.50
2013.09.03 01:01:43.866,0.93471,0.93485,1.50,1.50
2013.09.03 01:01:43.926,0.93471,0.93485,1.50,1.50
2013.09.03 01:01:44.046,0.93472,0.93486,1.50,3.75
2013.09.03 01:02:08.226,0.93472,0.93486,2.25,2.25
2013.09.03 01:02:08.285,0.93472,0.93486,1.50,2.25
2013.09.03 01:02:08.815,0.93473,0.93486,1.50,2.25
2013.09.03 01:02:30.307,0.93471,0.93483,2.25,1.16
2013.09.03 01:02:30.488,0.93469,0.93482,1.88,3.41
2013.09.03 01:02:30.667,0.93467,0.93481,1.13,1.50
2013.09.03 01:02:30.908,0.93465,0.93478,1.88,1.35
2013.09.03 01:02:32.276,0.93463,0.93478,3.00,1.50
2013.09.03 01:02:32.816,0.93463,0.93477,2.25,1.50
2013.09.03 01:02:33.457,0.93463,0.93478,3.00,1.50
2013.09.03 01:02:34.561,0.93465,0.93477,1.13,1.50
2013.09.03 01:02:45.316,0.93465,0.93477,1.13,2.25
2013.09.03 01:02:45.826,0.93465,0.93477,1.13,2.25
2013.09.03 01:02:49.046,0.93463,0.93477,1.13,1.50
2013.09.03 01:02:49.575,0.93462,0.93477,3.38,1.50
2013.09.03 01:02:50.259,0.93463,0.93477,1.50,1.50
2013.09.03 01:02:56.287,0.93461,0.93475,3.03,6.00
2013.09.03 01:02:56.726,0.93459,0.93472,1.13,1.50
2013.09.03 01:02:57.048,0.93459,0.9347,1.13,1.50
2013.09.03 01:02:57.728,0.93456,0.93469,2.25,1.50
2013.09.03 01:02:58.746,0.93457,0.9347,1.50,1.50
2013.09.03 01:02:59.799,0.93458,0.9347,1.13,2.25
2013.09.03 01:02:59.976,0.93455,0.93469,1.50,1.50
2013.09.03 01:03:00.958,0.93455,0.93469,1.50,1.50
2013.09.03 01:03:07.276,0.93455,0.93469,1.88,1.50
2013.09.03 01:03:14.106,0.93457,0.93469,1.13,1.50
2013.09.03 01:03:14.621,0.93458,0.93469,1.50,1.50
2013.09.03 01:03:16.726,0.93459,0.9347,1.13,2.25
2013.09.03 01:03:17.026,0.93457,0.93468,1.13,1.50
2013.09.03 01:03:19.856,0.93457,0.93469,1.13,1.50
2013.09.03 01:03:20.396,0.93459,0.9347,1.13,2.25
2013.09.03 01:03:20.757,0.93456,0.93468,1.50,1.50
2013.09.03 01:03:23.686,0.93457,0.93468,1.13,1.50
2013.09.03 01:03:24.286,0.93456,0.93468,1.50,1.50
2013.09.03 01:03:25.878,0.93456,0.93469,3.38,1.50
2013.09.03 01:03:26.118,0.93457,0.93472,2.63,1.50
2013.09.03 01:03:26.656,0.93459,0.93473,1.13,1.50
2013.09.03 01:03:27.757,0.93459,0.93473,1.13,1.50
2013.09.03 01:03:28.138,0.93459,0.93473,1.13,2.25
2013.09.03 01:03:30.686,0.9346,0.93473,1.28,1.50
2013.09.03 01:03:30.866,0.9346,0.93475,3.00,1.50
2013.09.03 01:03:32.596,0.9346,0.93474,1.88,2.25
2013.09.03 01:03:33.016,0.93458,0.93473,3.00,1.88
2013.09.03 01:03:33.137,0.93459,0.93471,1.13,1.50
2013.09.03 01:03:33.676,0.9346,0.93471,1.13,1.50
2013.09.03 01:03:34.226,0.93459,0.93471,1.13,1.50
2013.09.03 01:03:35.206,0.93459,0.93472,1.13,2.25
2013.09.03 01:03:36.147,0.93458,0.93472,1.50,1.50
2013.09.03 01:03:36.386,0.93456,0.93471,1.88,1.50
2013.09.03 01:03:36.926,0.93456,0.9347,1.50,1.50
2013.09.03 01:03:38.326,0.93456,0.9347,1.50,2.25
2013.09.03 01:03:39.836,0.93458,0.9347,1.50,1.50
2013.09.03 01:03:40.016,0.93459,0.93473,1.13,1.50
2013.09.03 01:03:40.556,0.93459,0.93473,1.88,1.50
2013.09.03 01:03:42.046,0.93459,0.93473,1.50,4.08
2013.09.03 01:03:42.166,0.93456,0.93471,3.00,1.50
2013.09.03 01:03:42.748,0.93456,0.9347,2.25,1.50
2013.09.03 01:03:43.296,0.93457,0.93471,1.50,2.25
2013.09.03 01:03:43.357,0.93456,0.9347,2.40,1.50
2013.09.03 01:03:43.657,0.9346,0.93473,1.13,1.88
2013.09.03 01:03:43.896,0.9346,0.93474,1.88,1.50
2013.09.03 01:03:44.497,0.93459,0.93471,1.88,1.50
2013.09.03 01:03:46.817,0.93456,0.93471,2.25,2.25
2013.09.03 01:03:47.058,0.93456,0.93471,1.50,2.25
2013.09.03 01:03:47.603,0.93456,0.93469,1.50,1.50
2013.09.03 01:03:48.326,0.93456,0.9347,2.25,1.50
2013.09.03 01:04:14.686,0.93456,0.9347,1.50,2.25
2013.09.03 01:04:20.036,0.93456,0.9347,1.50,2.25
2013.09.03 01:04:20.596,0.93456,0.9347,2.25,1.50
2013.09.03 01:04:21.124,0.93456,0.9347,1.50,2.25
2013.09.03 01:04:28.637,0.93459,0.93473,1.13,2.25
2013.09.03 01:04:29.627,0.93459,0.93473,1.13,1.50
2013.09.03 01:04:31.276,0.93459,0.93473,1.13,2.25
2013.09.03 01:04:33.706,0.93459,0.93473,1.13,2.25
2013.09.03 01:04:34.257,0.93459,0.93473,1.13,2.25
2013.09.03 01:04:35.826,0.93459,0.93472,1.13,1.50
2013.09.03 01:04:36.366,0.93459,0.93473,1.13,2.25
2013.09.03 01:04:38.194,0.93459,0.93473,1.13,2.25
2013.09.03 01:04:40.946,0.93459,0.93472,1.13,1.50
2013.09.03 01:04:41.564,0.93459,0.93472,1.13,1.50
2013.09.03 01:04:42.576,0.93458,0.93472,1.50,2.25
2013.09.03 01:04:42.756,0.93459,0.93471,1.13,2.25
2013.09.03 01:04:42.816,0.93457,0.93471,1.50,1.50
2013.09.03 01:04:43.056,0.93457,0.93471,1.13,1.50
2013.09.03 01:04:43.596,0.93457,0.93472,1.88,2.25
2013.09.03 01:04:44.757,0.93457,0.93471,1.88,1.50
2013.09.03 01:04:46.676,0.93457,0.93471,2.25,1.50
2013.09.03 01:04:46.796,0.9346,0.93474,1.50,4.13
2013.09.03 01:04:47.336,0.93459,0.93472,1.13,1.50
2013.09.03 01:04:47.456,0.93459,0.9347,1.13,1.50
2013.09.03 01:04:47.996,0.93459,0.93472,1.13,1.50
2013.09.03 01:04:50.556,0.93459,0.93472,1.13,1.50
2013.09.03 01:04:51.496,0.93459,0.93472,1.13,1.50
2013.09.03 01:04:52.068,0.93459,0.93471,1.13,1.50
2013.09.03 01:04:53.396,0.93459,0.93472,1.13,1.50
2013.09.03 01:04:58.807,0.93458,0.93471,1.13,1.50
2013.09.03 01:04:59.107,0.93457,0.93471,1.50,1.50
2013.09.03 01:05:00.707,0.93457,0.93472,1.50,2.25
2013.09.03 01:05:02.788,0.93458,0.93472,1.50,1.50
2013.09.03 01:05:03.466,0.93457,0.93472,1.50,2.25
2013.09.03 01:05:05.295,0.93457,0.93472,1.50,1.50
2013.09.03 01:05:09.008,0.93457,0.93472,1.50,1.50
2013.09.03 01:05:09.366,0.9346,0.93473,1.50,1.13
2013.09.03 01:05:09.917,0.93462,0.93474,1.50,1.58
2013.09.03 01:05:10.826,0.93461,0.93475,1.50,2.33
2013.09.03 01:05:11.066,0.93461,0.93475,1.50,2.33
2013.09.03 01:05:12.206,0.93462,0.93475,1.50,2.33
2013.09.03 01:05:18.477,0.93462,0.93475,1.50,1.58
2013.09.03 01:05:22.047,0.93462,0.93473,1.50,1.86
2013.09.03 01:05:22.168,0.93461,0.93473,1.50,2.61
2013.09.03 01:05:22.347,0.9346,0.93473,1.50,2.61
2013.09.03 01:05:22.407,0.93461,0.93473,1.65,1.16
2013.09.03 01:05:22.947,0.93463,0.93473,2.25,1.50
2013.09.03 01:05:23.186,0.93464,0.93478,1.50,1.88
2013.09.03 01:05:23.836,0.93464,0.93476,1.50,1.13
2013.09.03 01:05:24.196,0.93462,0.93476,1.50,1.13
2013.09.03 01:05:44.407,0.93464,0.93477,1.50,1.58
2013.09.03 01:05:44.527,0.93464,0.93476,1.50,1.20
2013.09.03 01:05:45.307,0.93461,0.93475,1.50,1.58
2013.09.03 01:05:47.236,0.93461,0.93475,1.50,1.88
2013.09.03 01:05:47.356,0.93461,0.93473,1.50,2.21
2013.09.03 01:05:47.537,0.93459,0.93473,1.50,4.11
2013.09.03 01:05:47.719,0.93459,0.93473,1.50,3.36
2013.09.03 01:05:48.026,0.93457,0.93472,3.00,1.50
2013.09.03 01:05:48.597,0.93457,0.93472,2.25,1.88
2013.09.03 01:05:49.237,0.93458,0.93472,1.50,1.50
2013.09.03 01:05:49.786,0.93458,0.93472,1.50,1.50
2013.09.03 01:05:51.065,0.93457,0.93472,3.00,2.25
2013.09.03 01:05:51.389,0.93458,0.93472,1.50,2.25
2013.09.03 01:05:55.317,0.93458,0.93472,1.50,2.25
2013.09.03 01:05:55.797,0.93458,0.93473,1.88,2.25
2013.09.03 01:05:56.457,0.93459,0.93473,1.50,4.48
2013.09.03 01:06:05.877,0.93458,0.93472,1.50,1.50
2013.09.03 01:06:06.297,0.93457,0.93471,2.25,1.13
2013.09.03 01:06:06.477,0.93458,0.93472,1.50,1.50
2013.09.03 01:06:11.138,0.93457,0.9347,2.25,3.90
2013.09.03 01:06:11.320,0.93453,0.93464,2.25,2.61
2013.09.03 01:06:11.448,0.9345,0.93463,2.25,1.13
2013.09.03 01:06:11.567,0.93451,0.93464,4.13,2.96
2013.09.03 01:06:11.687,0.93455,0.93468,1.13,1.88
2013.09.03 01:06:11.808,0.93455,0.93468,1.13,2.25
2013.09.03 01:06:11.997,0.93455,0.93468,1.50,1.13
2013.09.03 01:06:12.566,0.93455,0.93469,1.50,2.25
2013.09.03 01:06:19.288,0.93455,0.93468,1.50,1.13
2013.09.03 01:06:27.136,0.93456,0.9347,1.50,3.38
2013.09.03 01:06:27.846,0.93457,0.93471,1.50,2.25
2013.09.03 01:06:28.087,0.93459,0.93471,1.13,1.50
2013.09.03 01:06:29.808,0.93456,0.93471,1.88,1.88
2013.09.03 01:06:32.359,0.93456,0.93471,1.50,2.63
2013.09.03 01:06:33.427,0.93455,0.9347,2.25,1.13
2013.09.03 01:06:33.487,0.93455,0.9347,2.25,1.88
2013.09.03 01:06:33.607,0.93456,0.93469,1.50,1.50
2013.09.03 01:06:40.338,0.93455,0.93469,1.50,1.50
2013.09.03 01:07:15.087,0.93456,0.93469,1.50,1.13
2013.09.03 01:07:15.326,0.93456,0.93471,1.50,1.88
2013.09.03 01:07:19.837,0.93457,0.93471,1.50,1.88
2013.09.03 01:07:22.506,0.93456,0.93471,2.25,1.13
2013.09.03 01:07:26.316,0.93456,0.93471,1.50,1.88
2013.09.03 01:07:26.437,0.93456,0.9347,1.50,1.13
2013.09.03 01:07:27.137,0.93456,0.9347,1.50,1.50
2013.09.03 01:07:37.486,0.93458,0.93472,1.50,1.13
2013.09.03 01:07:37.546,0.93458,0.93473,1.50,2.21
2013.09.03 01:07:38.037,0.93457,0.93471,1.50,1.13
2013.09.03 01:07:57.043,0.93457,0.93471,1.50,1.88
2013.09.03 01:08:27.156,0.93457,0.93471,1.50,1.88
2013.09.03 01:08:50.239,0.93458,0.9347,1.50,2.25
2013.09.03 01:08:50.300,0.93457,0.9347,1.50,2.25
2013.09.03 01:08:50.360,0.93456,0.9347,1.50,1.13
2013.09.03 01:08:50.428,0.93456,0.9347,1.50,1.88
2013.09.03 01:08:50.488,0.93456,0.9347,1.50,1.50
2013.09.03 01:08:50.787,0.93457,0.9347,1.50,1.88
2013.09.03 01:08:51.757,0.93456,0.9347,1.50,2.25
2013.09.03 01:08:52.296,0.93456,0.93471,1.50,3.38
2013.09.03 01:08:54.827,0.93457,0.93471,1.50,2.63
2013.09.03 01:08:55.367,0.93457,0.93472,1.88,1.88
2013.09.03 01:08:55.933,0.93457,0.93472,1.88,1.50
2013.09.03 01:08:56.247,0.93457,0.93472,1.88,1.50
2013.09.03 01:08:57.107,0.93457,0.93471,1.50,1.50
2013.09.03 01:09:04.417,0.93457,0.93473,3.00,4.11
2013.09.03 01:09:05.070,0.93458,0.93473,1.50,4.86
2013.09.03 01:09:05.751,0.93457,0.93472,2.25,1.50
2013.09.03 01:09:06.777,0.93457,0.93471,1.50,1.50
2013.09.03 01:09:06.957,0.93458,0.93473,1.50,4.11
2013.09.03 01:09:07.794,0.93457,0.93472,2.25,1.50
2013.09.03 01:09:14.107,0.93457,0.93471,1.13,1.50
2013.09.03 01:09:14.834,0.93457,0.93472,1.88,1.50
2013.09.03 01:09:16.667,0.93457,0.93471,1.13,1.50
2013.09.03 01:09:18.307,0.93457,0.93472,1.88,2.25
2013.09.03 01:09:18.965,0.93457,0.93471,1.13,1.50
2013.09.03 01:09:20.106,0.93457,0.93472,1.88,2.25
2013.09.03 01:09:22.788,0.93457,0.93471,2.63,1.88
2013.09.03 01:09:23.997,0.93457,0.9347,1.13,1.50
2013.09.03 01:09:28.038,0.93457,0.9347,1.13,1.50
2013.09.03 01:09:28.817,0.93457,0.9347,1.50,1.50
2013.09.03 01:09:30.917,0.93456,0.93469,3.38,1.50
2013.09.03 01:09:31.158,0.93456,0.9347,3.38,1.50
2013.09.03 01:09:31.337,0.93456,0.9347,3.00,1.50
2013.09.03 01:09:33.336,0.93456,0.9347,1.50,1.50
2013.09.03 01:09:35.050,0.93456,0.93469,1.50,2.25
2013.09.03 01:09:35.557,0.93459,0.93471,1.13,2.25
2013.09.03 01:09:36.122,0.93457,0.93472,2.25,1.50
2013.09.03 01:09:46.337,0.93461,0.93473,2.36,1.88
2013.09.03 01:09:46.567,0.93463,0.93474,1.50,1.13
2013.09.03 01:09:46.635,0.93463,0.93478,1.50,3.00
2013.09.03 01:09:47.427,0.93463,0.93478,2.25,3.38
2013.09.03 01:09:48.279,0.93463,0.93477,3.00,1.50
2013.09.03 01:09:48.817,0.93463,0.93477,2.25,1.50
2013.09.03 01:09:49.237,0.93463,0.93476,2.25,1.50
2013.09.03 01:09:49.357,0.93463,0.93475,2.25,2.25
2013.09.03 01:09:49.477,0.93463,0.93474,2.25,1.50
2013.09.03 01:09:50.257,0.93461,0.93473,1.88,2.66
2013.09.03 01:09:50.619,0.93459,0.93473,1.88,2.25
2013.09.03 01:09:50.737,0.93459,0.93473,1.88,2.25
2013.09.03 01:09:50.857,0.93459,0.93473,1.88,2.25
2013.09.03 01:09:50.917,0.93459,0.93473,2.25,2.25
2013.09.03 01:09:51.041,0.93459,0.93473,1.88,2.25
2013.09.03 01:09:52.147,0.93459,0.93473,2.63,2.25
2013.09.03 01:09:53.167,0.93459,0.93473,1.13,2.25
2013.09.03 01:09:53.406,0.93459,0.93472,1.13,1.50
2013.09.03 01:09:54.348,0.93459,0.93472,1.13,1.50
2013.09.03 01:10:13.341,0.9346,0.93475,1.50,2.33
2013.09.03 01:10:13.467,0.93459,0.93473,1.88,1.50
2013.09.03 01:10:13.929,0.93459,0.93473,1.88,1.50
2013.09.03 01:10:16.087,0.93461,0.93473,1.13,3.18
2013.09.03 01:10:16.387,0.9346,0.93472,1.50,1.50
2013.09.03 01:10:16.926,0.9346,0.93471,2.25,1.50
2013.09.03 01:10:18.377,0.93459,0.93471,1.13,1.50
2013.09.03 01:10:20.267,0.93459,0.93473,1.13,2.25
2013.09.03 01:10:21.228,0.93458,0.93472,3.75,1.50
2013.09.03 01:10:21.613,0.93458,0.93469,3.75,1.50
2013.09.03 01:10:21.798,0.93458,0.93469,1.50,2.25
2013.09.03 01:10:21.918,0.93456,0.93468,2.25,1.13
2013.09.03 01:10:21.978,0.93456,0.93468,1.50,1.13
2013.09.03 01:10:22.038,0.93456,0.93468,1.50,1.13
2013.09.03 01:10:22.398,0.93456,0.93467,1.50,1.50
2013.09.03 01:10:22.698,0.93452,0.93467,1.50,1.50
2013.09.03 01:10:22.819,0.9345,0.93465,1.13,1.50
2013.09.03 01:10:24.628,0.9345,0.93464,1.88,1.50
2013.09.03 01:10:24.938,0.93455,0.93467,1.50,1.13
2013.09.03 01:10:28.420,0.93455,0.93469,1.50,1.13
2013.09.03 01:10:37.310,0.93455,0.9347,2.25,1.13
2013.09.03 01:10:37.499,0.93456,0.9347,1.50,1.50
2013.09.03 01:10:37.679,0.93457,0.9347,1.65,1.50
2013.09.03 01:10:37.738,0.93458,0.93471,1.73,1.50
2013.09.03 01:10:37.857,0.93458,0.93471,1.88,1.50
2013.09.03 01:10:38.337,0.93458,0.93473,2.63,1.50
2013.09.03 01:10:38.882,0.93458,0.93474,2.63,1.50
2013.09.03 01:10:40.827,0.93459,0.93473,2.96,1.50
2013.09.03 01:10:41.007,0.93461,0.93477,4.41,4.13
2013.09.03 01:10:42.069,0.93462,0.93476,1.50,2.25
2013.09.03 01:10:42.187,0.93462,0.93477,1.50,1.50
2013.09.03 01:10:44.359,0.93462,0.93478,2.25,2.25
2013.09.03 01:10:45.307,0.93462,0.93477,1.50,1.50
2013.09.03 01:10:45.637,0.93463,0.93477,1.50,1.50
2013.09.03 01:10:52.311,0.93463,0.93474,1.50,1.06
2013.09.03 01:10:52.437,0.93461,0.93473,1.13,2.96
2013.09.03 01:10:52.617,0.93458,0.93472,1.13,2.05
2013.09.03 01:10:52.917,0.93454,0.9347,2.25,1.85
2013.09.03 01:10:53.038,0.93454,0.9347,2.25,1.68
2013.09.03 01:10:57.599,0.93455,0.93469,1.50,1.50
2013.09.03 01:10:58.138,0.93454,0.93469,3.00,2.25
2013.09.03 01:10:58.497,0.93455,0.93469,1.50,2.25
2013.09.03 01:10:58.617,0.93454,0.93469,2.25,2.25
2013.09.03 01:10:59.458,0.93455,0.93469,1.50,2.25
2013.09.03 01:11:10.818,0.93453,0.93468,1.65,1.50
2013.09.03 01:11:11.177,0.93454,0.93466,1.50,1.13
2013.09.03 01:11:11.298,0.93455,0.93469,1.50,1.13
2013.09.03 01:11:11.357,0.93455,0.9347,1.50,1.50
2013.09.03 01:11:11.480,0.93455,0.93469,1.50,1.50
2013.09.03 01:11:12.027,0.93454,0.93468,1.50,1.50
2013.09.03 01:11:19.848,0.93454,0.93466,1.50,1.13
2013.09.03 01:11:22.417,0.93453,0.93463,1.50,4.50
2013.09.03 01:11:22.958,0.93451,0.93465,2.25,1.50
2013.09.03 01:11:23.317,0.93446,0.9346,1.50,1.50
2013.09.03 01:11:23.379,0.93445,0.9346,2.63,1.50
2013.09.03 01:11:27.298,0.93445,0.93459,4.13,1.50
2013.09.03 01:11:27.658,0.93451,0.9346,2.40,1.50
2013.09.03 01:11:27.718,0.93451,0.9346,3.15,1.50
2013.09.03 01:11:27.778,0.93452,0.93463,1.13,1.50
2013.09.03 01:11:27.838,0.93452,0.93466,1.50,1.88
2013.09.03 01:11:27.958,0.93453,0.93468,1.65,2.63
2013.09.03 01:11:28.588,0.93453,0.93468,1.65,1.13
2013.09.03 01:11:31.327,0.93454,0.93468,1.50,1.13
2013.09.03 01:11:31.508,0.93455,0.93468,1.50,1.13
2013.09.03 01:11:33.658,0.93453,0.93468,1.50,1.13
2013.09.03 01:11:34.137,0.93451,0.93465,1.50,1.50
2013.09.03 01:11:34.438,0.93454,0.93464,1.13,2.25
2013.09.03 01:11:34.498,0.93454,0.93467,1.50,1.50
2013.09.03 01:11:45.720,0.93451,0.93464,1.88,1.50
2013.09.03 01:11:46.587,0.93449,0.93464,2.25,5.61
2013.09.03 01:11:46.648,0.93449,0.93462,1.50,1.50
2013.09.03 01:11:47.199,0.93448,0.93462,1.13,1.50
2013.09.03 01:11:48.929,0.93449,0.93461,1.50,1.50
2013.09.03 01:12:48.959,0.93447,0.93462,1.50,1.50
2013.09.03 01:12:58.128,0.93449,0.93462,1.13,2.25
2013.09.03 01:12:58.309,0.93451,0.93464,1.13,2.25
2013.09.03 01:12:58.371,0.93451,0.93464,1.50,1.50
2013.09.03 01:12:58.438,0.93452,0.93466,1.13,2.33
2013.09.03 01:12:58.558,0.93452,0.93466,1.13,1.58
2013.09.03 01:12:58.801,0.93452,0.93464,1.88,1.46
2013.09.03 01:12:59.107,0.93451,0.93463,1.13,1.50
2013.09.03 01:13:28.487,0.93449,0.93463,2.25,1.50
2013.09.03 01:13:29.017,0.93449,0.93464,3.00,4.11
2013.09.03 01:13:29.579,0.93449,0.93463,2.25,1.50
2013.09.03 01:13:30.568,0.93449,0.93463,2.25,1.50
2013.09.03 01:13:49.711,0.93449,0.93463,1.50,2.25
2013.09.03 01:13:50.418,0.93449,0.93462,1.50,1.50
2013.09.03 01:14:00.058,0.93447,0.93461,2.25,2.25
2013.09.03 01:14:00.237,0.93447,0.93459,1.13,1.13
2013.09.03 01:14:00.800,0.93445,0.93459,1.50,1.13
2013.09.03 01:14:02.397,0.93445,0.93459,1.50,1.88
2013.09.03 01:14:10.899,0.93444,0.93459,2.40,1.88
2013.09.03 01:14:11.077,0.93446,0.93459,1.50,1.13
2013.09.03 01:14:12.958,0.93447,0.93461,1.50,1.50
2013.09.03 01:14:13.357,0.93447,0.93461,1.50,1.50
2013.09.03 01:14:40.093,0.93446,0.93455,1.50,1.46
2013.09.03 01:14:40.400,0.93444,0.93455,1.50,2.61
2013.09.03 01:14:40.527,0.93442,0.93455,1.13,2.98
2013.09.03 01:14:40.827,0.93441,0.93455,1.88,3.73
2013.09.03 01:14:41.368,0.9344,0.93455,1.88,4.48
2013.09.03 01:14:42.023,0.93439,0.93455,2.63,4.48
2013.09.03 01:14:45.639,0.9344,0.93454,1.50,1.50
2013.09.03 01:14:48.448,0.93439,0.93454,2.25,1.88
2013.09.03 01:14:48.988,0.93439,0.93453,1.50,1.50
2013.09.03 01:14:49.647,0.93439,0.93453,2.25,1.50
2013.09.03 01:14:52.098,0.9344,0.93454,1.50,2.63
2013.09.03 01:14:52.279,0.93442,0.93455,1.88,2.25
2013.09.03 01:14:52.460,0.93444,0.93459,1.65,1.50
2013.09.03 01:14:52.640,0.93444,0.93459,3.15,1.13
2013.09.03 01:14:52.759,0.93446,0.93461,1.13,1.50
2013.09.03 01:14:53.298,0.93445,0.93461,1.88,1.50
2013.09.03 01:14:55.537,0.93446,0.9346,1.13,1.50
2013.09.03 01:14:56.137,0.93445,0.9346,2.25,2.25
2013.09.03 01:14:56.849,0.93446,0.9346,1.13,1.50
2013.09.03 01:14:57.304,0.93447,0.9346,1.13,1.50
2013.09.03 01:15:04.298,0.93447,0.93461,1.13,2.25
2013.09.03 01:15:04.357,0.93447,0.9346,1.13,1.50
2013.09.03 01:15:12.602,0.93447,0.9346,1.13,1.50
2013.09.03 01:15:12.787,0.93446,0.9346,1.88,1.50
2013.09.03 01:15:13.248,0.93447,0.9346,1.13,1.50
2013.09.03 01:15:25.177,0.93447,0.9346,1.13,1.50
2013.09.03 01:16:25.287,0.93447,0.93462,1.13,1.50
2013.09.03 01:16:33.268,0.93447,0.93463,1.88,1.50
2013.09.03 01:16:33.572,0.93447,0.93461,3.00,1.50
2013.09.03 01:16:34.298,0.93451,0.93464,1.50,3.36
2013.09.03 01:16:34.558,0.93449,0.93463,1.88,1.50
2013.09.03 01:16:38.588,0.93449,0.93463,1.50,1.50
2013.09.03 01:16:40.283,0.93449,0.93462,1.50,1.50
2013.09.03 01:16:40.408,0.93453,0.93462,1.50,1.50
2013.09.03 01:16:40.528,0.93453,0.93464,3.00,1.13
2013.09.03 01:16:40.588,0.93455,0.93467,1.71,1.50
2013.09.03 01:16:40.889,0.93455,0.93468,1.50,1.50
2013.09.03 01:16:41.007,0.93452,0.93467,4.68,1.50
2013.09.03 01:16:41.067,0.93453,0.93468,1.65,2.25
2013.09.03 01:16:41.188,0.93454,0.93469,2.25,1.50
2013.09.03 01:16:41.428,0.93456,0.93471,1.13,1.50
2013.09.03 01:16:41.669,0.93458,0.93472,1.50,1.13
2013.09.03 01:16:42.088,0.9346,0.93476,1.50,1.88
2013.09.03 01:16:44.083,0.9346,0.93475,1.50,2.40
2013.09.03 01:16:44.208,0.93459,0.93473,1.13,1.50
2013.09.03 01:16:46.220,0.93459,0.93472,1.13,1.50
2013.09.03 01:16:46.818,0.93459,0.93473,1.13,4.16
2013.09.03 01:16:47.179,0.93458,0.93472,1.50,1.50
2013.09.03 01:16:47.897,0.93459,0.93471,1.13,1.50
2013.09.03 01:16:48.828,0.93459,0.93471,1.13,2.25
2013.09.03 01:16:49.362,0.93457,0.93471,1.88,1.50
2013.09.03 01:16:50.108,0.93459,0.93473,1.88,1.50
2013.09.03 01:16:50.168,0.93459,0.93473,1.88,2.25
2013.09.03 01:16:50.828,0.93456,0.93471,2.25,1.50
2013.09.03 01:16:51.449,0.93456,0.93471,1.50,3.00
2013.09.03 01:16:52.198,0.93456,0.9347,1.50,1.50
2013.09.03 01:16:54.329,0.93459,0.93471,1.13,2.25
2013.09.03 01:16:54.631,0.93457,0.9347,1.13,1.50
2013.09.03 01:16:55.058,0.93456,0.9347,1.13,1.50
2013.09.03 01:17:08.889,0.93456,0.93471,1.13,2.25
2013.09.03 01:17:09.010,0.93457,0.9347,1.13,1.50
2013.09.03 01:17:09.379,0.93456,0.93471,2.63,2.25
2013.09.03 01:17:09.560,0.93456,0.9347,2.63,1.50
2013.09.03 01:17:13.009,0.93457,0.9347,1.13,1.50
2013.09.03 01:17:25.098,0.93457,0.9347,1.13,1.50
2013.09.03 01:18:00.469,0.93457,0.9347,1.50,1.50
2013.09.03 01:18:00.528,0.93459,0.93471,1.50,2.25
2013.09.03 01:18:00.829,0.93459,0.93473,1.13,1.50
2013.09.03 01:18:01.390,0.93459,0.93474,1.88,2.25
2013.09.03 01:18:02.074,0.9346,0.93474,1.50,1.50
2013.09.03 01:18:02.587,0.9346,0.93475,1.50,1.50
2013.09.03 01:18:02.887,0.9346,0.93475,1.50,1.50
2013.09.03 01:18:03.467,0.9346,0.93475,2.25,1.50
2013.09.03 01:18:04.268,0.9346,0.93475,1.50,1.50
2013.09.03 01:18:04.327,0.9346,0.93475,2.25,1.50
2013.09.03 01:18:04.847,0.93459,0.93473,1.88,1.50
2013.09.03 01:18:05.968,0.9346,0.93473,1.28,1.50
2013.09.03 01:18:19.439,0.93461,0.93475,3.66,1.50
2013.09.03 01:18:19.558,0.93462,0.93477,1.50,1.50
2013.09.03 01:18:19.618,0.93462,0.93477,1.50,1.50
2013.09.03 01:18:19.678,0.93462,0.93477,1.50,1.50
2013.09.03 01:18:19.858,0.93462,0.93478,1.88,2.25
2013.09.03 01:18:20.400,0.93463,0.93478,1.50,1.50
2013.09.03 01:18:21.909,0.93463,0.93478,2.25,1.50
2013.09.03 01:18:22.710,0.93464,0.93478,1.50,1.50
2013.09.03 01:18:25.448,0.93463,0.93478,1.50,2.25
2013.09.03 01:18:25.748,0.93462,0.93476,1.13,1.50
2013.09.03 01:18:26.618,0.93462,0.93475,1.13,1.50
2013.09.03 01:18:30.428,0.93461,0.93473,1.13,2.66
2013.09.03 01:18:30.488,0.93458,0.93473,2.25,4.86
2013.09.03 01:18:30.549,0.93458,0.9347,1.13,1.50
2013.09.03 01:18:30.851,0.9346,0.9347,1.13,1.50
2013.09.03 01:18:31.099,0.93457,0.9347,1.13,1.50
2013.09.03 01:18:47.091,0.93461,0.93469,2.36,1.50
2013.09.03 01:18:47.270,0.93461,0.93472,3.13,1.50
2013.09.03 01:18:47.688,0.93463,0.93476,1.50,1.50
2013.09.03 01:18:47.808,0.93464,0.93479,1.13,1.50
2013.09.03 01:18:48.334,0.93465,0.9348,1.13,2.25
2013.09.03 01:18:49.418,0.93465,0.93479,1.13,1.50
2013.09.03 01:18:51.488,0.93464,0.93478,1.88,1.50
2013.09.03 01:18:52.044,0.93465,0.93479,1.88,1.50
2013.09.03 01:19:10.688,0.93465,0.93479,1.88,1.50
2013.09.03 01:19:14.289,0.93465,0.93479,1.88,1.50
2013.09.03 01:19:21.419,0.93465,0.93479,1.13,1.50
2013.09.03 01:19:21.957,0.93463,0.93478,2.25,1.50
2013.09.03 01:19:22.518,0.93464,0.93478,1.50,1.50
2013.09.03 01:19:39.089,0.93464,0.93473,1.50,1.46
2013.09.03 01:19:39.269,0.93461,0.93475,1.50,1.13
2013.09.03 01:19:39.808,0.9346,0.93475,2.25,1.50
2013.09.03 01:19:41.317,0.93461,0.93475,1.50,1.50
2013.09.03 01:19:41.848,0.93461,0.93476,2.25,1.88
2013.09.03 01:19:42.471,0.93462,0.93476,1.50,1.13
2013.09.03 01:19:54.159,0.93463,0.93476,1.50,1.13
2013.09.03 01:19:54.279,0.93464,0.93477,1.50,1.13
2013.09.03 01:19:54.338,0.93464,0.93477,1.50,1.13
2013.09.03 01:19:56.002,0.93464,0.93478,2.25,1.13
2013.09.03 01:19:58.159,0.93464,0.93478,1.50,1.13
2013.09.03 01:19:58.699,0.93463,0.93476,1.50,1.13
2013.09.03 01:19:58.878,0.93463,0.93477,2.25,1.13
2013.09.03 01:19:59.668,0.93464,0.93478,1.50,1.88
2013.09.03 01:20:00.748,0.93464,0.93479,2.63,1.50
2013.09.03 01:20:01.288,0.93464,0.93478,1.88,1.50
2013.09.03 01:20:01.838,0.93465,0.93478,1.50,1.13
2013.09.03 01:20:08.580,0.93463,0.93477,1.50,1.13
2013.09.03 01:20:09.328,0.93464,0.93476,1.50,1.13
2013.09.03 01:20:10.168,0.93464,0.93476,1.50,1.13
2013.09.03 01:20:19.318,0.93464,0.93479,1.50,1.88
2013.09.03 01:20:22.531,0.93465,0.93479,1.13,1.50
2013.09.03 01:20:23.756,0.93465,0.93479,1.88,1.50
2013.09.03 01:20:25.149,0.93464,0.93478,2.63,1.50
2013.09.03 01:20:25.209,0.93463,0.93476,1.88,1.13
2013.09.03 01:20:25.748,0.93464,0.93476,1.50,1.13
2013.09.03 01:20:26.299,0.93464,0.93476,1.50,1.13
2013.09.03 01:20:28.118,0.93464,0.93476,2.25,1.13
2013.09.03 01:20:28.298,0.93464,0.93478,1.88,1.13
2013.09.03 01:20:28.818,0.93464,0.93479,1.88,1.50
2013.09.03 01:20:29.098,0.93465,0.93479,1.50,1.50
2013.09.03 01:21:02.108,0.93464,0.93478,1.88,1.50
2013.09.03 01:21:03.046,0.93464,0.93478,1.88,1.50
2013.09.03 01:21:06.858,0.93463,0.93478,1.88,1.50
2013.09.03 01:21:07.395,0.93464,0.93478,1.50,1.50
2013.09.03 01:21:10.198,0.93463,0.93476,2.25,1.13
2013.09.03 01:21:10.767,0.93464,0.93478,1.50,1.50
2013.09.03 01:21:17.898,0.93462,0.93476,1.50,1.13
2013.09.03 01:21:18.448,0.93461,0.93476,2.25,1.88
2013.09.03 01:21:18.902,0.93462,0.93476,1.50,1.88
2013.09.03 01:21:20.299,0.93462,0.93476,2.25,1.13
2013.09.03 01:21:21.380,0.93462,0.93473,1.50,2.25
2013.09.03 01:21:21.561,0.93455,0.93471,1.88,1.13
2013.09.03 01:21:21.628,0.93455,0.93471,1.88,1.88
2013.09.03 01:21:22.178,0.93456,0.93471,1.50,1.13
2013.09.03 01:21:22.884,0.93456,0.93471,1.50,1.88
2013.09.03 01:21:23.035,0.93459,0.93471,2.63,1.88
2013.09.03 01:21:23.278,0.93457,0.93471,1.50,2.63
2013.09.03 01:21:23.520,0.93456,0.9347,2.63,1.13
2013.09.03 01:21:23.878,0.93461,0.93471,2.01,1.13
2013.09.03 01:21:24.389,0.93459,0.93471,1.50,1.13
2013.09.03 01:21:24.938,0.93459,0.9347,1.50,1.13
2013.09.03 01:21:24.998,0.93459,0.9347,1.50,1.13
2013.09.03 01:21:30.370,0.93457,0.9347,1.50,1.13
2013.09.03 01:21:30.739,0.93456,0.93469,1.50,1.13
2013.09.03 01:21:31.279,0.93455,0.93469,1.50,2.63
2013.09.03 01:21:34.188,0.93456,0.93468,1.50,1.13
2013.09.03 01:21:49.468,0.93455,0.93468,2.25,1.50
2013.09.03 01:21:50.099,0.93456,0.93468,1.50,1.50
2013.09.03 01:22:20.168,0.93455,0.93469,1.13,3.00
2013.09.03 01:22:20.348,0.93454,0.93468,1.50,1.88
2013.09.03 01:22:21.318,0.93455,0.93468,1.13,1.13
2013.09.03 01:22:21.688,0.93455,0.93468,1.13,1.50
2013.09.03 01:22:29.908,0.93454,0.93468,1.50,2.25
2013.09.03 01:22:30.449,0.93454,0.93468,1.88,1.88
2013.09.03 01:23:21.617,0.93454,0.93468,1.13,1.50
2013.09.03 01:23:30.712,0.93454,0.93468,1.13,1.50
2013.09.03 01:23:31.318,0.93454,0.93468,1.13,1.50
2013.09.03 01:23:40.488,0.93453,0.93468,1.65,1.50
2013.09.03 01:23:40.548,0.93454,0.93467,1.50,1.50
2013.09.03 01:24:07.329,0.93455,0.93469,1.50,3.38
2013.09.03 01:24:07.569,0.93457,0.9347,1.50,1.13
2013.09.03 01:24:07.749,0.93457,0.9347,1.50,1.13
2013.09.03 01:24:07.808,0.93457,0.93472,1.50,2.63
2013.09.03 01:24:09.791,0.93458,0.93472,1.50,2.63
2013.09.03 01:24:10.359,0.93458,0.9347,1.50,1.13
2013.09.03 01:24:10.419,0.93458,0.9347,1.50,1.13
2013.09.03 01:24:10.660,0.93456,0.93469,1.50,1.13
2013.09.03 01:24:12.179,0.93456,0.93469,1.50,2.63
2013.09.03 01:24:12.909,0.93457,0.93469,1.50,2.63
2013.09.03 01:24:13.149,0.93456,0.93469,1.50,1.88
2013.09.03 01:24:13.673,0.93455,0.93469,1.50,2.63
2013.09.03 01:24:14.740,0.93456,0.93469,1.50,2.63
2013.09.03 01:24:18.159,0.93456,0.93469,1.50,1.88
2013.09.03 01:24:18.699,0.93456,0.93469,2.25,2.63
2013.09.03 01:24:18.938,0.93456,0.93469,2.25,1.13
2013.09.03 01:24:19.421,0.93459,0.9347,2.48,1.50
2013.09.03 01:24:19.540,0.9346,0.93473,1.13,1.50
2013.09.03 01:24:19.868,0.9346,0.93473,1.88,1.13
2013.09.03 01:24:21.238,0.9346,0.9347,1.13,1.13
2013.09.03 01:24:38.721,0.9346,0.9347,1.50,1.13
2013.09.03 01:24:38.841,0.93456,0.9347,3.75,1.13
2013.09.03 01:24:39.388,0.93455,0.93469,1.50,2.25
2013.09.03 01:24:39.509,0.93456,0.93469,1.50,2.25
2013.09.03 01:24:39.810,0.93461,0.93469,1.13,1.13
2013.09.03 01:24:39.990,0.9346,0.9347,2.63,1.13
2013.09.03 01:24:40.169,0.93461,0.93473,1.65,1.13
2013.09.03 01:24:40.349,0.9346,0.93471,3.38,1.13
2013.09.03 01:24:43.489,0.93461,0.93473,2.81,1.88
2013.09.03 01:24:44.037,0.93461,0.93473,4.26,1.50
2013.09.03 01:24:44.518,0.93461,0.93473,4.31,1.50
2013.09.03 01:24:44.998,0.93461,0.93471,3.56,1.13
2013.09.03 01:24:45.179,0.93461,0.93471,1.65,1.50
2013.09.03 01:24:45.758,0.93461,0.93472,1.65,1.13
2013.09.03 01:24:47.578,0.9346,0.9347,3.38,1.13
2013.09.03 01:24:48.900,0.93459,0.9347,1.50,1.13
2013.09.03 01:24:49.449,0.93457,0.9347,1.50,1.13
2013.09.03 01:24:49.509,0.93456,0.9347,2.25,3.00
2013.09.03 01:24:50.153,0.93457,0.9347,1.50,1.13
2013.09.03 01:24:50.959,0.93457,0.9347,1.50,1.88
2013.09.03 01:25:04.271,0.93457,0.93471,1.50,1.88
2013.09.03 01:25:04.330,0.93456,0.93471,3.00,1.88
2013.09.03 01:25:04.928,0.93456,0.9347,2.25,1.50
2013.09.03 01:25:05.478,0.93455,0.9347,2.63,1.50
2013.09.03 01:25:06.035,0.93456,0.9347,1.50,1.88
2013.09.03 01:25:09.829,0.93456,0.93471,1.50,2.63
2013.09.03 01:25:10.429,0.93456,0.9347,1.50,1.50
2013.09.03 01:25:17.580,0.93454,0.93468,1.13,1.50
2013.09.03 01:25:19.143,0.93454,0.93468,1.88,1.50
2013.09.03 01:25:19.839,0.93455,0.93468,1.13,1.50
2013.09.03 01:25:20.449,0.93455,0.93469,1.88,1.50
2013.09.03 01:25:20.750,0.93457,0.93471,1.50,1.88
2013.09.03 01:25:20.810,0.93456,0.93471,2.25,1.88
2013.09.03 01:25:21.289,0.93457,0.93471,1.50,1.88
2013.09.03 01:25:21.410,0.93457,0.93471,1.50,1.88
2013.09.03 01:25:21.959,0.93457,0.93471,2.25,1.13
2013.09.03 01:25:22.781,0.93458,0.93471,1.50,1.13
2013.09.03 01:25:23.288,0.93458,0.93471,1.65,1.13
2013.09.03 01:25:23.469,0.93459,0.93473,3.23,1.50
2013.09.03 01:25:24.008,0.9346,0.93473,1.13,1.88
2013.09.03 01:25:25.140,0.9346,0.93473,1.88,1.88
2013.09.03 01:25:28.170,0.9346,0.93473,1.50,1.88
2013.09.03 01:25:28.709,0.93458,0.93471,1.50,1.50
2013.09.03 01:25:29.249,0.93459,0.93473,2.85,1.88
2013.09.03 01:25:29.871,0.93457,0.93471,1.50,1.50
2013.09.03 01:25:30.418,0.93458,0.93471,1.50,1.50
2013.09.03 01:25:30.659,0.93456,0.93471,1.50,3.00
2013.09.03 01:25:31.488,0.93457,0.93471,1.50,2.25
2013.09.03 01:25:32.919,0.93457,0.93471,1.50,1.13
2013.09.03 01:25:33.609,0.93457,0.93471,2.25,1.13
2013.09.03 01:25:52.041,0.93457,0.93471,2.25,1.13
2013.09.03 01:25:52.219,0.93457,0.93471,1.50,2.63
2013.09.03 01:26:05.163,0.93458,0.93472,3.00,1.88
2013.09.03 01:26:10.170,0.93459,0.93472,1.50,1.13
2013.09.03 01:26:10.621,0.9346,0.93472,1.50,1.13
2013.09.03 01:26:12.139,0.9346,0.93472,1.50,2.25
2013.09.03 01:26:20.419,0.9346,0.93472,3.38,1.50
2013.09.03 01:26:20.600,0.93462,0.93474,1.13,1.50
2013.09.03 01:26:20.660,0.93462,0.93476,1.13,1.88
2013.09.03 01:26:21.410,0.93462,0.93476,1.88,1.50
2013.09.03 01:26:22.130,0.93462,0.93477,1.13,2.63
2013.09.03 01:26:23.249,0.93463,0.93476,1.13,1.50
2013.09.03 01:26:26.719,0.93461,0.93473,1.88,1.88
2013.09.03 01:26:26.780,0.93461,0.93473,1.13,3.00
2013.09.03 01:26:26.900,0.93458,0.93472,1.88,1.50
2013.09.03 01:26:28.631,0.93459,0.93472,1.50,1.88
2013.09.03 01:26:36.830,0.93457,0.93471,1.88,2.25
2013.09.03 01:26:37.379,0.93458,0.9347,1.13,1.50
2013.09.03 01:27:00.669,0.93458,0.93472,1.13,3.75
2013.09.03 01:27:01.089,0.93459,0.93472,1.50,2.25
2013.09.03 01:27:02.020,0.93458,0.93472,2.63,3.00
2013.09.03 01:27:20.449,0.93458,0.93472,1.88,3.38
2013.09.03 01:27:23.511,0.9346,0.93472,1.13,1.50
2013.09.03 01:27:24.105,0.9346,0.93472,1.13,2.25
2013.09.03 01:27:30.579,0.93458,0.93471,1.50,1.50
2013.09.03 01:27:35.892,0.9346,0.93471,1.13,1.50
2013.09.03 01:27:42.000,0.93458,0.93472,2.25,1.88
2013.09.03 01:28:42.210,0.93457,0.93472,1.50,1.50
2013.09.03 01:28:44.460,0.93457,0.93471,1.50,1.50
2013.09.03 01:28:44.999,0.93457,0.93471,2.25,2.25
2013.09.03 01:28:45.299,0.93455,0.9347,2.25,1.88
2013.09.03 01:28:45.819,0.93456,0.9347,1.50,1.13
2013.09.03 01:28:46.390,0.93457,0.9347,1.50,1.13
2013.09.03 01:28:49.759,0.93457,0.9347,1.50,1.13
2013.09.03 01:29:02.340,0.93456,0.9347,2.25,1.13
2013.09.03 01:29:02.879,0.93457,0.93471,2.25,2.63
2013.09.03 01:29:31.259,0.93457,0.93471,1.50,2.63
2013.09.03 01:29:55.280,0.93457,0.93471,2.25,1.50
2013.09.03 01:29:55.840,0.93459,0.93471,1.50,1.50
2013.09.03 01:30:02.095,0.93461,0.93471,1.01,1.50
2013.09.03 01:30:02.342,0.93461,0.93476,5.01,2.25
2013.09.03 01:30:02.930,0.93465,0.93479,3.00,1.88
2013.09.03 01:30:03.061,0.93468,0.93482,2.25,2.63
2013.09.03 01:30:03.123,0.93468,0.93482,4.50,1.50
2013.09.03 01:30:03.192,0.93471,0.93485,1.50,2.25
2013.09.03 01:30:03.261,0.9347,0.93485,1.50,3.08
2013.09.03 01:30:03.382,0.93467,0.93482,1.13,1.50
2013.09.03 01:30:03.931,0.93466,0.93482,1.50,1.50
2013.09.03 01:30:04.531,0.93464,0.9348,2.63,1.50
2013.09.03 01:30:05.070,0.93464,0.93479,1.50,1.50
2013.09.03 01:30:05.551,0.93464,0.93478,1.50,1.50
2013.09.03 01:30:05.970,0.93462,0.93476,1.50,1.50
2013.09.03 01:30:06.089,0.93461,0.93475,1.88,1.50
2013.09.03 01:30:06.210,0.93462,0.93476,1.50,1.50
2013.09.03 01:30:06.330,0.93462,0.93476,1.50,1.50
2013.09.03 01:30:07.211,0.93464,0.93478,1.50,1.50
2013.09.03 01:30:07.751,0.93464,0.93478,1.13,1.50
2013.09.03 01:30:08.951,0.93464,0.93476,1.13,1.50
2013.09.03 01:30:11.483,0.93464,0.93478,1.50,1.88
2013.09.03 01:30:12.030,0.93464,0.93478,1.50,1.50
2013.09.03 01:30:12.212,0.93464,0.93478,1.50,1.50
2013.09.03 01:30:22.543,0.93463,0.93476,1.50,3.00
2013.09.03 01:30:22.850,0.93462,0.93475,2.25,2.03
2013.09.03 01:30:23.153,0.93462,0.93473,1.50,1.50
2013.09.03 01:30:23.640,0.9346,0.93473,1.13,1.50
2013.09.03 01:30:25.621,0.9346,0.93472,1.13,1.50
2013.09.03 01:30:30.640,0.93458,0.93472,1.88,1.88
2013.09.03 01:30:31.181,0.93458,0.93472,1.88,1.88
2013.09.03 01:30:32.901,0.93458,0.93471,1.50,1.50
2013.09.03 01:30:45.190,0.93458,0.93471,1.13,1.50
2013.09.03 01:30:45.730,0.93455,0.93469,1.13,2.25
2013.09.03 01:30:46.269,0.93454,0.93469,1.88,2.25
2013.09.03 01:30:46.810,0.93455,0.93469,1.13,1.50
2013.09.03 01:30:47.111,0.93455,0.93469,1.13,1.88
2013.09.03 01:30:47.652,0.93456,0.93469,1.13,1.50
2013.09.03 01:30:51.171,0.93454,0.93467,1.73,2.25
2013.09.03 01:30:51.480,0.93452,0.93464,2.48,5.46
2013.09.03 01:30:51.661,0.93445,0.9346,1.13,1.50
2013.09.03 01:30:52.212,0.93446,0.9346,1.13,1.13
2013.09.03 01:30:53.701,0.93449,0.93463,1.50,1.88
2013.09.03 01:30:57.140,0.93449,0.93463,1.50,1.88
2013.09.03 01:30:59.480,0.93449,0.93463,1.88,1.50
2013.09.03 01:31:09.121,0.93448,0.93462,2.25,1.13
2013.09.03 01:31:09.245,0.93446,0.93461,2.25,1.50
2013.09.03 01:31:09.802,0.93447,0.93461,1.88,1.50
2013.09.03 01:31:16.430,0.93444,0.93459,2.25,1.50
2013.09.03 01:31:16.609,0.93445,0.93459,2.25,1.50
2013.09.03 01:31:24.111,0.93445,0.93459,1.13,2.25
2013.09.03 01:31:24.471,0.93439,0.93454,1.13,1.50
2013.09.03 01:31:24.590,0.93438,0.93454,1.50,1.50
2013.09.03 01:31:27.651,0.93438,0.93453,1.50,1.88
2013.09.03 01:31:29.143,0.93439,0.93453,1.50,1.88
2013.09.03 01:31:29.833,0.9344,0.93453,1.50,1.13
2013.09.03 01:31:30.380,0.93439,0.93453,1.50,1.88
2013.09.03 01:31:39.290,0.9344,0.93453,1.50,1.73
2013.09.03 01:31:39.651,0.93439,0.93453,1.50,1.88
2013.09.03 01:31:40.238,0.93439,0.93453,2.25,1.13
2013.09.03 01:31:41.541,0.93439,0.93453,2.25,1.88
2013.09.03 01:32:01.442,0.93439,0.93453,1.65,1.50
2013.09.03 01:32:01.513,0.9344,0.93454,1.65,2.25
2013.09.03 01:32:01.701,0.93445,0.93458,1.13,1.13
2013.09.03 01:32:01.762,0.93444,0.93458,1.28,1.88
2013.09.03 01:32:02.193,0.93446,0.9346,1.13,1.13
2013.09.03 01:32:03.172,0.93446,0.9346,1.13,1.50
2013.09.03 01:32:05.480,0.93446,0.9346,1.13,1.50
2013.09.03 01:32:06.481,0.93447,0.93459,1.13,1.50
2013.09.03 01:32:08.570,0.93445,0.9346,1.88,2.25
2013.09.03 01:32:08.750,0.93445,0.93458,1.50,1.13
2013.09.03 01:32:09.050,0.93445,0.93458,1.13,1.13
2013.09.03 01:32:09.231,0.93444,0.93458,1.65,1.88
2013.09.03 01:32:09.711,0.93446,0.93461,1.13,1.50
2013.09.03 01:32:09.830,0.93447,0.93461,1.50,1.50
2013.09.03 01:32:09.950,0.93448,0.93462,1.50,1.50
2013.09.03 01:32:10.900,0.93448,0.93462,2.25,1.50
2013.09.03 01:32:11.499,0.93448,0.93463,1.50,2.25
2013.09.03 01:32:17.241,0.9345,0.93463,1.13,1.50
2013.09.03 01:32:18.083,0.9345,0.93462,1.13,1.50
2013.09.03 01:32:20.402,0.9345,0.93462,1.13,1.50
2013.09.03 01:32:22.536,0.9345,0.93462,1.13,2.25
2013.09.03 01:32:25.130,0.9345,0.93462,1.13,1.50
2013.09.03 01:32:25.550,0.93449,0.93463,1.50,2.25
2013.09.03 01:32:25.610,0.9345,0.93465,1.50,1.50
2013.09.03 01:32:25.670,0.9345,0.93464,1.13,1.13
2013.09.03 01:32:25.970,0.9345,0.93464,1.13,1.50
2013.09.03 01:32:26.642,0.93451,0.93465,2.25,1.88
2013.09.03 01:32:27.192,0.93453,0.93467,1.28,1.13
2013.09.03 01:32:27.431,0.93452,0.93464,3.00,1.13
2013.09.03 01:32:27.730,0.93454,0.93466,1.50,1.13
2013.09.03 01:32:27.970,0.93452,0.93465,1.50,1.13
2013.09.03 01:32:29.930,0.93453,0.93466,1.50,1.13
2013.09.03 01:32:30.451,0.93453,0.93467,2.10,1.13
2013.09.03 01:32:31.173,0.93453,0.93467,2.10,1.88
2013.09.03 01:32:32.280,0.93453,0.93466,1.88,1.50
2013.09.03 01:32:32.521,0.93452,0.93465,1.50,2.63
2013.09.03 01:32:46.929,0.93453,0.93464,1.50,1.13
2013.09.03 01:32:46.998,0.93451,0.93465,4.88,1.88
2013.09.03 01:32:51.251,0.9345,0.93464,1.88,1.88
2013.09.03 01:32:51.311,0.9345,0.93464,1.13,2.25
2013.09.03 01:32:51.610,0.93451,0.93462,1.65,1.13
2013.09.03 01:32:51.851,0.93453,0.93467,1.50,1.50
2013.09.03 01:32:52.449,0.93451,0.93464,1.50,1.13
2013.09.03 01:32:58.380,0.9345,0.93464,2.63,1.13
2013.09.03 01:32:58.682,0.93449,0.93463,1.50,1.13
2013.09.03 01:32:58.864,0.93446,0.93461,1.88,1.13
2013.09.03 01:32:58.932,0.93446,0.93461,1.88,1.88
2013.09.03 01:32:59.670,0.93447,0.93462,1.50,2.25
2013.09.03 01:33:00.189,0.93446,0.93461,1.88,1.13
2013.09.03 01:33:00.800,0.93447,0.93461,1.50,1.13
2013.09.03 01:33:02.121,0.93447,0.9346,2.25,1.13
2013.09.03 01:33:02.640,0.93446,0.9346,1.88,1.13
2013.09.03 01:33:02.880,0.93446,0.9346,1.50,1.13
2013.09.03 01:33:03.301,0.93447,0.93461,1.50,2.63
2013.09.03 01:33:03.360,0.93447,0.93461,2.25,1.88
2013.09.03 01:33:03.480,0.93448,0.93462,2.63,1.13
2013.09.03 01:33:03.720,0.93452,0.93464,1.13,1.13
2013.09.03 01:33:04.021,0.93453,0.93468,1.13,2.25
2013.09.03 01:33:04.200,0.93453,0.93468,1.50,1.13
2013.09.03 01:33:04.441,0.93454,0.93469,1.50,1.50
2013.09.03 01:33:04.861,0.93454,0.93469,1.50,1.50
2013.09.03 01:33:06.263,0.93454,0.93468,2.25,2.25
2013.09.03 01:33:06.330,0.93454,0.93468,1.50,2.25
2013.09.03 01:33:06.882,0.93454,0.93469,2.25,2.25
2013.09.03 01:33:07.061,0.93454,0.93468,2.25,1.88
2013.09.03 01:33:07.541,0.93454,0.93468,1.50,3.00
2013.09.03 01:33:07.660,0.93454,0.93468,1.50,1.50
2013.09.03 01:33:08.250,0.93456,0.93469,1.50,1.50
2013.09.03 01:33:08.910,0.93457,0.9347,1.50,2.25
2013.09.03 01:33:09.450,0.93457,0.93471,1.50,1.88
2013.09.03 01:33:09.990,0.93457,0.93471,1.50,1.88
2013.09.03 01:33:10.350,0.93457,0.93471,1.50,2.63
2013.09.03 01:33:10.531,0.93456,0.9347,1.88,1.13
2013.09.03 01:33:10.890,0.93457,0.9347,2.25,1.13
2013.09.03 01:33:11.070,0.93456,0.9347,1.13,1.88
2013.09.03 01:33:11.670,0.93456,0.9347,1.88,1.13
2013.09.03 01:33:11.852,0.93456,0.9347,1.88,1.88
2013.09.03 01:33:14.283,0.93456,0.9347,1.50,1.88
2013.09.03 01:33:14.350,0.93455,0.93469,1.50,2.25
2013.09.03 01:33:14.704,0.93456,0.93468,1.13,1.50
2013.09.03 01:33:14.774,0.93454,0.93468,1.50,1.13
2013.09.03 01:33:15.140,0.93448,0.93464,1.88,4.48
2013.09.03 01:33:15.200,0.93447,0.93462,1.50,1.50
2013.09.03 01:33:15.746,0.93448,0.93463,1.13,1.50
2013.09.03 01:33:16.380,0.93447,0.93461,1.50,1.88
2013.09.03 01:33:16.503,0.93446,0.93461,1.50,1.13
2013.09.03 01:33:17.007,0.93446,0.93462,1.50,1.50
2013.09.03 01:33:18.230,0.93445,0.93461,1.88,1.50
2013.09.03 01:33:18.351,0.93445,0.9346,2.63,1.50
2013.09.03 01:33:18.530,0.93446,0.93461,1.50,1.50
2013.09.03 01:33:18.849,0.93447,0.93462,1.50,1.50
2013.09.03 01:33:19.920,0.93447,0.93462,1.50,2.25
2013.09.03 01:33:21.062,0.93451,0.93462,3.75,2.25
2013.09.03 01:33:21.241,0.93453,0.93465,1.13,1.13
2013.09.03 01:33:21.362,0.93453,0.93467,1.13,1.88
2013.09.03 01:33:21.540,0.93453,0.93467,1.50,1.88
2013.09.03 01:33:22.080,0.9345,0.93464,1.88,1.13
2013.09.03 01:33:22.420,0.9345,0.93464,1.88,1.13
2013.09.03 01:33:23.240,0.93452,0.93465,1.50,1.13
2013.09.03 01:33:24.001,0.93452,0.93466,1.50,1.13
2013.09.03 01:33:25.260,0.93453,0.93467,1.88,1.50
2013.09.03 01:33:25.800,0.93455,0.93469,2.25,2.25
2013.09.03 01:33:26.402,0.93454,0.93468,1.50,3.00
2013.09.03 01:33:26.950,0.93455,0.93468,1.50,1.50
2013.09.03 01:33:28.970,0.93455,0.93468,1.50,1.50
2013.09.03 01:33:29.512,0.93457,0.93469,1.50,1.50
2013.09.03 01:33:30.251,0.93457,0.93469,1.50,1.50
2013.09.03 01:33:30.710,0.93457,0.93469,1.50,1.50
2013.09.03 01:33:30.830,0.93457,0.93466,1.50,1.13
2013.09.03 01:33:31.332,0.93455,0.93468,1.50,2.25
2013.09.03 01:33:31.451,0.93455,0.93468,1.50,2.25
2013.09.03 01:33:31.510,0.93455,0.93469,1.50,2.25
2013.09.03 01:33:38.231,0.9346,0.93471,1.50,1.50
2013.09.03 01:33:38.770,0.93458,0.93471,1.50,1.13
2013.09.03 01:33:44.163,0.93459,0.93471,1.50,1.50
2013.09.03 01:33:44.710,0.93458,0.9347,1.50,2.25
2013.09.03 01:33:48.000,0.93458,0.9347,1.50,2.25
2013.09.03 01:33:48.241,0.9346,0.93472,1.13,1.50
2013.09.03 01:33:48.302,0.9346,0.93473,1.13,4.53
2013.09.03 01:33:48.490,0.93459,0.93473,1.50,4.91
2013.09.03 01:33:48.611,0.93458,0.93472,2.63,1.50
2013.09.03 01:33:49.213,0.93458,0.93472,2.25,2.25
2013.09.03 01:33:54.992,0.93458,0.9347,1.50,1.13
2013.09.03 01:33:56.161,0.93457,0.93467,1.50,1.13
2013.09.03 01:33:56.221,0.93457,0.93467,1.50,1.13
2013.09.03 01:33:56.514,0.93455,0.93467,2.25,1.13
2013.09.03 01:33:56.582,0.93456,0.93469,1.50,2.63
2013.09.03 01:34:03.540,0.93455,0.93469,2.25,3.15
2013.09.03 01:34:03.602,0.93455,0.93464,2.25,1.46
2013.09.03 01:34:03.780,0.93451,0.93464,1.50,2.21
2013.09.03 01:34:03.841,0.93451,0.93464,1.50,2.21
2013.09.03 01:34:06.470,0.93452,0.93466,1.50,2.78
2013.09.03 01:34:27.160,0.93454,0.93468,1.50,3.00
2013.09.03 01:34:43.662,0.93454,0.93466,1.50,1.50
2013.09.03 01:34:44.502,0.93455,0.93466,2.25,1.50
2013.09.03 01:34:44.561,0.93455,0.93466,2.25,1.13
2013.09.03 01:34:45.100,0.93456,0.93469,2.25,1.50
2013.09.03 01:34:45.282,0.93457,0.93467,1.50,1.35
2013.09.03 01:34:45.581,0.93456,0.93468,1.50,1.50
2013.09.03 01:34:47.570,0.93457,0.93469,1.50,1.50
2013.09.03 01:34:47.691,0.93456,0.93468,1.50,1.50
2013.09.03 01:34:48.831,0.93456,0.93468,1.50,2.25
2013.09.03 01:34:50.031,0.93458,0.93472,2.25,1.88
2013.09.03 01:34:50.972,0.93458,0.9347,1.50,1.13
2013.09.03 01:34:51.701,0.93458,0.9347,1.50,1.13
2013.09.03 01:34:51.942,0.93455,0.93468,2.25,3.60
2013.09.03 01:34:52.481,0.93458,0.93468,1.50,3.98
2013.09.03 01:34:52.603,0.93459,0.9347,2.25,1.50
2013.09.03 01:34:53.021,0.93458,0.93471,2.63,1.50
2013.09.03 01:34:53.381,0.93459,0.93472,1.50,1.50
2013.09.03 01:34:53.943,0.93459,0.93471,1.50,4.35
2013.09.03 01:34:59.430,0.93459,0.93469,1.50,1.13
2013.09.03 01:34:59.970,0.93458,0.93469,2.25,1.50
2013.09.03 01:35:00.709,0.93458,0.93469,2.25,2.25
2013.09.03 01:35:01.261,0.93457,0.93467,1.50,1.13
2013.09.03 01:35:01.712,0.93456,0.93467,1.50,1.13
2013.09.03 01:35:02.242,0.93455,0.93466,2.25,1.35
2013.09.03 01:35:07.111,0.93456,0.93468,2.25,2.48
2013.09.03 01:35:07.230,0.93456,0.9347,2.63,1.88
2013.09.03 01:35:07.820,0.93456,0.9347,1.88,1.88
2013.09.03 01:35:30.240,0.93457,0.9347,1.50,1.13
2013.09.03 01:35:30.960,0.93458,0.93471,1.50,1.35
2013.09.03 01:35:31.590,0.93456,0.93471,1.50,2.10
2013.09.03 01:35:32.370,0.93455,0.93468,2.63,1.50
2013.09.03 01:35:32.731,0.93455,0.93467,1.88,1.50
2013.09.03 01:35:32.942,0.93456,0.93467,1.50,1.50
2013.09.03 01:35:36.880,0.93456,0.93467,1.50,1.50
2013.09.03 01:35:38.420,0.93456,0.93466,2.25,1.50
2013.09.03 01:35:38.661,0.93453,0.93466,1.50,1.50
2013.09.03 01:35:38.840,0.93454,0.93466,1.88,1.50
2013.09.03 01:35:39.400,0.93454,0.93467,2.63,2.25
2013.09.03 01:35:40.008,0.93454,0.93467,1.88,1.50
2013.09.03 01:35:40.531,0.93455,0.93467,1.88,1.50
2013.09.03 01:35:40.591,0.93455,0.93468,4.69,2.10
2013.09.03 01:35:40.710,0.93458,0.93469,1.13,3.23
2013.09.03 01:35:40.771,0.93458,0.93469,1.50,1.50
2013.09.03 01:35:41.011,0.93456,0.93469,3.00,2.10
2013.09.03 01:35:41.071,0.93456,0.93469,2.25,2.10
2013.09.03 01:35:41.130,0.93456,0.93467,3.00,2.25
2013.09.03 01:35:41.550,0.93456,0.93467,2.25,1.50
2013.09.03 01:35:41.866,0.93456,0.93467,2.25,1.50
2013.09.03 01:35:42.412,0.93456,0.93468,2.25,1.50
2013.09.03 01:35:43.290,0.93461,0.93468,1.50,1.50
2013.09.03 01:35:43.651,0.93462,0.93471,1.50,1.50
2013.09.03 01:35:43.711,0.93462,0.93472,1.50,1.13
2013.09.03 01:35:43.771,0.93463,0.93472,1.50,1.13
2013.09.03 01:35:44.010,0.93463,0.93472,1.50,1.13
2013.09.03 01:35:45.411,0.93461,0.93474,3.00,1.35
2013.09.03 01:35:47.341,0.93461,0.93474,2.63,1.73
2013.09.03 01:35:48.432,0.93461,0.93474,2.63,2.48
2013.09.03 01:35:50.512,0.9346,0.93473,1.88,6.73
2013.09.03 01:35:50.693,0.9346,0.93469,1.50,1.88
2013.09.03 01:35:51.241,0.93458,0.93469,1.50,2.63
2013.09.03 01:35:53.492,0.93458,0.93468,1.50,1.50
2013.09.03 01:35:54.983,0.93458,0.93468,1.50,1.50
2013.09.03 01:35:57.321,0.93457,0.93469,1.50,2.63
2013.09.03 01:35:59.220,0.93455,0.93467,2.63,1.50
2013.09.03 01:36:02.901,0.93457,0.93469,1.50,2.63
2013.09.03 01:36:03.261,0.93457,0.93468,2.25,1.50
2013.09.03 01:36:05.070,0.93459,0.9347,1.13,1.50
2013.09.03 01:36:08.280,0.93459,0.93469,1.88,2.25
2013.09.03 01:36:10.383,0.93459,0.93469,1.88,2.25
2013.09.03 01:36:12.604,0.93457,0.93468,2.25,1.35
2013.09.03 01:36:12.911,0.93447,0.9346,1.50,1.35
2013.09.03 01:36:13.211,0.93449,0.9346,1.13,1.35
2013.09.03 01:36:15.340,0.93449,0.9346,1.13,1.35
2013.09.03 01:36:19.071,0.93449,0.93459,1.13,1.35
2013.09.03 01:36:23.463,0.93449,0.93459,1.13,1.35
2013.09.03 01:36:24.571,0.93449,0.93459,1.88,1.35
2013.09.03 01:36:25.120,0.93449,0.93459,1.88,1.35
2013.09.03 01:36:25.813,0.93449,0.93459,1.88,1.35
2013.09.03 01:36:26.360,0.93449,0.93459,1.88,1.35
2013.09.03 01:36:40.391,0.93449,0.93459,1.13,2.85
2013.09.03 01:36:40.930,0.93449,0.93461,2.25,1.50
2013.09.03 01:36:42.860,0.93449,0.93462,2.25,2.25
2013.09.03 01:36:43.132,0.9345,0.93461,1.50,1.50
2013.09.03 01:36:44.381,0.93449,0.93461,1.88,1.50
2013.09.03 01:36:45.292,0.93449,0.9346,1.88,1.50
2013.09.03 01:36:46.187,0.93449,0.9346,1.88,1.50
2013.09.03 01:36:47.800,0.93449,0.93461,1.88,1.50
2013.09.03 01:36:48.538,0.93449,0.9346,1.88,1.50
2013.09.03 01:36:49.882,0.93449,0.93461,1.88,1.50
2013.09.03 01:36:50.551,0.93451,0.93461,2.25,2.25
2013.09.03 01:36:50.971,0.93449,0.9346,1.13,1.50
2013.09.03 01:36:52.120,0.93448,0.93459,1.50,2.25
2013.09.03 01:36:52.660,0.93448,0.93459,2.25,1.50
2013.09.03 01:36:53.680,0.93448,0.93459,1.13,2.25
2013.09.03 01:36:54.259,0.93448,0.93459,1.13,1.50
2013.09.03 01:36:54.800,0.93449,0.9346,1.50,1.50
2013.09.03 01:36:57.004,0.9345,0.93461,1.50,1.50
2013.09.03 01:36:57.312,0.93451,0.93462,2.25,2.25
2013.09.03 01:36:57.614,0.93448,0.93461,3.38,1.50
2013.09.03 01:36:58.122,0.93451,0.93462,1.50,3.38
2013.09.03 01:36:58.660,0.93451,0.93462,1.50,3.38
2013.09.03 01:36:59.219,0.93451,0.93461,1.50,1.50
2013.09.03 01:37:00.431,0.93451,0.93462,1.50,2.63
2013.09.03 01:37:01.193,0.93451,0.93462,1.50,2.63
2013.09.03 01:37:01.768,0.93451,0.93462,1.50,1.88
2013.09.03 01:37:03.120,0.93451,0.93462,1.50,2.63
2013.09.03 01:37:03.701,0.93451,0.93462,1.50,2.63
2013.09.03 01:37:11.707,0.93451,0.93462,1.50,2.63
2013.09.03 01:37:12.250,0.93451,0.93462,1.50,1.88
2013.09.03 01:37:12.860,0.93451,0.93462,1.50,3.98
2013.09.03 01:37:18.750,0.93451,0.93461,1.50,2.10
2013.09.03 01:37:30.340,0.93451,0.93462,2.25,2.85
2013.09.03 01:37:30.700,0.93453,0.93465,1.50,1.35
2013.09.03 01:37:30.940,0.93453,0.93467,1.50,1.88
2013.09.03 01:37:31.480,0.93453,0.93467,1.88,1.13
2013.09.03 01:37:31.670,0.93453,0.93467,1.88,1.13
2013.09.03 01:37:32.581,0.93453,0.93467,1.88,1.13
2013.09.03 01:37:34.841,0.93453,0.93467,1.88,1.13
2013.09.03 01:37:35.811,0.93453,0.93467,1.88,1.13
2013.09.03 01:37:36.392,0.93453,0.93467,1.88,1.13
2013.09.03 01:37:40.460,0.93453,0.93467,1.88,1.88
2013.09.03 01:37:40.642,0.93453,0.93467,3.00,1.88
2013.09.03 01:37:41.001,0.93456,0.93467,1.13,1.88
2013.09.03 01:37:41.722,0.93455,0.93467,2.25,1.13
2013.09.03 01:38:00.201,0.93455,0.93468,2.25,1.13
2013.09.03 01:38:15.470,0.93454,0.93468,3.38,1.13
2013.09.03 01:38:16.421,0.93454,0.93468,3.38,1.13
2013.09.03 01:38:19.221,0.93454,0.93468,3.38,1.13
2013.09.03 01:38:21.170,0.93454,0.93467,2.63,1.13
2013.09.03 01:38:21.736,0.93454,0.93467,1.50,1.13
2013.09.03 01:38:42.821,0.93453,0.93467,1.88,1.13
2013.09.03 01:38:42.940,0.93453,0.93467,1.13,1.88
2013.09.03 01:38:43.060,0.93451,0.93465,3.53,1.88
2013.09.03 01:38:43.420,0.93454,0.93467,1.50,2.25
2013.09.03 01:38:46.300,0.93454,0.93466,1.50,1.50
2013.09.03 01:38:46.540,0.93453,0.93464,1.50,1.13
2013.09.03 01:38:46.856,0.93453,0.93466,1.88,1.50
2013.09.03 01:38:47.400,0.93453,0.93466,1.88,1.50
2013.09.03 01:38:50.501,0.93454,0.93467,1.50,1.88
2013.09.03 01:38:50.680,0.93454,0.93466,1.50,1.50
2013.09.03 01:38:50.920,0.93454,0.93467,2.25,1.13
2013.09.03 01:38:51.640,0.93454,0.93467,1.50,2.63
2013.09.03 01:38:52.042,0.93454,0.93465,1.50,1.50
2013.09.03 01:38:52.421,0.93454,0.93467,2.25,1.13
2013.09.03 01:38:52.840,0.93455,0.93466,1.50,1.13
2013.09.03 01:38:52.900,0.93452,0.93466,1.50,1.13
2013.09.03 01:38:52.961,0.93453,0.93464,1.50,1.13
2013.09.03 01:38:53.202,0.93454,0.93467,1.50,2.25
2013.09.03 01:38:53.320,0.93454,0.93466,1.50,1.50
2013.09.03 01:38:53.380,0.93454,0.93468,2.25,3.00
2013.09.03 01:38:53.502,0.93455,0.93466,1.50,1.88
2013.09.03 01:38:53.620,0.93453,0.93466,1.13,1.88
2013.09.03 01:38:53.740,0.93451,0.93464,2.63,1.13
2013.09.03 01:38:53.801,0.93453,0.93465,1.88,1.50
2013.09.03 01:38:54.340,0.93454,0.93464,1.50,1.50
2013.09.03 01:39:00.491,0.93454,0.93465,1.50,1.88
2013.09.03 01:39:01.190,0.93454,0.93464,1.50,1.50
2013.09.03 01:39:05.130,0.93453,0.93465,1.50,1.88
2013.09.03 01:39:05.430,0.93451,0.93464,1.13,2.25
2013.09.03 01:39:05.491,0.93451,0.93464,1.88,1.50
2013.09.03 01:39:05.670,0.93451,0.93464,1.88,1.50
2013.09.03 01:39:05.911,0.93453,0.93464,1.50,1.50
2013.09.03 01:39:06.090,0.93453,0.93465,1.50,1.13
2013.09.03 01:39:06.960,0.93453,0.93467,2.25,1.50
2013.09.03 01:39:07.502,0.93453,0.93466,2.25,1.13
2013.09.03 01:39:16.854,0.93454,0.93467,1.50,1.50
2013.09.03 01:39:17.400,0.93455,0.93467,1.50,1.50
2013.09.03 01:39:36.461,0.93454,0.93465,1.50,1.13
2013.09.03 01:39:37.060,0.93452,0.93465,3.38,2.78
2013.09.03 01:39:37.301,0.93453,0.93465,1.50,2.63
2013.09.03 01:39:37.901,0.93453,0.93463,1.50,1.50
2013.09.03 01:39:38.141,0.9345,0.93463,2.25,2.63
2013.09.03 01:39:38.681,0.93451,0.93463,1.88,1.13
2013.09.03 01:39:41.171,0.93451,0.93463,1.88,2.63
2013.09.03 01:39:45.472,0.93452,0.93463,2.28,1.88
2013.09.03 01:39:45.591,0.93455,0.93465,1.50,1.50
2013.09.03 01:39:45.835,0.93455,0.93468,1.50,1.13
2013.09.03 01:39:46.380,0.93455,0.93469,1.50,1.50
2013.09.03 01:39:49.791,0.93456,0.93469,1.50,1.50
2013.09.03 01:39:50.240,0.93456,0.93469,1.50,2.25
2013.09.03 01:40:01.291,0.93455,0.93467,1.50,1.13
2013.09.03 01:40:01.770,0.93455,0.93467,1.50,2.25
2013.09.03 01:40:01.891,0.93454,0.93467,1.50,1.13
2013.09.03 01:40:01.951,0.93455,0.93468,1.50,1.13
2013.09.03 01:40:02.191,0.93454,0.93468,1.50,2.25
2013.09.03 01:40:02.371,0.93454,0.93468,1.50,3.38
2013.09.03 01:40:02.551,0.93454,0.93468,1.50,3.00
2013.09.03 01:40:03.091,0.93453,0.93466,1.50,1.88
2013.09.03 01:40:03.640,0.93453,0.93467,3.00,2.63
2013.09.03 01:40:03.941,0.93453,0.93467,3.75,1.88
2013.09.03 01:40:10.463,0.93454,0.93467,1.50,1.28
2013.09.03 01:40:10.525,0.93453,0.93465,1.50,1.28
2013.09.03 01:40:10.770,0.93452,0.93466,1.50,1.88
2013.09.03 01:40:11.311,0.93451,0.93464,1.88,1.50
2013.09.03 01:40:12.135,0.93451,0.93463,1.88,1.50
2013.09.03 01:40:12.642,0.93451,0.93463,1.13,2.25
2013.09.03 01:40:13.181,0.93451,0.93462,1.13,2.25
2013.09.03 01:40:13.793,0.93451,0.93462,1.13,1.50
2013.09.03 01:40:14.765,0.93451,0.93462,1.88,2.25
2013.09.03 01:40:31.430,0.93449,0.93463,3.38,1.50
2013.09.03 01:41:10.742,0.93451,0.93461,1.50,1.50
2013.09.03 01:41:31.617,0.93451,0.93462,1.13,1.50
2013.09.03 01:41:32.670,0.93451,0.93462,1.13,1.50
2013.09.03 01:41:34.650,0.93451,0.93463,1.13,1.50
2013.09.03 01:41:35.264,0.93451,0.93463,1.13,1.50
2013.09.03 01:41:36.234,0.93451,0.93463,1.13,1.50
2013.09.03 01:41:54.291,0.93451,0.93461,1.13,1.50
2013.09.03 01:42:02.322,0.9345,0.93461,2.63,1.50
2013.09.03 01:42:03.693,0.9345,0.93461,1.13,1.50
2013.09.03 01:42:04.171,0.93448,0.9346,2.25,2.25
2013.09.03 01:42:06.963,0.93448,0.93459,1.50,1.50
2013.09.03 01:42:07.514,0.9345,0.9346,1.13,2.25
2013.09.03 01:42:09.492,0.93448,0.9346,1.50,1.50
2013.09.03 01:42:14.590,0.93448,0.9346,1.13,2.25
2013.09.03 01:42:16.571,0.93448,0.9346,1.88,2.25
2013.09.03 01:42:17.111,0.93448,0.9346,1.88,1.50
2013.09.03 01:42:18.013,0.93448,0.9346,1.88,1.50
2013.09.03 01:42:23.001,0.9345,0.9346,1.50,1.50
2013.09.03 01:42:23.061,0.93448,0.9346,2.25,2.25
2013.09.03 01:42:23.122,0.93448,0.93459,2.25,1.50
2013.09.03 01:42:25.471,0.93448,0.93459,1.13,2.25
2013.09.03 01:42:30.593,0.93448,0.93461,1.88,2.25
2013.09.03 01:42:31.054,0.9345,0.93462,1.50,1.13
2013.09.03 01:42:32.951,0.93451,0.93462,1.50,1.50
2013.09.03 01:42:33.501,0.93451,0.93463,1.50,1.50
2013.09.03 01:42:34.330,0.93451,0.93462,1.50,1.50
2013.09.03 01:43:31.380,0.9345,0.93462,1.13,1.50
2013.09.03 01:43:31.501,0.93448,0.93462,3.00,2.63
2013.09.03 01:43:31.561,0.93448,0.9346,2.25,1.50
2013.09.03 01:43:31.681,0.9345,0.93461,1.13,2.25
2013.09.03 01:43:32.220,0.9345,0.93462,1.13,1.50
2013.09.03 01:43:32.773,0.9345,0.93462,1.13,2.25
2013.09.03 01:43:39.611,0.9345,0.93459,1.88,1.31
2013.09.03 01:43:40.090,0.9345,0.93461,1.13,1.50
2013.09.03 01:43:42.131,0.9345,0.93463,1.13,2.25
2013.09.03 01:43:42.672,0.9345,0.93461,1.13,1.50
2013.09.03 01:43:42.973,0.93447,0.9346,2.25,1.13
2013.09.03 01:43:44.761,0.93447,0.9346,2.25,1.13
2013.09.03 01:43:47.251,0.93446,0.9346,2.63,1.13
2013.09.03 01:43:47.311,0.93447,0.9346,1.50,1.13
2013.09.03 01:43:59.111,0.93447,0.93461,1.50,1.88
2013.09.03 01:44:00.921,0.93447,0.9346,1.50,1.13
2013.09.03 01:44:07.850,0.93447,0.93461,1.50,1.88
2013.09.03 01:44:26.161,0.93448,0.93462,1.88,1.88
2013.09.03 01:44:32.171,0.93448,0.93462,1.13,1.88
2013.09.03 01:44:32.350,0.93448,0.93461,1.13,1.50
2013.09.03 01:45:20.171,0.93451,0.93462,1.50,1.13
2013.09.03 01:45:32.311,0.93449,0.93463,1.50,1.13
2013.09.03 01:45:36.093,0.93453,0.93464,1.50,1.88
2013.09.03 01:45:36.332,0.93454,0.93467,1.13,1.50
2013.09.03 01:45:36.891,0.93454,0.93468,1.50,3.00
2013.09.03 01:45:38.752,0.93454,0.93467,2.25,1.13
2013.09.03 01:45:39.181,0.93455,0.93467,1.50,1.13
2013.09.03 01:45:44.282,0.93455,0.93468,1.50,1.98
2013.09.03 01:45:44.402,0.93454,0.93467,1.50,2.63
2013.09.03 01:45:44.582,0.93454,0.93467,2.25,1.13
2013.09.03 01:45:44.761,0.93456,0.93469,1.13,2.73
2013.09.03 01:45:44.942,0.93456,0.93468,1.50,1.13
2013.09.03 01:45:45.181,0.93456,0.9347,1.13,2.63
2013.09.03 01:45:45.481,0.93455,0.93469,1.50,1.13
2013.09.03 01:45:47.096,0.93455,0.93466,2.25,1.13
2013.09.03 01:45:47.646,0.9345,0.93464,1.88,3.00
2013.09.03 01:45:48.172,0.9345,0.93463,1.50,1.13
2013.09.03 01:45:49.172,0.93451,0.93462,2.25,1.13
2013.09.03 01:45:49.413,0.93454,0.93468,1.50,2.63
2013.09.03 01:45:49.473,0.93455,0.93468,1.13,1.13
2013.09.03 01:45:49.591,0.93454,0.93468,1.50,1.13
2013.09.03 01:45:49.654,0.93454,0.93468,1.50,1.50
2013.09.03 01:45:49.961,0.93453,0.93467,2.63,1.13
2013.09.03 01:45:50.511,0.93454,0.93469,3.00,1.50
2013.09.03 01:45:52.672,0.93455,0.93468,1.50,1.13
2013.09.03 01:45:53.561,0.93455,0.93469,1.50,1.50
2013.09.03 01:45:54.132,0.93454,0.93468,2.25,1.88
2013.09.03 01:45:56.004,0.93456,0.93468,1.13,1.50
2013.09.03 01:45:56.431,0.93457,0.93471,2.25,2.25
2013.09.03 01:45:57.562,0.93458,0.9347,2.25,1.50
2013.09.03 01:46:14.211,0.93457,0.9347,2.25,1.50
2013.09.03 01:46:16.381,0.93458,0.9347,1.50,1.50
2013.09.03 01:46:24.413,0.93459,0.9347,1.88,1.50
2013.09.03 01:46:24.995,0.93463,0.93472,1.13,1.50
2013.09.03 01:46:25.542,0.93461,0.93472,1.50,1.50
2013.09.03 01:46:25.902,0.9346,0.93472,1.50,2.25
2013.09.03 01:46:26.022,0.93461,0.93472,2.63,1.50
2013.09.03 01:46:26.502,0.93464,0.93476,3.00,1.13
2013.09.03 01:46:26.561,0.93467,0.93478,1.50,1.13
2013.09.03 01:46:27.112,0.93466,0.93479,1.50,1.13
2013.09.03 01:46:27.991,0.93466,0.93479,1.50,2.25
2013.09.03 01:46:31.144,0.93464,0.93477,2.25,1.13
2013.09.03 01:46:37.781,0.93464,0.93477,3.00,1.13
2013.09.03 01:46:38.305,0.93464,0.93477,2.25,1.13
2013.09.03 01:46:44.151,0.93464,0.93477,2.25,1.13
2013.09.03 01:46:48.711,0.93464,0.93477,1.50,1.88
2013.09.03 01:46:49.311,0.93463,0.93477,2.63,2.63
2013.09.03 01:47:26.072,0.93463,0.93477,1.88,1.88
2013.09.03 01:47:31.333,0.93463,0.93477,1.13,1.88
2013.09.03 01:47:31.952,0.93463,0.93477,1.13,1.88
2013.09.03 01:47:32.501,0.93463,0.93476,1.13,1.50
2013.09.03 01:47:33.203,0.93463,0.93476,1.13,1.50
2013.09.03 01:47:44.801,0.93463,0.93476,1.88,1.50
2013.09.03 01:47:44.861,0.93463,0.93476,1.50,2.78
2013.09.03 01:47:45.221,0.93463,0.93474,1.13,1.50
2013.09.03 01:47:45.521,0.93463,0.93476,1.13,1.50
2013.09.03 01:47:45.642,0.93462,0.93476,1.88,1.13
2013.09.03 01:47:45.761,0.93463,0.93477,1.88,1.88
2013.09.03 01:47:46.397,0.93463,0.93477,1.13,2.63
2013.09.03 01:47:46.642,0.93463,0.93477,1.50,1.88
2013.09.03 01:47:46.762,0.93463,0.93477,1.13,3.00
2013.09.03 01:47:47.311,0.93463,0.93477,1.88,1.88
2013.09.03 01:47:47.861,0.93463,0.93477,1.13,2.63
2013.09.03 01:47:48.581,0.93463,0.93477,1.88,1.88
2013.09.03 01:47:49.181,0.93463,0.93477,1.50,2.63
2013.09.03 01:47:49.301,0.93463,0.93477,1.13,2.63
2013.09.03 01:47:50.141,0.93463,0.93477,1.88,1.88
2013.09.03 01:47:50.681,0.93463,0.93477,1.13,2.63
2013.09.03 01:47:50.801,0.93462,0.93476,2.25,1.13
2013.09.03 01:47:50.982,0.93461,0.93474,1.13,1.13
2013.09.03 01:47:51.533,0.93461,0.93474,1.13,1.88
2013.09.03 01:47:53.832,0.9346,0.93473,1.13,1.50
2013.09.03 01:48:00.593,0.9346,0.93473,1.88,1.50
2013.09.03 01:48:01.075,0.93458,0.93471,1.13,1.50
2013.09.03 01:48:01.712,0.93456,0.9347,1.88,2.63
2013.09.03 01:48:02.842,0.93456,0.93469,1.88,1.50
2013.09.03 01:48:03.952,0.93456,0.93469,1.88,1.50
2013.09.03 01:48:05.323,0.93458,0.93469,1.50,1.50
2013.09.03 01:48:11.423,0.93454,0.93468,1.88,1.88
2013.09.03 01:48:11.962,0.93454,0.93467,1.13,1.88
2013.09.03 01:48:12.203,0.93454,0.93466,1.13,1.50
2013.09.03 01:48:21.072,0.93454,0.93466,1.50,1.50
2013.09.03 01:48:25.982,0.93456,0.93467,1.88,1.50
2013.09.03 01:48:28.342,0.93455,0.93466,1.50,1.50
2013.09.03 01:48:28.402,0.93455,0.93466,1.50,1.50
2013.09.03 01:48:40.623,0.93452,0.93465,1.88,4.08
2013.09.03 01:48:40.982,0.93451,0.93462,1.13,1.50
2013.09.03 01:49:07.513,0.93451,0.93463,1.50,1.50
2013.09.03 01:49:11.511,0.93451,0.93462,1.50,1.50
2013.09.03 01:49:12.631,0.93451,0.93462,1.50,1.50
2013.09.03 01:49:19.711,0.93451,0.93462,1.50,1.50
2013.09.03 01:49:19.833,0.93449,0.93462,3.00,1.88
2013.09.03 01:49:20.372,0.93448,0.93462,1.88,3.00
2013.09.03 01:49:20.493,0.93449,0.93462,1.50,2.63
2013.09.03 01:49:20.793,0.93449,0.93462,1.88,2.63
2013.09.03 01:49:21.094,0.93451,0.93462,1.88,1.50
2013.09.03 01:49:31.103,0.93452,0.93463,1.50,1.50
2013.09.03 01:49:31.723,0.93451,0.93463,1.88,2.25
2013.09.03 01:49:36.113,0.93452,0.93465,2.25,1.88
2013.09.03 01:49:36.171,0.93452,0.93465,2.25,1.13
2013.09.03 01:49:39.911,0.93454,0.93465,1.50,5.98
2013.09.03 01:49:41.232,0.93451,0.93464,1.88,1.50
2013.09.03 01:49:41.737,0.93452,0.93464,1.50,2.25
2013.09.03 01:49:43.591,0.93454,0.93464,1.50,1.50
2013.09.03 01:49:44.122,0.93452,0.93464,1.50,2.25
2013.09.03 01:49:50.481,0.93454,0.93464,1.50,1.50
2013.09.03 01:49:50.541,0.93454,0.93465,1.50,1.13
2013.09.03 01:49:51.142,0.93453,0.93465,1.50,1.13
2013.09.03 01:49:51.742,0.93453,0.93465,1.50,1.13
2013.09.03 01:49:52.101,0.93454,0.93468,1.88,2.25
2013.09.03 01:49:52.642,0.93453,0.93466,1.50,1.13
2013.09.03 01:49:52.823,0.93454,0.93468,1.88,1.13
2013.09.03 01:49:53.372,0.93454,0.93469,2.63,1.50
2013.09.03 01:49:55.172,0.93453,0.93467,2.63,2.63
2013.09.03 01:49:56.095,0.93454,0.93468,1.50,1.88
2013.09.03 01:49:59.832,0.93453,0.93467,1.50,1.50
2013.09.03 01:50:00.131,0.93451,0.93465,3.00,4.48
2013.09.03 01:50:00.311,0.93451,0.93464,1.50,1.50
2013.09.03 01:50:00.825,0.93451,0.93464,1.50,1.50
2013.09.03 01:50:02.601,0.9345,0.93463,3.00,1.13
2013.09.03 01:50:02.782,0.93446,0.93459,1.13,2.25
2013.09.03 01:50:06.871,0.93446,0.93458,1.13,1.50
2013.09.03 01:50:11.272,0.93448,0.93462,1.13,1.94
2013.09.03 01:50:11.691,0.93449,0.93462,1.13,1.50
2013.09.03 01:50:12.002,0.9345,0.93463,3.38,1.50
2013.09.03 01:50:12.122,0.93452,0.93466,1.50,1.50
2013.09.03 01:50:12.183,0.93454,0.93467,1.50,1.50
2013.09.03 01:50:12.242,0.93454,0.93467,1.50,1.88
2013.09.03 01:50:12.762,0.93453,0.93467,1.50,1.50
2013.09.03 01:50:16.772,0.93454,0.93468,1.50,1.50
2013.09.03 01:50:16.952,0.93455,0.93468,1.13,1.13
2013.09.03 01:50:17.192,0.93454,0.93467,1.50,1.13
2013.09.03 01:50:17.253,0.93454,0.93467,1.50,1.13
2013.09.03 01:50:17.853,0.93453,0.93466,1.13,1.50
2013.09.03 01:50:18.032,0.93453,0.93467,1.88,1.88
2013.09.03 01:50:19.771,0.93454,0.93467,1.50,1.13
2013.09.03 01:50:34.113,0.93453,0.93467,1.88,1.88
2013.09.03 01:50:34.473,0.93457,0.93471,1.13,2.25
2013.09.03 01:50:34.652,0.93457,0.93472,1.50,2.25
2013.09.03 01:50:35.167,0.93458,0.93472,1.13,3.00
2013.09.03 01:50:35.255,0.93457,0.93472,1.13,3.00
2013.09.03 01:50:35.781,0.93456,0.9347,2.63,1.13
2013.09.03 01:50:36.404,0.93456,0.9347,1.88,3.38
2013.09.03 01:50:40.452,0.93456,0.93469,1.50,1.13
2013.09.03 01:50:41.222,0.93457,0.93466,1.50,1.50
2013.09.03 01:50:41.342,0.93455,0.93465,1.50,1.06
2013.09.03 01:50:41.843,0.93453,0.93465,1.13,1.81
2013.09.03 01:50:41.920,0.93449,0.93463,1.13,1.50
2013.09.03 01:50:41.993,0.93448,0.93462,3.75,1.13
2013.09.03 01:50:42.952,0.93448,0.93462,2.25,1.13
2013.09.03 01:50:44.304,0.93447,0.93462,3.00,1.88
2013.09.03 01:50:47.012,0.93448,0.93461,1.50,1.50
2013.09.03 01:50:53.654,0.9345,0.93461,1.50,1.50
2013.09.03 01:50:54.082,0.93452,0.93463,1.88,1.50
2013.09.03 01:50:54.645,0.93452,0.93464,1.13,1.50
2013.09.03 01:50:59.522,0.93452,0.93466,1.88,2.25
2013.09.03 01:51:00.086,0.93453,0.93467,1.88,1.13
2013.09.03 01:51:00.711,0.93453,0.93465,2.63,2.61
2013.09.03 01:51:01.012,0.93453,0.93464,1.88,1.50
2013.09.03 01:51:02.344,0.93453,0.93464,1.88,2.25
2013.09.03 01:51:03.672,0.93452,0.93464,1.88,1.88
2013.09.03 01:51:04.272,0.93453,0.93464,1.88,2.25
2013.09.03 01:51:04.812,0.93452,0.93463,1.88,2.25
2013.09.03 01:51:05.321,0.9345,0.93463,1.50,1.50
2013.09.03 01:51:10.513,0.93451,0.93462,1.88,1.50
2013.09.03 01:51:11.503,0.93451,0.93462,1.88,1.50
2013.09.03 01:51:11.746,0.93451,0.93462,1.88,1.50
2013.09.03 01:51:12.084,0.93451,0.93462,1.88,1.50
2013.09.03 01:51:12.142,0.93451,0.93462,1.88,1.50
2013.09.03 01:51:12.493,0.93451,0.93462,1.88,1.50
2013.09.03 01:51:12.704,0.93451,0.93462,1.88,1.50
2013.09.03 01:51:13.062,0.93451,0.93462,1.88,1.50
2013.09.03 01:51:13.614,0.93451,0.93462,1.88,1.50
2013.09.03 01:51:14.132,0.93451,0.93462,1.88,1.50
2013.09.03 01:51:16.481,0.93451,0.93464,2.25,1.50
2013.09.03 01:51:26.842,0.93452,0.93463,1.88,1.50
2013.09.03 01:51:45.061,0.93451,0.93463,1.88,1.50
2013.09.03 01:51:48.955,0.93451,0.93463,1.88,1.50
2013.09.03 01:51:54.272,0.93451,0.93464,1.88,2.63
2013.09.03 01:51:55.693,0.93452,0.93464,1.50,3.38
2013.09.03 01:51:56.742,0.93451,0.93463,1.88,1.50
2013.09.03 01:52:49.055,0.93451,0.93462,1.50,1.50
2013.09.03 01:52:50.726,0.93451,0.93462,1.50,2.25
2013.09.03 01:52:51.355,0.93451,0.93462,1.50,2.25
2013.09.03 01:52:55.452,0.93451,0.93464,1.50,3.00
2013.09.03 01:53:10.201,0.93453,0.93464,3.38,1.50
2013.09.03 01:53:11.712,0.93453,0.93464,2.25,1.88
2013.09.03 01:53:12.132,0.93453,0.93464,2.25,3.00
2013.09.03 01:53:12.312,0.93455,0.93464,1.50,1.13
2013.09.03 01:53:12.373,0.93455,0.93465,2.25,1.13
2013.09.03 01:53:12.501,0.93456,0.93467,1.50,2.63
2013.09.03 01:53:13.621,0.93456,0.93467,1.50,2.63
2013.09.03 01:53:14.871,0.93454,0.93466,1.50,1.50
2013.09.03 01:53:14.991,0.93452,0.93464,3.38,1.13
2013.09.03 01:53:15.517,0.93452,0.93464,1.50,2.25
2013.09.03 01:53:16.031,0.93453,0.93464,1.50,2.25
2013.09.03 01:53:17.883,0.93453,0.93464,2.25,2.25
2013.09.03 01:53:18.062,0.93452,0.93464,1.50,2.25
2013.09.03 01:53:18.601,0.93452,0.93463,1.50,1.50
2013.09.03 01:53:18.662,0.93453,0.93464,1.50,2.25
2013.09.03 01:53:18.721,0.93452,0.93464,1.50,2.25
2013.09.03 01:53:19.382,0.93452,0.93462,1.50,1.50
2013.09.03 01:53:19.921,0.93453,0.93464,1.50,2.25
2013.09.03 01:53:20.756,0.93454,0.93464,1.50,2.25
2013.09.03 01:53:20.882,0.93452,0.93462,1.50,1.50
2013.09.03 01:53:21.394,0.93453,0.93464,1.50,2.25
2013.09.03 01:53:28.182,0.93453,0.93464,2.25,2.25
2013.09.03 01:53:39.593,0.93453,0.93464,2.25,1.50
2013.09.03 01:53:40.502,0.93453,0.93465,2.25,1.50
2013.09.03 01:53:40.682,0.93456,0.93465,1.50,1.50
2013.09.03 01:53:40.931,0.93456,0.93467,3.00,1.13
2013.09.03 01:53:41.452,0.93457,0.93467,1.50,1.13
2013.09.03 01:53:45.202,0.93456,0.93467,2.25,1.13
2013.09.03 01:53:45.381,0.93454,0.93464,1.50,1.13
2013.09.03 01:53:51.696,0.93454,0.93464,1.50,1.13
2013.09.03 01:53:56.911,0.93454,0.93464,1.50,1.88
2013.09.03 01:54:02.183,0.93452,0.93463,3.00,1.50
2013.09.03 01:54:02.361,0.93452,0.93462,1.50,1.50
2013.09.03 01:54:07.812,0.93449,0.93461,1.13,1.50
2013.09.03 01:54:07.872,0.93451,0.93461,1.50,2.25
2013.09.03 01:54:08.052,0.93447,0.93461,2.63,3.00
2013.09.03 01:54:09.722,0.93449,0.93461,1.13,1.50
2013.09.03 01:54:15.052,0.93449,0.9346,1.13,1.13
2013.09.03 01:54:15.112,0.93449,0.93461,1.88,2.63
2013.09.03 01:54:15.173,0.93448,0.93455,1.50,1.13
2013.09.03 01:54:15.413,0.93446,0.93455,1.50,1.13
2013.09.03 01:54:32.542,0.93447,0.9346,1.50,1.88
2013.09.03 01:54:41.692,0.93447,0.9346,1.50,2.25
2013.09.03 01:54:41.811,0.93449,0.9346,1.50,2.25
2013.09.03 01:54:44.903,0.9345,0.9346,2.63,1.50
2013.09.03 01:54:45.410,0.9345,0.9346,1.13,1.50
2013.09.03 01:54:46.436,0.93447,0.9346,1.50,1.88
2013.09.03 01:54:51.892,0.93448,0.9346,1.50,1.88
2013.09.03 01:54:52.510,0.93449,0.9346,2.25,1.13
2013.09.03 01:54:53.145,0.93449,0.9346,3.00,1.13
2013.09.03 01:55:03.872,0.9345,0.9346,1.50,1.13
2013.09.03 01:55:03.932,0.9345,0.9346,1.50,1.13
2013.09.03 01:55:03.993,0.93448,0.9346,1.50,1.13
2013.09.03 01:55:04.552,0.93449,0.9346,2.25,1.13
2013.09.03 01:55:05.653,0.9345,0.93461,1.50,1.50
2013.09.03 01:55:20.732,0.93451,0.93462,2.25,1.88
2013.09.03 01:55:20.912,0.93452,0.93461,1.50,1.50
2013.09.03 01:55:21.476,0.93451,0.93465,3.38,4.13
2013.09.03 01:55:26.524,0.93452,0.93465,1.50,3.38
2013.09.03 01:55:31.122,0.93452,0.93465,1.50,3.38
2013.09.03 01:56:00.462,0.93451,0.93463,1.13,1.50
2013.09.03 01:56:02.932,0.93451,0.93463,1.13,1.50
2013.09.03 01:56:03.453,0.93453,0.93464,1.88,1.50
2013.09.03 01:56:19.984,0.93453,0.93464,2.63,2.25
2013.09.03 01:56:25.302,0.93453,0.93463,2.63,1.50
2013.09.03 01:56:25.893,0.93453,0.93462,2.63,1.50
2013.09.03 01:56:26.314,0.93451,0.93462,1.50,2.63
2013.09.03 01:56:36.013,0.93451,0.93462,1.50,2.63
2013.09.03 01:56:36.192,0.9345,0.93462,2.25,1.88
2013.09.03 01:56:36.972,0.9345,0.93462,2.25,1.88
2013.09.03 01:57:02.232,0.9345,0.93461,2.25,1.50
2013.09.03 01:57:02.692,0.93449,0.93461,2.25,1.50
2013.09.03 01:57:03.193,0.93449,0.9346,1.50,1.88
2013.09.03 01:57:03.967,0.93449,0.9346,2.25,1.50
2013.09.03 01:57:06.184,0.9345,0.93461,1.50,1.50
2013.09.03 01:57:06.245,0.9345,0.93462,2.25,1.88
2013.09.03 01:57:06.927,0.93451,0.93462,1.50,1.88
2013.09.03 01:57:15.294,0.9345,0.93462,2.25,1.88
2013.09.03 01:57:15.912,0.93451,0.93462,1.50,1.88
2013.09.03 01:57:16.452,0.9345,0.93462,2.63,1.50
2013.09.03 01:57:20.362,0.93451,0.93461,1.50,1.50
2013.09.03 01:57:20.482,0.9345,0.93462,1.88,1.50
2013.09.03 01:57:22.214,0.9345,0.93461,2.63,1.50
2013.09.03 01:57:22.753,0.9345,0.93461,1.88,1.50
2013.09.03 01:57:23.724,0.9345,0.93461,2.63,1.50
2013.09.03 01:57:44.862,0.9345,0.93462,1.88,1.50
2013.09.03 01:57:47.714,0.9345,0.93461,2.63,1.50
2013.09.03 01:57:48.795,0.93451,0.93462,1.50,2.25
2013.09.03 01:57:50.512,0.93451,0.93462,1.50,1.50
2013.09.03 01:58:02.274,0.9345,0.93462,3.38,1.50
2013.09.03 01:58:06.522,0.9345,0.9346,2.25,1.13
2013.09.03 01:58:09.473,0.9345,0.93462,1.50,1.88
2013.09.03 01:58:10.179,0.93451,0.93462,1.50,1.13
2013.09.03 01:58:17.203,0.9345,0.93462,1.50,1.13
2013.09.03 01:58:17.744,0.93449,0.93461,1.50,1.50
2013.09.03 01:58:18.285,0.9345,0.93462,2.25,2.25
2013.09.03 01:58:21.692,0.93451,0.93462,1.50,1.50
2013.09.03 01:58:28.322,0.93451,0.93462,1.50,1.88
2013.09.03 01:58:28.502,0.93451,0.93462,1.50,1.88
2013.09.03 01:58:43.612,0.9345,0.93462,2.25,1.50
2013.09.03 01:59:14.902,0.9345,0.93462,2.25,1.13
2013.09.03 01:59:15.022,0.93451,0.93462,1.50,1.13
2013.09.03 01:59:15.476,0.9345,0.93462,1.50,1.13
2013.09.03 01:59:16.052,0.9345,0.93462,1.50,1.13
2013.09.03 01:59:16.592,0.9345,0.93462,1.50,1.13
2013.09.03 01:59:17.312,0.9345,0.93462,1.50,1.13
2013.09.03 01:59:28.372,0.93451,0.93462,1.50,1.13
2013.09.03 01:59:36.032,0.93448,0.93462,2.25,1.88
2013.09.03 01:59:45.303,0.9345,0.93464,1.13,1.88
2013.09.03 01:59:45.362,0.93451,0.93464,1.13,1.88
2013.09.03 01:59:45.722,0.93452,0.93464,1.13,1.50
2013.09.03 01:59:48.503,0.93451,0.93463,1.50,1.50
2013.09.03 01:59:49.226,0.93451,0.93463,1.13,1.50
2013.09.03 01:59:53.293,0.93452,0.93464,1.13,2.25
2013.09.03 01:59:53.413,0.93452,0.93465,2.25,2.25
2013.09.03 01:59:53.908,0.93456,0.93464,1.13,1.50
2013.09.03 01:59:54.454,0.93453,0.93465,1.88,5.61
2013.09.03 01:59:54.514,0.93453,0.93464,1.50,1.50
2013.09.03 01:59:55.832,0.93453,0.93464,1.13,1.50
2013.09.03 01:59:56.012,0.93456,0.93466,1.13,1.50
2013.09.03 01:59:56.563,0.93455,0.93465,1.13,1.50
2013.09.03 01:59:59.783,0.93455,0.93465,1.13,3.00
2013.09.03 01:59:59.903,0.93453,0.93464,1.50,2.25
2013.09.03 01:59:59.962,0.93453,0.93464,1.50,3.00
