2017.09.08 07:00:00.065,0.94452,0.94465,2.25,1.00
2017.09.08 07:00:00.169,0.94451,0.94463,1.25,3.38
2017.09.08 07:00:00.354,0.94448,0.94461,2.89,1.25
2017.09.08 07:00:00.510,0.94451,0.94464,1.00,4.57
2017.09.08 07:00:01.019,0.94452,0.94465,1.00,5.14
2017.09.08 07:00:01.330,0.94455,0.94468,1.62,1.76
2017.09.08 07:00:01.664,0.94458,0.94471,1.69,1.25
2017.09.08 07:00:01.770,0.94465,0.94476,1.00,2.62
2017.09.08 07:00:01.822,0.94466,0.94477,1.25,1.10
2017.09.08 07:00:01.875,0.9447,0.94481,2.62,1.70
2017.09.08 07:00:02.239,0.94483,0.94489,1.37,1.00
2017.09.08 07:00:02.293,0.94483,0.94496,1.37,1.01
2017.09.08 07:00:02.451,0.94484,0.94499,1.69,1.76
2017.09.08 07:00:02.794,0.9449,0.945,1.00,3.00
2017.09.08 07:00:02.899,0.94488,0.945,1.12,1.50
2017.09.08 07:00:03.057,0.94489,0.94502,2.25,1.57
2017.09.08 07:00:03.112,0.94492,0.94503,1.50,1.87
2017.09.08 07:00:03.254,0.94492,0.94506,4.16,1.50
2017.09.08 07:00:03.311,0.94496,0.94506,1.87,1.00
2017.09.08 07:00:03.377,0.94495,0.94508,1.37,3.45
2017.09.08 07:00:03.489,0.94494,0.94505,1.65,1.00
2017.09.08 07:00:03.593,0.94491,0.94502,1.37,3.45
2017.09.08 07:00:03.830,0.94488,0.945,2.10,2.44
2017.09.08 07:00:03.945,0.94491,0.94504,1.50,2.25
2017.09.08 07:00:04.001,0.9449,0.945,1.33,1.12
2017.09.08 07:00:04.105,0.94487,0.945,1.50,2.51
2017.09.08 07:00:04.159,0.9449,0.945,1.00,2.25
2017.09.08 07:00:04.465,0.9449,0.94503,1.87,1.00
2017.09.08 07:00:04.518,0.94488,0.945,1.20,1.00
2017.09.08 07:00:04.713,0.94487,0.94499,1.19,1.00
2017.09.08 07:00:05.231,0.94485,0.94498,1.57,1.00
2017.09.08 07:00:06.302,0.9448,0.94491,1.65,2.44
2017.09.08 07:00:06.613,0.94476,0.94489,1.69,1.31
2017.09.08 07:00:07.584,0.94476,0.9449,1.00,1.88
2017.09.08 07:00:08.108,0.9448,0.94492,1.00,1.57
2017.09.08 07:00:08.395,0.94484,0.94498,1.38,2.70
2017.09.08 07:00:08.447,0.94482,0.94496,1.39,1.25
2017.09.08 07:00:09.338,0.9448,0.94491,2.70,1.50
2017.09.08 07:00:09.390,0.9448,0.94493,1.31,1.00
2017.09.08 07:00:09.506,0.94479,0.94491,1.08,1.00
2017.09.08 07:00:09.662,0.94477,0.94489,1.20,1.00
2017.09.08 07:00:09.921,0.94474,0.94488,1.32,1.00
2017.09.08 07:00:10.432,0.94474,0.94487,1.00,1.50
2017.09.08 07:00:10.484,0.94476,0.94489,1.00,1.57
2017.09.08 07:00:10.640,0.94472,0.94487,3.03,1.00
2017.09.08 07:00:10.890,0.94472,0.94484,1.07,1.69
2017.09.08 07:00:11.044,0.94468,0.9448,1.00,1.50
2017.09.08 07:00:11.199,0.9447,0.94481,1.00,2.06
2017.09.08 07:00:11.542,0.94471,0.94485,1.00,1.12
2017.09.08 07:00:11.696,0.94475,0.94487,1.00,1.32
2017.09.08 07:00:11.748,0.94475,0.94488,1.08,1.12
2017.09.08 07:00:12.062,0.94474,0.94486,1.00,1.00
2017.09.08 07:00:12.376,0.94474,0.94485,1.00,1.47
2017.09.08 07:00:12.480,0.94474,0.94487,1.13,1.37
2017.09.08 07:00:12.583,0.94474,0.94487,1.13,1.00
2017.09.08 07:00:12.897,0.94478,0.9449,1.00,5.51
2017.09.08 07:00:12.949,0.94475,0.94489,1.31,2.25
2017.09.08 07:00:13.260,0.94479,0.94489,1.00,1.12
2017.09.08 07:00:13.685,0.9448,0.94493,1.00,1.01
2017.09.08 07:00:13.737,0.94477,0.94492,1.57,3.00
2017.09.08 07:00:13.789,0.94476,0.9449,1.20,2.25
2017.09.08 07:00:14.099,0.94474,0.94485,1.00,1.69
2017.09.08 07:00:14.478,0.9448,0.94489,1.00,1.38
2017.09.08 07:00:14.532,0.94481,0.94492,1.12,1.00
2017.09.08 07:00:15.048,0.94479,0.94493,2.10,1.25
2017.09.08 07:00:15.300,0.94482,0.94494,1.00,2.06
2017.09.08 07:00:15.405,0.94485,0.94498,1.09,1.69
2017.09.08 07:00:15.561,0.94486,0.94497,1.15,1.00
2017.09.08 07:00:15.614,0.94483,0.94497,2.19,1.44
2017.09.08 07:00:15.819,0.94482,0.94494,1.47,1.00
2017.09.08 07:00:15.871,0.94482,0.94496,1.47,1.31
2017.09.08 07:00:15.923,0.94482,0.94496,1.10,1.00
2017.09.08 07:00:16.073,0.94484,0.94496,1.00,1.00
2017.09.08 07:00:16.382,0.94478,0.9449,1.57,1.44
2017.09.08 07:00:16.486,0.94477,0.9449,1.20,3.75
2017.09.08 07:00:17.401,0.94476,0.94488,1.25,1.00
2017.09.08 07:00:17.915,0.94474,0.94486,1.95,1.00
2017.09.08 07:00:18.990,0.94474,0.94488,1.32,3.00
2017.09.08 07:00:19.350,0.94476,0.94489,1.00,1.69
2017.09.08 07:00:19.855,0.94476,0.9449,1.87,3.00
2017.09.08 07:00:20.569,0.94475,0.94487,1.69,1.00
2017.09.08 07:00:20.879,0.94482,0.94492,1.00,1.37
2017.09.08 07:00:20.984,0.94485,0.94498,1.25,2.14
2017.09.08 07:00:21.443,0.94483,0.9449,1.29,1.00
2017.09.08 07:00:21.496,0.9448,0.9449,1.12,2.44
2017.09.08 07:00:21.650,0.9448,0.9449,1.00,2.81
2017.09.08 07:00:22.060,0.94475,0.9449,3.50,4.13
2017.09.08 07:00:22.561,0.94476,0.94488,1.25,1.00
2017.09.08 07:00:23.077,0.94477,0.94489,1.00,1.25
2017.09.08 07:00:23.729,0.94475,0.94489,1.39,1.31
2017.09.08 07:00:23.987,0.94483,0.94492,1.13,1.00
2017.09.08 07:00:24.090,0.94485,0.94497,1.25,2.62
2017.09.08 07:00:24.610,0.94484,0.94496,1.00,1.25
2017.09.08 07:00:24.662,0.94487,0.94499,1.00,3.08
2017.09.08 07:00:24.765,0.94487,0.94499,1.25,1.00
2017.09.08 07:00:24.870,0.9449,0.94502,1.31,2.81
2017.09.08 07:00:25.213,0.94488,0.94499,1.80,1.44
2017.09.08 07:00:25.265,0.94485,0.94498,1.20,1.88
2017.09.08 07:00:25.369,0.94484,0.94498,2.33,1.50
2017.09.08 07:00:25.524,0.94481,0.94491,2.32,2.44
2017.09.08 07:00:25.812,0.94473,0.94488,2.89,2.25
2017.09.08 07:00:25.864,0.94473,0.94488,2.51,2.63
2017.09.08 07:00:26.019,0.94477,0.94488,1.25,2.06
2017.09.08 07:00:26.225,0.94477,0.94489,1.13,1.50
2017.09.08 07:00:26.622,0.94479,0.94491,1.00,4.39
2017.09.08 07:00:27.034,0.94476,0.94489,1.25,1.00
2017.09.08 07:00:27.582,0.94475,0.94487,1.31,1.25
2017.09.08 07:00:28.105,0.94474,0.94486,1.12,1.00
2017.09.08 07:00:28.661,0.94474,0.94486,1.25,1.44
2017.09.08 07:00:28.931,0.94475,0.94488,1.00,3.38
2017.09.08 07:00:29.035,0.94477,0.94489,1.00,2.25
2017.09.08 07:00:29.218,0.94478,0.9449,1.00,1.69
2017.09.08 07:00:31.008,0.94483,0.94493,1.25,2.70
2017.09.08 07:00:31.060,0.94485,0.94496,1.25,1.39
2017.09.08 07:00:31.164,0.94483,0.94497,1.25,1.31
2017.09.08 07:00:31.216,0.94482,0.94494,2.63,1.00
2017.09.08 07:00:31.581,0.9448,0.94491,2.51,1.00
2017.09.08 07:00:31.635,0.94484,0.94495,1.25,1.00
2017.09.08 07:00:31.688,0.94479,0.94491,1.12,4.88
2017.09.08 07:00:31.845,0.94478,0.9449,1.31,2.81
2017.09.08 07:00:32.000,0.94475,0.94489,1.44,1.31
2017.09.08 07:00:32.258,0.94474,0.94486,1.69,1.25
2017.09.08 07:00:33.355,0.9447,0.94482,1.25,3.19
2017.09.08 07:00:33.666,0.94476,0.94488,1.00,1.76
2017.09.08 07:00:34.180,0.94476,0.94488,1.00,1.13
2017.09.08 07:00:34.438,0.94474,0.94488,1.25,1.13
2017.09.08 07:00:34.489,0.94477,0.94489,1.00,1.50
2017.09.08 07:00:34.795,0.94483,0.94495,1.25,1.00
2017.09.08 07:00:35.104,0.94476,0.94489,1.10,1.25
2017.09.08 07:00:35.207,0.94476,0.94489,1.00,2.06
2017.09.08 07:00:35.545,0.94476,0.94489,1.44,2.51
2017.09.08 07:00:36.010,0.94482,0.94493,1.00,1.12
2017.09.08 07:00:36.063,0.9448,0.94491,1.25,1.50
2017.09.08 07:00:36.212,0.94478,0.94488,1.12,1.25
2017.09.08 07:00:36.623,0.94474,0.94486,1.50,1.00
2017.09.08 07:00:37.085,0.94477,0.94489,1.00,1.44
2017.09.08 07:00:37.196,0.94479,0.94491,1.25,4.12
2017.09.08 07:00:37.401,0.94481,0.94493,1.00,1.57
2017.09.08 07:00:37.506,0.94482,0.94495,1.25,1.50
2017.09.08 07:00:37.842,0.94485,0.94497,1.00,1.76
2017.09.08 07:00:38.153,0.94487,0.94499,1.00,4.31
2017.09.08 07:00:38.846,0.94486,0.94499,1.13,3.26
2017.09.08 07:00:39.154,0.94492,0.94504,1.00,1.58
2017.09.08 07:00:39.207,0.94494,0.94506,1.00,1.01
2017.09.08 07:00:39.451,0.94494,0.94507,1.00,1.69
2017.09.08 07:00:39.554,0.94492,0.94505,2.33,1.00
2017.09.08 07:00:39.659,0.9449,0.94504,1.00,3.19
2017.09.08 07:00:39.711,0.94488,0.945,2.51,2.25
2017.09.08 07:00:39.764,0.94488,0.945,1.00,3.37
2017.09.08 07:00:39.870,0.94488,0.94499,1.00,2.63
2017.09.08 07:00:40.008,0.94485,0.94497,2.70,1.00
2017.09.08 07:00:40.215,0.94487,0.94499,1.25,1.00
2017.09.08 07:00:40.270,0.94489,0.94501,1.25,1.20
2017.09.08 07:00:40.581,0.94494,0.94506,1.25,3.56
2017.09.08 07:00:40.820,0.94491,0.94504,1.88,1.12
2017.09.08 07:00:40.974,0.9449,0.94502,1.75,1.00
2017.09.08 07:00:41.026,0.94487,0.945,1.13,4.50
2017.09.08 07:00:41.077,0.94488,0.94501,1.25,1.01
2017.09.08 07:00:41.129,0.94486,0.94498,2.25,1.00
2017.09.08 07:00:41.430,0.94494,0.94507,3.19,1.10
2017.09.08 07:00:41.535,0.94499,0.9451,1.88,1.12
2017.09.08 07:00:41.639,0.94501,0.94515,1.31,3.26
2017.09.08 07:00:41.794,0.94499,0.94512,1.47,1.00
2017.09.08 07:00:42.130,0.94499,0.94513,1.25,2.70
2017.09.08 07:00:42.182,0.94499,0.94513,1.25,2.89
2017.09.08 07:00:42.236,0.94496,0.94508,2.32,1.00
2017.09.08 07:00:42.340,0.94493,0.94506,1.76,1.13
2017.09.08 07:00:42.545,0.94495,0.94509,1.88,5.33
2017.09.08 07:00:43.010,0.94495,0.94507,1.00,2.06
2017.09.08 07:00:43.372,0.94493,0.94505,1.25,1.00
2017.09.08 07:00:43.477,0.94491,0.94505,2.89,2.25
2017.09.08 07:00:43.618,0.94491,0.94503,1.95,1.00
2017.09.08 07:00:43.934,0.94489,0.945,1.10,1.44
2017.09.08 07:00:44.038,0.94489,0.94503,1.00,2.51
2017.09.08 07:00:44.192,0.94492,0.94505,1.00,1.57
2017.09.08 07:00:44.638,0.94492,0.94505,1.88,1.00
2017.09.08 07:00:45.225,0.94492,0.94505,2.44,1.13
2017.09.08 07:00:45.743,0.94493,0.94506,1.25,1.13
2017.09.08 07:00:45.847,0.94495,0.94507,1.25,1.20
2017.09.08 07:00:46.167,0.94492,0.94505,4.76,1.44
2017.09.08 07:00:46.219,0.94491,0.94503,1.76,1.00
2017.09.08 07:00:46.271,0.94489,0.94501,2.14,1.00
2017.09.08 07:00:46.323,0.94491,0.94503,1.25,1.25
2017.09.08 07:00:46.427,0.94489,0.94501,2.33,1.00
2017.09.08 07:00:46.530,0.94491,0.94504,1.69,1.25
2017.09.08 07:00:46.582,0.94491,0.94503,2.25,1.00
2017.09.08 07:00:46.634,0.94491,0.94503,1.31,1.00
2017.09.08 07:00:46.810,0.94491,0.94505,1.69,1.39
2017.09.08 07:00:46.862,0.94492,0.94505,1.38,1.00
2017.09.08 07:00:47.377,0.94494,0.94506,1.25,1.25
2017.09.08 07:00:47.705,0.94492,0.94505,1.69,1.44
2017.09.08 07:00:47.812,0.9449,0.94504,1.00,3.75
2017.09.08 07:00:48.171,0.94489,0.945,2.25,1.50
2017.09.08 07:00:48.515,0.94482,0.94495,1.12,3.19
2017.09.08 07:00:48.568,0.94485,0.94497,1.00,1.95
2017.09.08 07:00:49.083,0.94485,0.94497,1.87,1.00
2017.09.08 07:00:49.440,0.94487,0.94501,2.06,1.00
2017.09.08 07:00:49.647,0.94487,0.94502,1.95,1.31
2017.09.08 07:00:49.700,0.94486,0.94499,1.95,1.50
2017.09.08 07:00:49.805,0.94485,0.94499,1.25,1.69
2017.09.08 07:00:49.909,0.94485,0.94497,1.00,1.88
2017.09.08 07:00:50.012,0.94481,0.94495,2.33,1.31
2017.09.08 07:00:50.336,0.94485,0.94498,1.25,2.33
2017.09.08 07:00:50.492,0.94483,0.94495,1.00,1.00
2017.09.08 07:00:51.014,0.94484,0.94497,1.25,2.44
2017.09.08 07:00:51.325,0.94482,0.94496,1.69,3.56
2017.09.08 07:00:51.376,0.94483,0.94495,1.00,1.44
2017.09.08 07:00:51.581,0.94484,0.94497,1.25,3.00
2017.09.08 07:00:51.685,0.94487,0.94499,1.00,4.01
2017.09.08 07:00:51.788,0.94489,0.94502,1.69,1.37
2017.09.08 07:00:51.924,0.94492,0.94504,1.00,5.89
2017.09.08 07:00:52.234,0.94492,0.94506,1.88,1.88
2017.09.08 07:00:52.746,0.94495,0.94507,1.00,1.38
2017.09.08 07:00:53.272,0.94495,0.94507,1.00,1.25
2017.09.08 07:00:53.583,0.94491,0.94504,3.45,1.00
2017.09.08 07:00:53.772,0.9449,0.94504,2.14,1.00
2017.09.08 07:00:54.234,0.94492,0.94505,1.25,1.57
2017.09.08 07:00:54.541,0.94494,0.94506,1.44,1.25
2017.09.08 07:00:54.765,0.94493,0.94506,1.25,1.13
2017.09.08 07:00:54.868,0.94494,0.94507,1.44,1.95
2017.09.08 07:00:56.413,0.94494,0.94504,1.25,1.50
2017.09.08 07:00:56.465,0.94491,0.94505,2.44,2.25
2017.09.08 07:00:56.517,0.94493,0.94504,1.00,1.19
2017.09.08 07:00:56.569,0.9449,0.94502,1.00,1.69
2017.09.08 07:00:56.728,0.9449,0.94502,1.00,3.00
2017.09.08 07:00:56.779,0.94487,0.945,1.00,1.58
2017.09.08 07:00:56.884,0.94484,0.94498,1.20,2.63
2017.09.08 07:00:56.987,0.94484,0.94496,1.00,1.44
2017.09.08 07:00:57.348,0.94483,0.94495,1.00,2.25
2017.09.08 07:00:57.577,0.9448,0.94493,1.10,1.00
2017.09.08 07:00:57.733,0.94478,0.94492,1.39,2.25
2017.09.08 07:00:58.243,0.94478,0.9449,1.00,3.00
2017.09.08 07:00:59.434,0.94476,0.94489,1.50,1.13
2017.09.08 07:00:59.588,0.94479,0.94491,1.00,1.57
2017.09.08 07:00:59.640,0.94479,0.94492,1.88,1.57
2017.09.08 07:00:59.744,0.94476,0.94489,1.51,1.44
2017.09.08 07:01:00.151,0.94476,0.9449,2.44,1.13
2017.09.08 07:01:00.204,0.9448,0.94492,1.25,1.95
2017.09.08 07:01:00.513,0.94477,0.9449,1.37,2.62
2017.09.08 07:01:00.871,0.94475,0.94487,1.31,1.69
2017.09.08 07:01:01.183,0.94469,0.94481,1.00,1.63
2017.09.08 07:01:01.236,0.94469,0.94481,1.25,2.25
2017.09.08 07:01:01.393,0.94472,0.94484,1.88,1.20
2017.09.08 07:01:01.554,0.94478,0.94489,1.00,3.83
2017.09.08 07:01:01.606,0.94475,0.94489,2.06,1.01
2017.09.08 07:01:01.967,0.94474,0.94486,1.56,1.00
2017.09.08 07:01:02.019,0.94474,0.94485,1.00,1.25
2017.09.08 07:01:02.072,0.94471,0.94482,1.10,1.25
2017.09.08 07:01:02.176,0.94467,0.9448,4.01,1.25
2017.09.08 07:01:02.855,0.94466,0.9448,1.88,2.63
2017.09.08 07:01:03.122,0.94469,0.94481,1.44,1.00
2017.09.08 07:01:03.584,0.94468,0.9448,1.25,1.25
2017.09.08 07:01:04.210,0.94472,0.94482,1.00,1.07
2017.09.08 07:01:04.262,0.94471,0.94483,1.19,1.25
2017.09.08 07:01:04.315,0.94469,0.94482,3.94,1.38
2017.09.08 07:01:04.832,0.94469,0.94482,3.04,1.44
2017.09.08 07:01:05.148,0.94477,0.94489,1.00,1.25
2017.09.08 07:01:05.303,0.94474,0.94487,1.39,1.00
2017.09.08 07:01:05.626,0.94477,0.94489,1.00,1.44
2017.09.08 07:01:05.883,0.94474,0.94487,2.14,1.00
2017.09.08 07:01:06.139,0.94473,0.94485,1.39,1.00
2017.09.08 07:01:06.680,0.94473,0.94485,1.25,1.00
2017.09.08 07:01:07.386,0.94476,0.94488,1.00,1.50
2017.09.08 07:01:07.599,0.94475,0.94489,1.44,1.00
2017.09.08 07:01:07.804,0.94482,0.94491,1.00,2.44
2017.09.08 07:01:08.062,0.94482,0.94494,1.00,1.00
2017.09.08 07:01:08.377,0.94486,0.94496,2.63,1.50
2017.09.08 07:01:08.429,0.94485,0.94497,1.00,1.00
2017.09.08 07:01:09.045,0.94489,0.94501,1.00,2.32
2017.09.08 07:01:09.148,0.94492,0.94506,1.13,4.58
2017.09.08 07:01:09.663,0.94487,0.945,3.08,1.25
2017.09.08 07:01:09.715,0.94487,0.945,2.70,1.00
2017.09.08 07:01:09.767,0.9449,0.94502,1.25,1.00
2017.09.08 07:01:09.870,0.94487,0.94501,2.14,1.25
2017.09.08 07:01:10.902,0.94487,0.94498,1.20,1.31
2017.09.08 07:01:10.965,0.94484,0.94497,1.10,1.25
2017.09.08 07:01:11.017,0.94487,0.94499,1.00,3.38
2017.09.08 07:01:11.327,0.94494,0.94506,1.00,1.58
2017.09.08 07:01:11.379,0.94491,0.94505,1.95,1.25
2017.09.08 07:01:11.785,0.94491,0.94503,1.38,1.00
2017.09.08 07:01:12.042,0.94495,0.94509,1.88,5.51
2017.09.08 07:01:12.402,0.94494,0.94506,1.19,1.00
2017.09.08 07:01:12.455,0.94493,0.94506,1.00,1.44
2017.09.08 07:01:12.722,0.94489,0.94501,2.89,1.25
2017.09.08 07:01:12.774,0.94488,0.94501,1.70,2.63
2017.09.08 07:01:12.878,0.94486,0.94501,3.08,1.00
2017.09.08 07:01:13.390,0.94488,0.945,1.00,1.00
2017.09.08 07:01:14.301,0.94488,0.94503,1.00,3.19
2017.09.08 07:01:14.558,0.94485,0.94497,2.89,1.25
2017.09.08 07:01:14.760,0.94485,0.94497,1.00,1.00
2017.09.08 07:01:15.295,0.94484,0.94496,1.00,1.00
2017.09.08 07:01:16.528,0.94483,0.94497,1.44,1.00
2017.09.08 07:01:16.632,0.94483,0.94495,1.25,1.00
2017.09.08 07:01:17.145,0.94482,0.94495,2.63,1.00
2017.09.08 07:01:17.514,0.94482,0.94497,1.88,1.31
2017.09.08 07:01:17.668,0.94482,0.94497,1.39,2.44
2017.09.08 07:01:18.186,0.94483,0.94496,1.00,1.31
2017.09.08 07:01:19.259,0.94482,0.94497,1.58,1.88
2017.09.08 07:01:19.569,0.94486,0.94499,1.13,1.50
2017.09.08 07:01:20.023,0.94484,0.94497,3.30,1.13
2017.09.08 07:01:20.126,0.94484,0.94497,1.95,2.63
2017.09.08 07:01:20.180,0.94481,0.94493,2.06,1.25
2017.09.08 07:01:20.232,0.9448,0.94491,1.10,2.44
2017.09.08 07:01:20.336,0.94477,0.94489,1.10,1.37
2017.09.08 07:01:20.388,0.94475,0.94488,2.70,1.50
2017.09.08 07:01:21.065,0.94475,0.94488,1.00,2.25
2017.09.08 07:01:21.606,0.94474,0.94487,1.13,1.13
2017.09.08 07:01:21.927,0.94472,0.94482,1.69,1.00
2017.09.08 07:01:21.979,0.9447,0.94481,1.50,1.50
2017.09.08 07:01:22.084,0.94472,0.94483,1.50,2.14
2017.09.08 07:01:22.137,0.9447,0.94482,1.00,1.00
2017.09.08 07:01:22.240,0.94469,0.94485,2.33,6.08
2017.09.08 07:01:22.769,0.94469,0.94483,1.20,1.00
2017.09.08 07:01:23.025,0.94473,0.94485,1.00,1.95
2017.09.08 07:01:23.129,0.94474,0.94487,1.00,3.08
2017.09.08 07:01:23.397,0.94472,0.94485,1.57,1.13
2017.09.08 07:01:23.449,0.94475,0.94487,1.25,1.01
2017.09.08 07:01:23.502,0.94472,0.94485,1.10,1.13
2017.09.08 07:01:23.554,0.94472,0.94485,1.76,1.00
2017.09.08 07:01:23.606,0.94472,0.94485,1.00,1.00
2017.09.08 07:01:23.814,0.94471,0.94484,1.00,1.88
2017.09.08 07:01:24.319,0.94469,0.94483,2.70,1.13
2017.09.08 07:01:24.867,0.94469,0.94481,1.10,1.44
2017.09.08 07:01:25.075,0.94467,0.94479,1.25,1.00
2017.09.08 07:01:25.277,0.94465,0.94479,1.25,1.44
2017.09.08 07:01:25.380,0.94464,0.94476,1.95,1.00
2017.09.08 07:01:25.535,0.9446,0.94475,1.07,1.31
2017.09.08 07:01:25.587,0.94464,0.94476,1.00,2.44
2017.09.08 07:01:25.742,0.94459,0.94475,2.14,1.00
2017.09.08 07:01:26.165,0.9446,0.94472,1.10,1.44
2017.09.08 07:01:26.217,0.94462,0.94475,1.00,2.06
2017.09.08 07:01:26.780,0.94465,0.94477,1.00,1.00
2017.09.08 07:01:27.309,0.94462,0.94474,1.10,1.00
2017.09.08 07:01:27.413,0.94459,0.94474,2.32,1.13
2017.09.08 07:01:27.516,0.94458,0.94472,1.95,1.44
2017.09.08 07:01:28.058,0.94458,0.94472,1.12,1.44
2017.09.08 07:01:28.365,0.94466,0.9448,1.00,3.45
2017.09.08 07:01:28.671,0.94465,0.94474,2.44,1.50
2017.09.08 07:01:28.723,0.94459,0.94472,1.20,1.81
2017.09.08 07:01:28.775,0.94457,0.94472,1.45,1.44
2017.09.08 07:01:28.877,0.94457,0.94472,1.10,1.44
2017.09.08 07:01:28.929,0.94458,0.94474,1.13,1.76
2017.09.08 07:01:28.981,0.94459,0.94475,2.14,2.25
2017.09.08 07:01:29.290,0.94462,0.94475,1.00,1.87
2017.09.08 07:01:29.797,0.94462,0.94475,1.00,1.50
2017.09.08 07:01:30.104,0.9446,0.94474,1.01,1.00
2017.09.08 07:01:30.259,0.94458,0.94471,1.00,1.00
2017.09.08 07:01:30.413,0.94456,0.9447,1.76,1.25
2017.09.08 07:01:30.614,0.94455,0.94466,1.76,1.00
2017.09.08 07:01:30.666,0.94452,0.94465,1.50,1.50
2017.09.08 07:01:31.534,0.94452,0.94465,1.88,1.25
2017.09.08 07:01:31.688,0.94452,0.94464,1.95,1.88
2017.09.08 07:01:31.894,0.94447,0.94461,1.95,1.31
2017.09.08 07:01:31.996,0.9445,0.94463,1.00,2.06
2017.09.08 07:01:32.257,0.94448,0.94461,1.39,1.00
2017.09.08 07:01:32.768,0.94448,0.94461,1.31,1.38
2017.09.08 07:01:33.928,0.94447,0.9446,1.50,1.25
2017.09.08 07:01:33.980,0.9445,0.94462,1.25,1.00
2017.09.08 07:01:34.287,0.94456,0.94469,1.31,3.19
2017.09.08 07:01:34.646,0.94456,0.94469,1.88,1.00
2017.09.08 07:01:34.800,0.94456,0.94468,1.01,1.00
2017.09.08 07:01:34.852,0.94453,0.94466,2.89,1.00
2017.09.08 07:01:35.029,0.94453,0.94466,2.14,1.69
2017.09.08 07:01:35.081,0.94452,0.94464,1.00,1.69
2017.09.08 07:01:35.287,0.94449,0.94463,1.07,1.25
2017.09.08 07:01:35.646,0.9445,0.94465,1.95,1.12
2017.09.08 07:01:35.867,0.94452,0.94465,1.31,1.00
2017.09.08 07:01:36.175,0.94457,0.94469,1.00,1.00
2017.09.08 07:01:36.693,0.94457,0.94471,1.00,1.50
2017.09.08 07:01:37.252,0.94458,0.9447,1.00,1.13
2017.09.08 07:01:37.357,0.94456,0.9447,1.10,1.25
2017.09.08 07:01:37.748,0.94455,0.94465,1.95,1.00
2017.09.08 07:01:38.122,0.94454,0.94467,1.44,1.00
2017.09.08 07:01:38.175,0.94455,0.94471,2.06,4.95
2017.09.08 07:01:38.279,0.94455,0.9447,3.83,1.00
2017.09.08 07:01:38.434,0.94455,0.94471,3.08,2.25
2017.09.08 07:01:38.859,0.94455,0.94468,2.51,1.00
2017.09.08 07:01:39.373,0.94455,0.94468,1.31,1.25
2017.09.08 07:01:39.881,0.94456,0.94468,1.00,1.25
2017.09.08 07:01:40.211,0.94453,0.94467,3.07,1.00
2017.09.08 07:01:40.264,0.94453,0.94465,1.95,1.13
2017.09.08 07:01:40.799,0.94453,0.94464,1.00,3.00
2017.09.08 07:01:40.851,0.94451,0.94464,2.06,3.00
2017.09.08 07:01:41.752,0.94455,0.94467,1.00,1.12
2017.09.08 07:01:42.062,0.94457,0.94469,1.10,1.13
2017.09.08 07:01:42.217,0.94457,0.94472,1.39,2.06
2017.09.08 07:01:42.411,0.9446,0.94473,1.13,3.19
2017.09.08 07:01:42.824,0.94458,0.94472,2.14,2.63
2017.09.08 07:01:42.875,0.94458,0.94469,1.01,1.00
2017.09.08 07:01:43.258,0.94455,0.94469,1.95,1.13
2017.09.08 07:01:44.291,0.94454,0.94469,2.33,1.50
2017.09.08 07:01:45.007,0.94454,0.94467,2.33,1.44
2017.09.08 07:01:45.111,0.94453,0.94466,1.00,1.19
2017.09.08 07:01:45.268,0.94453,0.94467,1.88,1.20
2017.09.08 07:01:45.372,0.94453,0.94467,1.76,1.88
2017.09.08 07:01:45.834,0.94456,0.94469,1.13,2.14
2017.09.08 07:01:45.937,0.9446,0.94471,1.25,1.57
2017.09.08 07:01:46.040,0.94459,0.94475,2.44,4.95
2017.09.08 07:01:46.393,0.94462,0.94477,1.31,4.39
2017.09.08 07:01:46.700,0.94461,0.94477,4.01,1.00
2017.09.08 07:01:47.161,0.94461,0.94477,4.39,1.20
2017.09.08 07:01:47.323,0.94461,0.94475,1.88,1.00
2017.09.08 07:01:47.649,0.9446,0.94473,2.44,1.25
2017.09.08 07:01:47.956,0.9446,0.94473,1.62,1.25
2017.09.08 07:01:48.111,0.94459,0.94473,2.32,2.44
2017.09.08 07:01:48.995,0.94459,0.94472,2.06,1.25
2017.09.08 07:01:49.202,0.94458,0.94472,2.51,1.88
2017.09.08 07:01:49.983,0.94458,0.94469,1.00,1.50
2017.09.08 07:01:50.086,0.94458,0.94471,1.12,2.81
2017.09.08 07:01:50.590,0.94455,0.9447,2.06,1.31
2017.09.08 07:01:51.103,0.94455,0.9447,1.39,2.81
2017.09.08 07:01:51.483,0.94458,0.94471,1.62,1.00
2017.09.08 07:01:51.998,0.94458,0.94471,1.95,1.00
2017.09.08 07:01:52.531,0.94458,0.94472,1.95,1.00
2017.09.08 07:01:54.383,0.94458,0.94472,2.62,1.87
2017.09.08 07:01:54.691,0.94454,0.94466,1.01,1.12
2017.09.08 07:01:55.004,0.94456,0.94469,1.76,1.31
2017.09.08 07:01:55.546,0.94456,0.9447,1.47,1.00
2017.09.08 07:01:55.911,0.94455,0.94468,1.95,1.69
2017.09.08 07:01:56.452,0.94455,0.9447,2.14,3.00
2017.09.08 07:01:57.050,0.94455,0.94468,1.95,1.50
2017.09.08 07:01:57.153,0.94461,0.94473,1.25,1.39
2017.09.08 07:01:57.615,0.94459,0.94472,1.25,1.13
2017.09.08 07:01:58.134,0.9446,0.94473,1.00,1.88
2017.09.08 07:01:58.570,0.94465,0.94474,1.00,1.87
2017.09.08 07:01:58.673,0.94465,0.94476,1.00,2.06
2017.09.08 07:01:59.590,0.94461,0.94476,3.26,2.06
2017.09.08 07:02:00.102,0.94461,0.94476,1.69,1.31
2017.09.08 07:02:00.628,0.94463,0.94476,1.12,1.62
2017.09.08 07:02:00.989,0.9446,0.94475,1.76,1.00
2017.09.08 07:02:01.541,0.9446,0.94475,1.00,1.13
2017.09.08 07:02:01.593,0.94459,0.94472,2.51,1.00
2017.09.08 07:02:01.902,0.94462,0.94474,1.00,1.95
2017.09.08 07:02:01.956,0.94462,0.94474,1.00,1.00
2017.09.08 07:02:02.304,0.9446,0.94475,1.57,1.50
2017.09.08 07:02:02.673,0.94459,0.94471,1.39,1.69
2017.09.08 07:02:02.777,0.94458,0.9447,1.31,1.87
2017.09.08 07:02:02.983,0.94455,0.94467,1.07,1.50
2017.09.08 07:02:03.153,0.94454,0.94469,1.12,7.20
2017.09.08 07:02:03.359,0.94456,0.94469,1.25,5.25
2017.09.08 07:02:03.516,0.94454,0.94468,1.39,1.00
2017.09.08 07:02:03.949,0.94453,0.94464,1.00,1.69
2017.09.08 07:02:04.105,0.9445,0.94463,1.39,1.87
2017.09.08 07:02:04.156,0.94449,0.94461,2.51,1.69
2017.09.08 07:02:04.680,0.94449,0.94463,1.12,3.94
2017.09.08 07:02:04.937,0.94446,0.94459,1.12,2.44
2017.09.08 07:02:05.144,0.94443,0.94455,2.14,1.25
2017.09.08 07:02:06.132,0.94442,0.94455,2.06,1.88
2017.09.08 07:02:06.660,0.94446,0.94458,1.00,2.89
2017.09.08 07:02:06.917,0.94444,0.94458,1.39,1.87
2017.09.08 07:02:07.295,0.94446,0.94458,1.00,1.70
2017.09.08 07:02:07.399,0.94448,0.94461,1.13,1.20
2017.09.08 07:02:08.324,0.94448,0.9446,1.00,1.25
2017.09.08 07:02:08.376,0.94445,0.94459,1.20,1.87
2017.09.08 07:02:08.839,0.94448,0.9446,1.00,1.39
2017.09.08 07:02:09.079,0.94445,0.9446,1.76,2.44
2017.09.08 07:02:09.596,0.94445,0.94458,1.13,1.50
2017.09.08 07:02:09.821,0.94443,0.94455,1.50,1.00
2017.09.08 07:02:09.924,0.94444,0.94458,1.13,2.25
2017.09.08 07:02:10.027,0.94447,0.94459,1.25,1.39
2017.09.08 07:02:10.551,0.9445,0.94459,1.00,1.50
2017.09.08 07:02:10.603,0.9445,0.94462,1.88,1.58
2017.09.08 07:02:10.861,0.94447,0.9446,1.01,2.06
2017.09.08 07:02:11.384,0.94446,0.9446,1.13,4.69
2017.09.08 07:02:11.904,0.94447,0.94459,1.00,1.00
2017.09.08 07:02:12.109,0.94443,0.94456,1.20,2.06
2017.09.08 07:02:12.307,0.94441,0.94454,1.00,1.69
2017.09.08 07:02:12.721,0.94443,0.94456,1.00,2.14
2017.09.08 07:02:13.078,0.94439,0.94452,1.50,1.25
2017.09.08 07:02:13.593,0.9444,0.94453,1.00,1.87
2017.09.08 07:02:14.923,0.9444,0.94452,1.13,1.00
2017.09.08 07:02:15.189,0.94441,0.94455,1.00,3.56
2017.09.08 07:02:15.606,0.94441,0.94453,1.00,1.88
2017.09.08 07:02:15.915,0.94439,0.94454,3.26,1.25
2017.09.08 07:02:16.431,0.9444,0.94453,1.00,1.31
2017.09.08 07:02:17.934,0.94441,0.94454,1.00,2.44
2017.09.08 07:02:18.449,0.9444,0.94454,1.13,2.25
2017.09.08 07:02:18.997,0.9444,0.94455,1.01,5.62
2017.09.08 07:02:19.611,0.94436,0.94448,2.89,1.25
2017.09.08 07:02:19.867,0.94433,0.94447,3.64,1.12
2017.09.08 07:02:20.277,0.94436,0.94448,1.25,1.95
2017.09.08 07:02:20.452,0.94439,0.94452,1.50,1.39
2017.09.08 07:02:20.505,0.94439,0.94452,2.44,1.12
2017.09.08 07:02:20.610,0.94441,0.94454,1.25,3.45
2017.09.08 07:02:20.662,0.94441,0.94454,1.62,3.56
2017.09.08 07:02:20.817,0.94443,0.94456,1.37,4.95
2017.09.08 07:02:21.235,0.94442,0.94454,1.37,1.00
2017.09.08 07:02:21.543,0.94443,0.94456,1.62,3.75
2017.09.08 07:02:22.543,0.94442,0.94455,1.56,1.00
2017.09.08 07:02:23.188,0.94441,0.94455,1.62,3.38
2017.09.08 07:02:23.699,0.94441,0.94455,1.62,3.38
2017.09.08 07:02:24.286,0.94442,0.94455,2.25,2.62
2017.09.08 07:02:24.340,0.94445,0.94458,1.87,5.14
2017.09.08 07:02:24.444,0.94446,0.94458,1.62,1.50
2017.09.08 07:02:25.624,0.94448,0.94459,1.37,1.00
2017.09.08 07:02:25.924,0.94452,0.94464,1.12,2.89
2017.09.08 07:02:26.438,0.94452,0.94464,1.12,1.76
2017.09.08 07:02:26.791,0.94451,0.94463,1.62,1.19
2017.09.08 07:02:27.048,0.94452,0.94465,1.31,3.45
2017.09.08 07:02:27.152,0.94455,0.94466,1.00,1.07
2017.09.08 07:02:27.204,0.94455,0.94467,1.00,1.12
2017.09.08 07:02:27.257,0.94455,0.94469,1.50,1.58
2017.09.08 07:02:27.585,0.94455,0.9447,2.81,2.70
2017.09.08 07:02:27.739,0.94455,0.94469,1.69,2.06
2017.09.08 07:02:27.842,0.94455,0.94468,1.62,1.69
2017.09.08 07:02:28.350,0.94455,0.94467,1.37,1.13
2017.09.08 07:02:29.129,0.94456,0.94469,1.37,1.95
2017.09.08 07:02:29.315,0.94457,0.9447,1.63,2.81
2017.09.08 07:02:29.520,0.94456,0.94468,1.37,1.25
2017.09.08 07:02:29.623,0.94456,0.94467,1.12,1.13
2017.09.08 07:02:30.129,0.94456,0.94469,1.63,1.25
2017.09.08 07:02:30.232,0.94457,0.9447,1.37,3.00
2017.09.08 07:02:31.266,0.94456,0.94468,1.50,1.12
2017.09.08 07:02:31.422,0.94455,0.94468,1.37,2.44
2017.09.08 07:02:31.578,0.94452,0.94464,1.95,1.00
2017.09.08 07:02:31.681,0.94449,0.94462,3.56,1.50
2017.09.08 07:02:31.951,0.94449,0.94462,1.69,1.25
2017.09.08 07:02:32.465,0.94451,0.94463,1.12,1.20
2017.09.08 07:02:33.624,0.9445,0.94463,3.37,1.00
2017.09.08 07:02:33.727,0.9445,0.94463,2.62,1.00
2017.09.08 07:02:33.930,0.94448,0.94461,3.45,2.25
2017.09.08 07:02:34.032,0.94445,0.9446,7.20,3.56
2017.09.08 07:02:34.544,0.94448,0.9446,1.37,1.50
2017.09.08 07:02:35.926,0.94446,0.94456,1.66,1.50
2017.09.08 07:02:36.081,0.94442,0.94455,1.37,3.75
2017.09.08 07:02:36.287,0.94442,0.94454,1.37,2.25
2017.09.08 07:02:36.789,0.94442,0.94454,1.37,2.44
2017.09.08 07:02:37.510,0.94441,0.94454,1.37,3.94
2017.09.08 07:02:39.257,0.94439,0.94451,1.81,1.50
2017.09.08 07:02:39.411,0.94438,0.94451,1.50,1.95
2017.09.08 07:02:39.769,0.94439,0.94453,1.81,4.50
2017.09.08 07:02:39.910,0.94439,0.94453,2.63,1.13
2017.09.08 07:02:41.774,0.9444,0.94453,1.37,1.69
2017.09.08 07:02:41.928,0.94443,0.94455,1.37,2.63
2017.09.08 07:02:42.448,0.94443,0.94455,1.37,2.06
2017.09.08 07:02:43.153,0.94441,0.94454,1.62,2.06
2017.09.08 07:02:45.157,0.94441,0.94451,1.37,1.00
2017.09.08 07:02:45.351,0.94441,0.94453,1.31,1.88
2017.09.08 07:02:45.403,0.94441,0.94453,1.37,1.69
2017.09.08 07:02:45.916,0.94441,0.94453,1.37,3.19
2017.09.08 07:02:46.283,0.94441,0.94451,1.37,2.44
2017.09.08 07:02:47.857,0.94441,0.9445,1.00,1.50
2017.09.08 07:02:48.165,0.94441,0.94451,1.37,3.38
2017.09.08 07:02:49.187,0.9444,0.94452,1.37,1.25
2017.09.08 07:02:49.844,0.94441,0.94454,1.69,1.69
2017.09.08 07:02:50.434,0.9444,0.94453,1.88,2.25
2017.09.08 07:02:50.752,0.94439,0.9445,1.87,1.50
2017.09.08 07:02:51.264,0.94438,0.94451,2.62,1.50
2017.09.08 07:02:53.136,0.94439,0.94451,1.37,3.56
2017.09.08 07:02:53.487,0.94431,0.94445,1.68,1.00
2017.09.08 07:02:53.539,0.94431,0.94444,1.62,1.50
2017.09.08 07:02:54.058,0.94433,0.94445,1.37,1.25
2017.09.08 07:02:54.609,0.94433,0.94444,1.37,1.13
2017.09.08 07:02:55.348,0.94433,0.94445,1.37,1.31
2017.09.08 07:02:55.400,0.94433,0.94445,1.37,1.50
2017.09.08 07:02:55.965,0.94433,0.94445,1.37,2.63
2017.09.08 07:02:57.231,0.94433,0.94445,1.37,1.31
2017.09.08 07:02:57.544,0.94438,0.9445,1.37,1.01
2017.09.08 07:02:57.647,0.94438,0.94451,1.37,2.89
2017.09.08 07:02:57.698,0.94438,0.94451,1.37,1.13
2017.09.08 07:02:58.057,0.94438,0.94451,1.62,1.00
2017.09.08 07:02:58.217,0.94441,0.94453,1.12,3.08
2017.09.08 07:02:58.425,0.94441,0.94453,1.37,1.50
2017.09.08 07:02:58.955,0.9444,0.94452,1.37,4.13
2017.09.08 07:02:59.007,0.94439,0.94451,1.12,3.19
2017.09.08 07:02:59.651,0.94439,0.94449,1.12,1.00
2017.09.08 07:03:00.161,0.94438,0.94451,1.37,4.31
2017.09.08 07:03:00.522,0.94439,0.94446,1.00,1.00
2017.09.08 07:03:00.627,0.94432,0.94446,1.69,3.38
2017.09.08 07:03:01.142,0.94432,0.94445,1.50,1.00
2017.09.08 07:03:01.679,0.94434,0.94445,1.37,1.00
2017.09.08 07:03:01.833,0.94437,0.94448,1.50,1.87
2017.09.08 07:03:02.072,0.94437,0.94451,2.00,5.14
2017.09.08 07:03:02.125,0.94437,0.94451,2.00,5.70
2017.09.08 07:03:02.280,0.94439,0.94452,1.37,2.44
2017.09.08 07:03:02.915,0.94437,0.94452,2.88,3.19
2017.09.08 07:03:03.223,0.94438,0.9445,2.25,1.44
2017.09.08 07:03:03.847,0.94439,0.9445,1.37,1.25
2017.09.08 07:03:04.065,0.94429,0.94442,1.70,2.25
2017.09.08 07:03:04.124,0.94427,0.94437,1.87,1.00
2017.09.08 07:03:04.235,0.94426,0.94437,1.37,1.87
2017.09.08 07:03:04.510,0.94431,0.94442,1.00,7.20
2017.09.08 07:03:04.562,0.94431,0.94442,1.25,2.62
2017.09.08 07:03:04.613,0.94431,0.94443,1.63,1.01
2017.09.08 07:03:04.975,0.94431,0.94444,1.37,1.25
2017.09.08 07:03:05.644,0.94431,0.94442,1.37,2.25
2017.09.08 07:03:06.012,0.94431,0.94439,1.37,1.00
2017.09.08 07:03:06.524,0.9443,0.9444,1.37,1.25
2017.09.08 07:03:07.124,0.94431,0.94444,1.25,1.01
2017.09.08 07:03:07.330,0.94431,0.94438,1.12,3.19
2017.09.08 07:03:07.382,0.94427,0.94437,1.37,1.13
2017.09.08 07:03:07.933,0.94426,0.94439,3.00,1.10
2017.09.08 07:03:07.986,0.94429,0.94441,1.37,4.01
2017.09.08 07:03:08.296,0.94429,0.94436,1.00,1.00
2017.09.08 07:03:08.463,0.94422,0.94436,2.81,1.44
2017.09.08 07:03:12.453,0.94423,0.94436,1.37,1.76
2017.09.08 07:03:13.039,0.94423,0.94436,1.37,2.14
2017.09.08 07:03:13.551,0.94423,0.94436,1.87,2.33
2017.09.08 07:03:14.228,0.94423,0.94436,1.37,3.26
2017.09.08 07:03:14.746,0.94425,0.94436,1.00,1.13
2017.09.08 07:03:15.245,0.94423,0.94436,1.75,2.44
2017.09.08 07:03:15.401,0.94423,0.94435,1.50,1.12
2017.09.08 07:03:15.453,0.94423,0.94435,1.50,1.00
2017.09.08 07:03:15.969,0.94423,0.94436,2.44,1.25
2017.09.08 07:03:17.923,0.94425,0.94437,1.37,1.25
2017.09.08 07:03:18.231,0.94431,0.94445,2.81,1.39
2017.09.08 07:03:18.283,0.94431,0.94445,2.25,2.51
2017.09.08 07:03:18.482,0.94431,0.94445,1.50,1.01
2017.09.08 07:03:18.994,0.94432,0.94444,1.37,1.25
2017.09.08 07:03:19.400,0.94437,0.9445,1.37,4.01
2017.09.08 07:03:19.455,0.94439,0.9445,1.50,1.31
2017.09.08 07:03:19.763,0.94437,0.9445,2.25,1.50
2017.09.08 07:03:20.431,0.94439,0.9445,1.00,1.69
2017.09.08 07:03:20.484,0.94436,0.94448,2.19,3.75
2017.09.08 07:03:20.537,0.94436,0.94448,1.81,1.00
2017.09.08 07:03:20.644,0.94436,0.94449,1.12,1.00
2017.09.08 07:03:21.024,0.9444,0.94451,1.69,1.00
2017.09.08 07:03:21.075,0.94441,0.94454,1.50,1.20
2017.09.08 07:03:21.178,0.94443,0.94455,1.50,1.45
2017.09.08 07:03:21.487,0.94441,0.94454,2.62,3.56
2017.09.08 07:03:22.223,0.94442,0.94455,1.69,4.20
2017.09.08 07:03:22.531,0.94446,0.94459,1.50,3.08
2017.09.08 07:03:22.757,0.94446,0.94459,2.25,3.75
2017.09.08 07:03:23.374,0.94448,0.94459,1.63,1.69
2017.09.08 07:03:23.478,0.94449,0.9446,1.12,3.38
2017.09.08 07:03:23.632,0.94449,0.94461,2.25,3.75
2017.09.08 07:03:24.142,0.94451,0.94462,1.00,1.69
2017.09.08 07:03:25.362,0.94449,0.94461,1.75,1.31
2017.09.08 07:03:25.705,0.9444,0.94453,2.07,1.00
2017.09.08 07:03:25.911,0.9444,0.94453,1.62,2.63
2017.09.08 07:03:26.446,0.9444,0.94453,1.37,1.44
2017.09.08 07:03:26.973,0.9444,0.94453,1.37,1.50
2017.09.08 07:03:27.479,0.94443,0.94455,1.12,4.58
2017.09.08 07:03:28.050,0.9444,0.94453,2.00,2.63
2017.09.08 07:03:28.594,0.94438,0.94451,1.87,2.63
2017.09.08 07:03:28.800,0.94438,0.94451,1.69,2.63
2017.09.08 07:03:29.110,0.94436,0.94449,1.94,1.00
2017.09.08 07:03:29.624,0.94437,0.94451,1.87,4.76
2017.09.08 07:03:30.757,0.94441,0.94453,1.00,2.51
2017.09.08 07:03:31.298,0.94437,0.9445,1.87,1.00
2017.09.08 07:03:31.503,0.94442,0.94454,1.12,2.70
2017.09.08 07:03:31.555,0.94442,0.94454,1.37,2.25
2017.09.08 07:03:31.658,0.9444,0.94452,1.50,1.00
2017.09.08 07:03:32.384,0.9444,0.94451,1.37,1.13
2017.09.08 07:03:33.631,0.94438,0.94451,1.69,3.75
2017.09.08 07:03:34.385,0.94438,0.9445,1.62,1.00
2017.09.08 07:03:34.488,0.94435,0.94448,1.85,3.53
2017.09.08 07:03:34.590,0.94433,0.94447,1.87,1.31
2017.09.08 07:03:35.520,0.94431,0.94444,2.70,2.21
2017.09.08 07:03:35.675,0.94431,0.94444,2.44,2.21
2017.09.08 07:03:35.881,0.94429,0.94441,2.06,1.00
2017.09.08 07:03:36.139,0.94429,0.94444,1.69,2.51
2017.09.08 07:03:36.448,0.94429,0.94442,1.62,1.44
2017.09.08 07:03:36.771,0.94428,0.94442,4.12,1.44
2017.09.08 07:03:36.925,0.94428,0.94442,2.81,1.13
2017.09.08 07:03:37.029,0.94431,0.94444,1.50,2.48
2017.09.08 07:03:37.183,0.9443,0.94442,1.50,1.88
2017.09.08 07:03:38.742,0.94427,0.94439,1.75,2.63
2017.09.08 07:03:39.109,0.94425,0.94438,1.75,3.19
2017.09.08 07:03:39.214,0.94426,0.94438,1.50,1.88
2017.09.08 07:03:39.267,0.94429,0.9444,1.00,1.69
2017.09.08 07:03:39.577,0.94431,0.94444,1.69,1.25
2017.09.08 07:03:39.880,0.94429,0.94442,2.44,1.69
2017.09.08 07:03:39.931,0.94428,0.94442,2.19,1.25
2017.09.08 07:03:40.443,0.94428,0.94441,1.75,1.00
2017.09.08 07:03:40.593,0.94428,0.94441,1.75,1.00
2017.09.08 07:03:40.645,0.94431,0.94444,1.50,2.89
2017.09.08 07:03:40.698,0.94431,0.94444,1.69,1.01
2017.09.08 07:03:41.058,0.94431,0.94444,1.37,1.63
2017.09.08 07:03:41.111,0.94428,0.94443,1.95,6.00
2017.09.08 07:03:41.215,0.94427,0.94441,2.44,1.31
2017.09.08 07:03:41.585,0.94429,0.94442,1.63,1.69
2017.09.08 07:03:41.688,0.94433,0.94446,1.87,2.81
2017.09.08 07:03:41.742,0.94435,0.94447,2.06,1.01
2017.09.08 07:03:42.054,0.94441,0.94452,1.43,2.25
2017.09.08 07:03:42.209,0.94441,0.94454,2.06,1.25
2017.09.08 07:03:42.332,0.94441,0.94452,1.62,1.25
2017.09.08 07:03:42.385,0.94439,0.94451,1.37,2.25
2017.09.08 07:03:42.489,0.94436,0.94447,4.31,1.00
2017.09.08 07:03:42.644,0.94437,0.94449,1.12,3.00
2017.09.08 07:03:42.747,0.94437,0.9445,1.37,4.88
2017.09.08 07:03:43.126,0.94432,0.94445,4.76,1.25
2017.09.08 07:03:43.182,0.94432,0.94445,1.87,1.13
2017.09.08 07:03:43.287,0.94435,0.94447,1.12,2.06
2017.09.08 07:03:43.339,0.94437,0.9445,1.00,3.64
2017.09.08 07:03:43.646,0.94438,0.9445,1.63,2.63
2017.09.08 07:03:45.227,0.94438,0.94451,1.87,1.00
2017.09.08 07:03:45.531,0.94436,0.94448,1.37,1.12
2017.09.08 07:03:45.687,0.94436,0.9445,1.63,1.25
2017.09.08 07:03:46.235,0.94436,0.9445,1.37,1.13
2017.09.08 07:03:47.503,0.94434,0.94447,1.75,2.06
2017.09.08 07:03:47.730,0.94432,0.94445,1.50,1.00
2017.09.08 07:03:48.465,0.94433,0.94446,1.37,2.44
2017.09.08 07:03:49.898,0.94432,0.94445,1.62,1.00
2017.09.08 07:03:50.003,0.94431,0.94443,2.00,3.00
2017.09.08 07:03:50.294,0.94429,0.94441,1.63,1.69
2017.09.08 07:03:50.811,0.94431,0.94442,1.63,1.00
2017.09.08 07:03:51.161,0.94431,0.94444,1.87,1.12
2017.09.08 07:03:51.419,0.94433,0.94446,1.87,5.62
2017.09.08 07:03:51.523,0.94437,0.9445,1.43,2.70
2017.09.08 07:03:51.965,0.94439,0.94453,1.50,1.87
2017.09.08 07:03:52.486,0.9444,0.94453,1.00,3.19
2017.09.08 07:03:52.987,0.9444,0.94452,1.00,1.00
2017.09.08 07:03:53.370,0.94439,0.94451,1.37,1.69
2017.09.08 07:03:53.729,0.9444,0.94453,1.37,2.44
2017.09.08 07:03:53.831,0.94438,0.94451,1.50,2.63
2017.09.08 07:03:53.938,0.94436,0.94449,1.50,1.25
2017.09.08 07:03:54.086,0.94438,0.94451,2.25,2.63
2017.09.08 07:03:54.896,0.94442,0.94452,1.12,2.62
2017.09.08 07:03:55.210,0.94442,0.94455,1.87,2.25
2017.09.08 07:03:56.105,0.94442,0.94455,1.62,2.81
2017.09.08 07:03:56.590,0.94441,0.94454,2.06,1.44
2017.09.08 07:03:56.694,0.94443,0.94455,1.37,2.62
2017.09.08 07:03:57.263,0.94444,0.94456,2.06,2.06
2017.09.08 07:03:57.315,0.94447,0.94457,1.00,1.10
2017.09.08 07:03:57.622,0.94448,0.94459,1.87,1.50
2017.09.08 07:03:57.675,0.94451,0.94463,1.50,4.20
2017.09.08 07:03:57.729,0.94453,0.94464,1.37,4.01
2017.09.08 07:03:57.878,0.94454,0.94464,4.31,1.00
2017.09.08 07:03:58.190,0.94457,0.94466,1.37,1.00
2017.09.08 07:03:58.242,0.94457,0.94469,1.37,1.76
2017.09.08 07:03:58.729,0.9446,0.94473,1.50,6.19
2017.09.08 07:03:59.143,0.9446,0.94473,1.62,4.13
2017.09.08 07:03:59.348,0.9446,0.94473,1.62,3.56
2017.09.08 07:03:59.506,0.94464,0.94474,1.37,1.50
2017.09.08 07:03:59.610,0.94459,0.94472,2.00,1.50
2017.09.08 07:04:00.152,0.94459,0.94472,1.63,1.00
2017.09.08 07:04:00.360,0.94461,0.94474,1.37,4.31
2017.09.08 07:04:00.741,0.94459,0.94472,1.50,1.00
2017.09.08 07:04:01.266,0.94459,0.94472,1.69,1.25
2017.09.08 07:04:01.420,0.94459,0.94472,1.62,1.13
2017.09.08 07:04:01.728,0.94457,0.94468,1.63,1.25
2017.09.08 07:04:01.868,0.94457,0.94471,1.12,4.01
2017.09.08 07:04:01.920,0.94459,0.94472,1.37,1.31
2017.09.08 07:04:02.075,0.94459,0.94472,1.37,3.19
2017.09.08 07:04:02.838,0.94458,0.94471,1.50,1.25
2017.09.08 07:04:04.575,0.94456,0.9447,2.25,1.88
2017.09.08 07:04:05.120,0.94459,0.94471,1.12,1.50
2017.09.08 07:04:05.427,0.9446,0.94473,1.37,3.75
2017.09.08 07:04:06.275,0.9446,0.94473,1.37,3.75
2017.09.08 07:04:06.815,0.94459,0.94471,1.62,1.00
2017.09.08 07:04:11.028,0.94459,0.94472,1.81,1.25
2017.09.08 07:04:11.534,0.94458,0.94471,1.37,1.00
2017.09.08 07:04:12.225,0.94458,0.94471,1.69,1.00
2017.09.08 07:04:12.568,0.94455,0.94465,1.27,1.00
2017.09.08 07:04:12.878,0.9445,0.94462,1.37,1.50
2017.09.08 07:04:14.738,0.94449,0.94462,1.81,1.50
2017.09.08 07:04:15.258,0.94449,0.94462,1.50,2.63
2017.09.08 07:04:16.910,0.9445,0.94463,1.37,3.00
2017.09.08 07:04:17.823,0.9445,0.94462,1.37,1.88
2017.09.08 07:04:18.753,0.9445,0.94462,1.37,1.25
2017.09.08 07:04:19.167,0.9445,0.94462,1.37,1.38
2017.09.08 07:04:19.352,0.9445,0.94462,1.37,1.25
2017.09.08 07:04:19.929,0.9445,0.94462,1.37,1.88
2017.09.08 07:04:20.032,0.94451,0.94464,1.37,4.31
2017.09.08 07:04:20.136,0.9445,0.94462,1.37,1.13
2017.09.08 07:04:20.665,0.94451,0.94464,1.37,3.00
2017.09.08 07:04:21.009,0.94457,0.94469,1.50,1.31
2017.09.08 07:04:21.762,0.94456,0.94469,2.81,1.00
2017.09.08 07:04:22.278,0.94456,0.9447,2.00,3.00
2017.09.08 07:04:22.933,0.94456,0.9447,2.44,3.00
2017.09.08 07:04:23.694,0.94456,0.9447,1.81,3.75
2017.09.08 07:04:23.796,0.94456,0.9447,1.69,6.00
2017.09.08 07:04:25.334,0.94456,0.94464,1.37,1.00
2017.09.08 07:04:25.610,0.94453,0.94464,1.37,2.63
2017.09.08 07:04:25.767,0.94452,0.94462,1.00,2.44
2017.09.08 07:04:26.283,0.94453,0.94462,1.00,1.69
2017.09.08 07:04:26.944,0.94453,0.94461,1.00,1.00
2017.09.08 07:04:27.355,0.94449,0.9446,1.37,2.81
2017.09.08 07:04:27.571,0.94453,0.94466,2.44,1.75
2017.09.08 07:04:27.675,0.94456,0.94469,3.19,1.95
2017.09.08 07:04:27.781,0.94461,0.94472,1.37,2.14
2017.09.08 07:04:27.886,0.94464,0.94474,1.00,1.47
2017.09.08 07:04:28.042,0.94462,0.94475,2.44,1.50
2017.09.08 07:04:28.211,0.94462,0.94473,1.69,2.06
2017.09.08 07:04:28.263,0.94461,0.94472,1.37,2.44
2017.09.08 07:04:28.315,0.94461,0.94472,1.12,2.44
2017.09.08 07:04:28.817,0.94461,0.9447,1.12,1.50
2017.09.08 07:04:28.922,0.94457,0.94465,1.37,1.50
2017.09.08 07:04:29.092,0.94452,0.94464,1.37,3.19
2017.09.08 07:04:29.554,0.94454,0.94466,4.31,1.00
2017.09.08 07:04:29.606,0.94456,0.94469,1.37,5.44
2017.09.08 07:04:29.709,0.94456,0.94469,1.37,4.69
2017.09.08 07:04:29.993,0.94459,0.94469,1.12,4.88
2017.09.08 07:04:30.045,0.9445,0.94463,2.51,1.00
2017.09.08 07:04:30.558,0.94453,0.94464,1.00,3.00
2017.09.08 07:04:31.064,0.94452,0.94464,1.37,2.81
2017.09.08 07:04:31.269,0.94457,0.94467,1.00,1.95
2017.09.08 07:04:31.322,0.94458,0.9447,1.00,1.50
2017.09.08 07:04:31.373,0.94458,0.94471,1.81,1.01
2017.09.08 07:04:31.528,0.94463,0.94475,1.69,1.95
2017.09.08 07:04:31.579,0.94466,0.94475,1.00,1.00
2017.09.08 07:04:31.631,0.94466,0.94478,1.37,1.95
2017.09.08 07:04:32.255,0.94466,0.94477,1.12,1.00
2017.09.08 07:04:32.410,0.94468,0.94481,1.37,3.08
2017.09.08 07:04:32.912,0.94466,0.94479,3.75,1.13
2017.09.08 07:04:33.436,0.94468,0.94481,1.37,4.31
2017.09.08 07:04:34.181,0.94468,0.94481,1.62,1.69
2017.09.08 07:04:34.489,0.94467,0.94479,1.37,1.87
2017.09.08 07:04:34.793,0.94467,0.94479,1.37,2.25
2017.09.08 07:04:35.052,0.94467,0.94479,1.37,2.06
2017.09.08 07:04:35.602,0.94467,0.94479,1.37,2.63
2017.09.08 07:04:36.161,0.94467,0.94479,1.37,2.63
2017.09.08 07:04:36.519,0.94469,0.9448,1.37,1.44
2017.09.08 07:04:37.076,0.94469,0.94481,1.37,5.51
2017.09.08 07:04:38.931,0.94468,0.9448,1.37,3.00
2017.09.08 07:04:40.955,0.94469,0.94479,1.63,1.50
2017.09.08 07:04:41.006,0.94469,0.94481,1.37,1.31
2017.09.08 07:04:42.015,0.94469,0.94481,1.87,2.25
2017.09.08 07:04:42.223,0.9447,0.94483,1.62,4.57
2017.09.08 07:04:42.276,0.94469,0.94481,1.37,1.50
2017.09.08 07:04:42.803,0.94469,0.94481,1.37,1.50
2017.09.08 07:04:43.678,0.94469,0.94479,1.37,1.00
2017.09.08 07:04:43.782,0.94469,0.94479,1.00,3.38
2017.09.08 07:04:43.939,0.94469,0.94481,1.37,3.94
2017.09.08 07:04:44.464,0.94469,0.94481,1.37,3.19
2017.09.08 07:04:48.299,0.94469,0.94481,1.87,2.44
2017.09.08 07:04:49.556,0.94471,0.94483,1.50,4.87
2017.09.08 07:04:49.867,0.94478,0.9449,1.62,1.75
2017.09.08 07:04:49.971,0.94476,0.94489,1.69,2.44
2017.09.08 07:04:50.170,0.94474,0.94482,1.87,1.12
2017.09.08 07:04:50.276,0.94466,0.94479,1.50,1.25
2017.09.08 07:04:50.380,0.94471,0.94479,1.00,1.13
2017.09.08 07:04:50.637,0.94466,0.94479,1.37,1.13
2017.09.08 07:04:51.268,0.94468,0.9448,1.87,1.88
2017.09.08 07:04:51.791,0.94469,0.9448,1.37,1.69
2017.09.08 07:04:54.077,0.94469,0.94481,1.87,1.13
2017.09.08 07:05:00.485,0.94465,0.94477,2.89,2.44
2017.09.08 07:05:00.669,0.94465,0.94479,3.38,1.10
2017.09.08 07:05:00.721,0.94465,0.94479,4.13,1.44
2017.09.08 07:05:01.033,0.94462,0.94475,2.63,1.50
2017.09.08 07:05:01.544,0.94462,0.94475,3.56,1.50
2017.09.08 07:05:02.056,0.94463,0.94475,1.62,1.31
2017.09.08 07:05:02.109,0.94465,0.94477,1.81,1.12
2017.09.08 07:05:02.162,0.94469,0.94478,1.00,1.12
2017.09.08 07:05:02.266,0.94469,0.9448,1.37,2.63
2017.09.08 07:05:03.948,0.94466,0.94477,2.44,1.00
2017.09.08 07:05:04.257,0.94458,0.9447,1.50,1.00
2017.09.08 07:05:04.593,0.94458,0.9447,1.37,3.00
2017.09.08 07:05:05.107,0.94457,0.94469,1.37,1.00
2017.09.08 07:05:05.305,0.94451,0.94463,3.56,1.00
2017.09.08 07:05:05.360,0.94451,0.94463,1.37,1.12
2017.09.08 07:05:06.053,0.94451,0.94463,1.37,1.12
2017.09.08 07:05:06.174,0.94454,0.94466,2.25,1.39
2017.09.08 07:05:06.227,0.94456,0.94467,1.37,2.25
2017.09.08 07:05:06.382,0.94453,0.94465,1.87,1.00
2017.09.08 07:05:06.485,0.94451,0.94463,1.37,1.25
2017.09.08 07:05:08.550,0.94453,0.94462,1.00,1.25
2017.09.08 07:05:08.894,0.94448,0.94461,2.25,1.00
2017.09.08 07:05:09.151,0.94453,0.94461,1.00,1.00
2017.09.08 07:05:09.254,0.94448,0.94461,1.50,1.00
2017.09.08 07:05:09.825,0.94449,0.94461,1.37,1.00
2017.09.08 07:05:10.339,0.94449,0.94461,1.37,1.00
2017.09.08 07:05:10.957,0.94448,0.9446,1.62,1.50
2017.09.08 07:05:11.009,0.94447,0.94459,1.37,1.00
2017.09.08 07:05:11.587,0.94448,0.9446,1.63,1.00
2017.09.08 07:05:11.639,0.9445,0.94462,1.37,1.95
2017.09.08 07:05:11.743,0.94449,0.94462,1.50,1.00
2017.09.08 07:05:11.953,0.94446,0.9446,1.76,1.13
2017.09.08 07:05:12.278,0.94443,0.94458,3.94,1.31
2017.09.08 07:05:12.483,0.94443,0.94456,1.62,2.81
2017.09.08 07:05:12.535,0.94441,0.94453,1.37,1.00
2017.09.08 07:05:12.639,0.94441,0.94453,1.62,1.00
2017.09.08 07:05:14.834,0.94441,0.94454,1.63,1.31
2017.09.08 07:05:15.813,0.9444,0.94453,4.69,1.00
2017.09.08 07:05:16.352,0.94441,0.94454,1.62,1.25
2017.09.08 07:05:16.804,0.94448,0.94458,1.00,1.62
2017.09.08 07:05:16.957,0.94451,0.94463,1.62,1.20
2017.09.08 07:05:17.009,0.9445,0.94462,1.37,1.00
2017.09.08 07:05:17.761,0.94448,0.94461,2.81,1.00
2017.09.08 07:05:19.740,0.9445,0.94463,1.37,1.31
2017.09.08 07:05:20.276,0.94454,0.94465,1.25,2.32
2017.09.08 07:05:20.580,0.94458,0.94471,1.37,3.19
2017.09.08 07:05:20.891,0.9446,0.94472,1.62,2.44
2017.09.08 07:05:21.441,0.94461,0.94473,1.62,1.25
2017.09.08 07:05:21.854,0.94459,0.94472,1.31,1.44
2017.09.08 07:05:21.957,0.94459,0.94472,1.50,1.44
2017.09.08 07:05:22.524,0.94459,0.94472,1.37,1.25
2017.09.08 07:05:23.039,0.9446,0.94472,1.37,1.69
2017.09.08 07:05:24.254,0.9446,0.94472,1.37,1.25
2017.09.08 07:05:24.599,0.94466,0.94477,1.25,2.44
2017.09.08 07:05:25.009,0.9446,0.94473,2.14,1.88
2017.09.08 07:05:25.372,0.94458,0.94471,1.50,1.31
2017.09.08 07:05:28.630,0.94456,0.9447,2.06,2.81
2017.09.08 07:05:28.791,0.94455,0.94467,1.37,1.31
2017.09.08 07:05:28.843,0.94453,0.94465,1.62,3.38
2017.09.08 07:05:28.895,0.94453,0.94465,1.12,3.94
2017.09.08 07:05:29.101,0.94454,0.94466,3.19,1.10
2017.09.08 07:05:29.496,0.94457,0.94469,1.37,1.50
2017.09.08 07:05:31.758,0.94458,0.94471,1.50,1.50
2017.09.08 07:05:32.291,0.94458,0.94472,2.25,5.25
2017.09.08 07:05:32.881,0.94458,0.94472,1.87,3.00
2017.09.08 07:05:33.555,0.94458,0.94472,2.44,3.75
2017.09.08 07:05:34.013,0.9446,0.94472,1.87,1.88
2017.09.08 07:05:34.371,0.94463,0.94472,1.37,1.50
2017.09.08 07:05:34.525,0.94459,0.94472,1.50,1.88
2017.09.08 07:05:35.037,0.94459,0.94472,1.69,1.50
2017.09.08 07:05:35.435,0.94463,0.94475,1.12,1.20
2017.09.08 07:05:35.487,0.94466,0.94477,1.63,3.00
2017.09.08 07:05:36.205,0.94464,0.94476,1.37,1.44
2017.09.08 07:05:36.523,0.94466,0.94477,1.37,1.50
2017.09.08 07:05:36.729,0.9447,0.94481,1.00,3.00
2017.09.08 07:05:36.781,0.9447,0.94482,1.63,4.12
2017.09.08 07:05:37.793,0.9447,0.94482,1.37,2.63
2017.09.08 07:05:38.346,0.94469,0.94481,1.37,1.00
2017.09.08 07:05:39.129,0.94471,0.94483,1.12,1.12
2017.09.08 07:05:39.181,0.94473,0.94484,1.00,1.47
2017.09.08 07:05:39.488,0.94467,0.9448,1.37,1.38
2017.09.08 07:05:40.002,0.94467,0.9448,1.37,2.63
2017.09.08 07:05:40.104,0.94467,0.9448,1.37,1.88
2017.09.08 07:05:40.868,0.94468,0.9448,1.37,1.69
2017.09.08 07:05:41.418,0.94468,0.9448,1.37,1.50
2017.09.08 07:05:41.744,0.94472,0.94483,1.00,2.25
2017.09.08 07:05:41.849,0.94473,0.94483,1.87,2.06
2017.09.08 07:05:41.902,0.94475,0.94487,1.00,1.20
2017.09.08 07:05:42.057,0.94473,0.94486,1.81,2.62
2017.09.08 07:05:42.367,0.9447,0.94482,1.37,2.62
2017.09.08 07:05:42.581,0.9447,0.94481,1.12,1.63
2017.09.08 07:05:42.684,0.94467,0.9448,2.06,1.13
2017.09.08 07:05:43.203,0.94469,0.94481,1.37,1.50
2017.09.08 07:05:43.724,0.94469,0.94481,1.37,3.75
2017.09.08 07:05:44.237,0.94467,0.9448,1.50,1.00
2017.09.08 07:05:45.538,0.94466,0.9448,1.69,1.50
2017.09.08 07:05:46.523,0.94465,0.94477,1.62,1.50
2017.09.08 07:05:46.782,0.94461,0.94473,1.37,1.31
2017.09.08 07:05:46.885,0.94463,0.94476,1.37,3.38
2017.09.08 07:05:47.798,0.94465,0.94477,1.63,2.62
2017.09.08 07:05:48.345,0.94464,0.94476,1.37,1.31
2017.09.08 07:05:48.854,0.94464,0.94477,1.37,1.00
2017.09.08 07:05:49.009,0.94467,0.9448,1.56,1.25
2017.09.08 07:05:49.342,0.94469,0.94481,1.37,1.13
2017.09.08 07:05:49.394,0.94466,0.9448,3.19,1.50
2017.09.08 07:05:49.497,0.94466,0.9448,2.44,1.50
2017.09.08 07:05:49.961,0.94469,0.94481,1.37,1.44
2017.09.08 07:05:50.485,0.94467,0.94479,1.62,1.25
2017.09.08 07:05:51.237,0.94468,0.94481,2.25,1.00
2017.09.08 07:05:52.728,0.94469,0.94481,1.62,1.25
2017.09.08 07:05:52.832,0.94468,0.9448,1.37,1.44
2017.09.08 07:05:53.345,0.94469,0.94481,1.37,1.50
2017.09.08 07:05:53.869,0.94469,0.94481,1.37,2.25
2017.09.08 07:05:54.176,0.9447,0.94482,1.62,2.44
2017.09.08 07:05:54.725,0.94469,0.94481,1.50,1.00
2017.09.08 07:05:55.084,0.94472,0.94484,2.06,2.62
2017.09.08 07:05:55.617,0.94472,0.94483,3.75,1.00
2017.09.08 07:05:55.923,0.94472,0.94483,4.50,1.00
2017.09.08 07:05:56.129,0.94472,0.94484,2.25,1.63
2017.09.08 07:05:56.747,0.94473,0.94484,1.37,1.00
2017.09.08 07:05:56.851,0.94477,0.94488,1.13,1.50
2017.09.08 07:05:56.903,0.94477,0.94489,1.62,1.25
2017.09.08 07:05:57.159,0.94476,0.94488,1.63,1.44
2017.09.08 07:05:58.481,0.94476,0.94488,1.37,1.25
2017.09.08 07:05:59.716,0.94476,0.94489,1.37,1.88
2017.09.08 07:06:00.234,0.94476,0.94489,1.37,2.06
2017.09.08 07:06:01.753,0.94477,0.94489,1.37,1.31
2017.09.08 07:06:02.093,0.94477,0.94489,1.37,2.06
2017.09.08 07:06:02.452,0.94477,0.94484,1.37,1.00
2017.09.08 07:06:03.711,0.94478,0.94485,1.37,1.00
2017.09.08 07:06:03.764,0.94477,0.9449,1.62,2.06
2017.09.08 07:06:03.866,0.94474,0.94489,3.56,2.19
2017.09.08 07:06:04.050,0.94474,0.94488,1.81,1.37
2017.09.08 07:06:04.102,0.94474,0.94484,1.81,1.00
2017.09.08 07:06:07.119,0.94474,0.94481,1.63,1.00
2017.09.08 07:06:08.489,0.94475,0.94481,1.37,1.00
2017.09.08 07:06:08.694,0.94475,0.94485,1.37,1.00
2017.09.08 07:06:09.287,0.94475,0.94484,1.37,1.00
2017.09.08 07:06:09.800,0.94475,0.94484,1.37,1.00
2017.09.08 07:06:13.540,0.94471,0.94484,1.85,1.62
2017.09.08 07:06:13.593,0.94473,0.94484,1.12,1.37
2017.09.08 07:06:15.113,0.94471,0.94479,1.37,1.00
2017.09.08 07:06:18.949,0.94471,0.9448,1.62,1.00
2017.09.08 07:06:20.769,0.94472,0.94479,1.37,1.00
2017.09.08 07:06:21.459,0.94473,0.94479,1.50,1.00
2017.09.08 07:06:21.510,0.94475,0.94481,1.12,1.00
2017.09.08 07:06:21.614,0.94475,0.94481,1.37,1.00
2017.09.08 07:06:21.718,0.94475,0.94481,1.12,1.00
2017.09.08 07:06:23.457,0.94473,0.94482,1.37,1.00
2017.09.08 07:06:23.958,0.94474,0.94481,1.37,1.00
2017.09.08 07:06:25.118,0.94474,0.94482,1.37,1.00
2017.09.08 07:06:25.170,0.94473,0.94481,1.37,1.00
2017.09.08 07:06:25.327,0.94468,0.9448,1.87,2.06
2017.09.08 07:06:25.535,0.94464,0.94477,1.76,2.25
2017.09.08 07:06:25.714,0.94465,0.94478,1.62,1.88
2017.09.08 07:06:26.122,0.94465,0.94477,1.50,1.50
2017.09.08 07:06:26.175,0.9447,0.94477,1.00,1.50
2017.09.08 07:06:26.464,0.9447,0.94481,1.31,3.19
2017.09.08 07:06:26.516,0.94468,0.94479,2.00,1.00
2017.09.08 07:06:27.182,0.94468,0.94479,1.62,2.44
2017.09.08 07:06:27.823,0.94466,0.94477,1.81,1.00
2017.09.08 07:06:28.421,0.94469,0.94477,1.62,1.00
2017.09.08 07:06:28.993,0.94473,0.94477,1.12,1.00
2017.09.08 07:06:29.045,0.94473,0.94483,1.12,1.00
2017.09.08 07:06:29.568,0.9447,0.94482,1.37,3.75
2017.09.08 07:06:29.620,0.94468,0.9448,1.37,1.25
2017.09.08 07:06:29.673,0.94468,0.94477,1.62,1.00
2017.09.08 07:06:31.249,0.94469,0.94477,1.62,1.00
2017.09.08 07:06:31.769,0.94469,0.94478,1.50,1.00
2017.09.08 07:06:32.129,0.94471,0.9448,1.63,1.00
2017.09.08 07:06:32.272,0.94471,0.94484,1.87,2.51
2017.09.08 07:06:32.324,0.94471,0.94482,1.37,1.00
2017.09.08 07:06:32.581,0.94469,0.94479,1.37,1.00
2017.09.08 07:06:33.702,0.9447,0.94477,1.12,1.00
2017.09.08 07:06:34.365,0.9447,0.94477,1.37,1.00
2017.09.08 07:06:34.419,0.94472,0.94483,1.63,1.37
2017.09.08 07:06:34.680,0.94472,0.94484,1.37,1.69
2017.09.08 07:06:34.734,0.94474,0.94486,1.37,4.50
2017.09.08 07:06:35.143,0.94469,0.94481,1.50,1.00
2017.09.08 07:06:35.198,0.94472,0.94484,1.50,2.25
2017.09.08 07:06:35.608,0.94473,0.94484,1.37,1.12
2017.09.08 07:06:35.917,0.94471,0.94483,1.37,1.13
2017.09.08 07:06:36.902,0.94469,0.94481,1.88,1.25
2017.09.08 07:06:37.946,0.94469,0.94481,1.37,1.44
2017.09.08 07:06:38.458,0.94469,0.94481,1.37,1.13
2017.09.08 07:06:39.044,0.94469,0.94481,1.37,1.31
2017.09.08 07:06:39.402,0.9447,0.94482,2.06,1.12
2017.09.08 07:06:39.881,0.94467,0.9448,1.87,1.13
2017.09.08 07:06:40.394,0.94468,0.94479,1.37,1.00
2017.09.08 07:06:40.573,0.9446,0.94473,1.12,3.38
2017.09.08 07:06:40.625,0.94458,0.94472,3.75,1.13
2017.09.08 07:06:40.781,0.9446,0.94472,1.37,1.50
2017.09.08 07:06:40.884,0.9446,0.94472,1.37,3.19
2017.09.08 07:06:41.725,0.94459,0.94471,1.37,1.00
2017.09.08 07:06:41.879,0.94459,0.94471,1.37,1.00
2017.09.08 07:06:44.150,0.94457,0.9447,2.44,1.44
2017.09.08 07:06:49.558,0.94458,0.94469,1.50,1.00
2017.09.08 07:06:50.094,0.94463,0.9447,1.00,1.00
2017.09.08 07:06:50.146,0.94461,0.94472,1.37,1.31
2017.09.08 07:06:50.300,0.9446,0.94472,1.50,1.50
2017.09.08 07:06:50.455,0.9446,0.9447,1.37,1.25
2017.09.08 07:06:50.988,0.94459,0.94469,1.37,1.00
2017.09.08 07:06:51.091,0.94459,0.9447,1.12,1.50
2017.09.08 07:06:51.196,0.94462,0.94469,1.12,1.00
2017.09.08 07:06:51.505,0.9446,0.94469,3.00,1.00
2017.09.08 07:06:51.857,0.94464,0.94473,1.37,1.00
2017.09.08 07:06:51.909,0.94464,0.94478,2.63,3.00
2017.09.08 07:06:52.460,0.94464,0.94478,1.88,2.06
2017.09.08 07:06:52.665,0.94463,0.94474,2.06,1.50
2017.09.08 07:06:52.820,0.9446,0.94471,1.37,1.50
2017.09.08 07:06:53.355,0.94457,0.9447,1.87,1.00
2017.09.08 07:06:54.966,0.94459,0.94471,1.37,1.12
2017.09.08 07:06:55.994,0.94459,0.94472,1.62,2.06
2017.09.08 07:06:56.984,0.94459,0.94472,1.50,1.88
2017.09.08 07:06:57.971,0.94459,0.94472,1.62,1.50
2017.09.08 07:06:58.022,0.94458,0.94471,1.50,1.31
2017.09.08 07:06:58.074,0.94458,0.94471,1.62,1.31
2017.09.08 07:06:58.228,0.94458,0.94471,1.37,1.25
2017.09.08 07:06:58.418,0.94458,0.94471,1.37,2.44
2017.09.08 07:06:58.520,0.94458,0.94469,1.37,1.50
2017.09.08 07:06:58.829,0.94451,0.94464,1.62,1.12
2017.09.08 07:06:58.932,0.94451,0.94464,1.62,3.56
2017.09.08 07:06:59.035,0.94451,0.94463,1.62,1.81
2017.09.08 07:06:59.555,0.94449,0.94463,1.63,1.69
2017.09.08 07:06:59.949,0.94447,0.94461,1.50,1.75
2017.09.08 07:07:00.454,0.94447,0.9446,1.63,1.88
2017.09.08 07:07:01.480,0.94446,0.94458,1.37,1.44
2017.09.08 07:07:01.582,0.94442,0.94454,2.63,1.00
2017.09.08 07:07:02.465,0.9444,0.94454,2.63,1.50
2017.09.08 07:07:02.618,0.9444,0.94454,2.81,1.50
2017.09.08 07:07:03.129,0.94442,0.94454,1.44,1.12
2017.09.08 07:07:03.674,0.94441,0.94454,1.00,1.87
2017.09.08 07:07:03.881,0.9444,0.94452,1.00,1.00
2017.09.08 07:07:03.933,0.94438,0.94452,2.63,1.44
2017.09.08 07:07:04.298,0.9444,0.94452,1.87,1.31
2017.09.08 07:07:04.558,0.94437,0.94452,3.45,1.13
2017.09.08 07:07:04.770,0.94437,0.9445,1.25,1.50
2017.09.08 07:07:05.303,0.94438,0.9445,1.00,1.00
2017.09.08 07:07:05.460,0.94434,0.94447,1.12,3.00
2017.09.08 07:07:06.064,0.94432,0.94445,1.69,1.12
2017.09.08 07:07:06.579,0.9443,0.94444,1.00,1.50
2017.09.08 07:07:06.796,0.94434,0.94444,1.00,1.63
2017.09.08 07:07:07.056,0.9443,0.94444,1.19,1.63
2017.09.08 07:07:07.713,0.94434,0.94439,1.00,1.00
2017.09.08 07:07:07.766,0.94434,0.94446,1.69,1.76
2017.09.08 07:07:07.869,0.94431,0.94445,1.66,1.13
2017.09.08 07:07:07.921,0.94429,0.94444,1.56,1.63
2017.09.08 07:07:08.468,0.94431,0.94439,1.25,1.00
2017.09.08 07:07:09.447,0.9443,0.94439,1.13,1.00
2017.09.08 07:07:09.705,0.94427,0.94439,1.00,1.50
2017.09.08 07:07:10.140,0.94425,0.94434,1.13,1.00
2017.09.08 07:07:10.244,0.94428,0.94441,2.06,1.10
2017.09.08 07:07:11.040,0.94431,0.94442,1.00,1.88
2017.09.08 07:07:11.092,0.94431,0.94443,1.00,1.12
2017.09.08 07:07:12.126,0.94431,0.9444,1.25,1.00
2017.09.08 07:07:12.639,0.9443,0.94439,1.13,1.00
2017.09.08 07:07:15.269,0.9443,0.9444,1.13,1.00
2017.09.08 07:07:15.802,0.94431,0.94439,1.13,1.00
2017.09.08 07:07:16.312,0.9443,0.94439,1.31,1.00
2017.09.08 07:07:16.615,0.94432,0.94439,1.00,1.00
2017.09.08 07:07:17.132,0.94433,0.94439,1.00,1.00
2017.09.08 07:07:17.780,0.94437,0.94445,1.25,1.00
2017.09.08 07:07:17.883,0.94438,0.9445,1.88,1.87
2017.09.08 07:07:18.433,0.94438,0.9445,1.13,1.87
2017.09.08 07:07:18.980,0.94438,0.94449,1.88,1.00
2017.09.08 07:07:19.492,0.94438,0.9445,2.06,1.50
2017.09.08 07:07:20.036,0.94438,0.94449,1.13,1.00
2017.09.08 07:07:20.087,0.9444,0.94449,1.00,1.00
2017.09.08 07:07:20.613,0.94439,0.94449,1.25,1.00
2017.09.08 07:07:24.207,0.94438,0.9445,1.31,1.00
2017.09.08 07:07:24.726,0.94439,0.94449,1.25,1.00
2017.09.08 07:07:25.826,0.94439,0.94447,1.00,1.00
2017.09.08 07:07:29.677,0.94437,0.94447,1.69,1.50
2017.09.08 07:07:29.834,0.9443,0.94444,2.44,1.00
2017.09.08 07:07:30.345,0.9443,0.94444,1.31,1.88
2017.09.08 07:07:31.382,0.9443,0.94443,1.44,1.25
2017.09.08 07:07:32.344,0.9443,0.94443,1.00,1.12
2017.09.08 07:07:33.822,0.9443,0.94442,1.13,1.00
2017.09.08 07:07:33.874,0.9443,0.9444,1.13,1.00
2017.09.08 07:07:37.024,0.9443,0.94439,1.31,1.00
2017.09.08 07:07:38.070,0.94431,0.94439,1.00,1.00
2017.09.08 07:07:38.174,0.94431,0.94444,2.63,1.50
2017.09.08 07:07:38.793,0.94431,0.94444,1.44,1.50
2017.09.08 07:07:39.323,0.94431,0.94444,1.31,1.50
2017.09.08 07:07:41.581,0.94431,0.94444,1.00,2.06
2017.09.08 07:07:42.086,0.9443,0.94443,1.69,1.31
2017.09.08 07:07:42.138,0.9443,0.94444,1.88,2.63
2017.09.08 07:07:42.661,0.9443,0.94444,1.88,1.88
2017.09.08 07:07:44.396,0.9443,0.94444,1.88,1.38
2017.09.08 07:07:44.499,0.9443,0.94444,2.63,1.13
2017.09.08 07:07:45.571,0.9443,0.94445,1.69,7.69
2017.09.08 07:07:47.769,0.9443,0.94445,1.25,4.88
2017.09.08 07:07:48.280,0.9443,0.94445,2.63,5.44
2017.09.08 07:07:48.873,0.9443,0.94445,1.88,2.63
2017.09.08 07:07:49.390,0.9443,0.94445,1.88,5.06
2017.09.08 07:07:49.910,0.9443,0.94444,2.63,1.38
2017.09.08 07:07:50.406,0.9443,0.94444,1.69,1.88
2017.09.08 07:07:50.955,0.9443,0.94444,1.25,2.06
2017.09.08 07:07:51.367,0.9443,0.94444,1.25,1.25
2017.09.08 07:07:51.826,0.94432,0.94444,1.00,1.25
2017.09.08 07:07:52.258,0.94434,0.94446,1.25,2.25
2017.09.08 07:07:53.567,0.94432,0.94444,1.13,1.25
2017.09.08 07:07:55.203,0.94432,0.94445,1.00,3.38
2017.09.08 07:07:55.720,0.94431,0.94444,1.00,2.25
2017.09.08 07:07:56.912,0.94432,0.94445,1.50,2.25
2017.09.08 07:07:57.105,0.94431,0.94444,1.88,1.50
2017.09.08 07:07:57.815,0.94431,0.94444,1.12,1.69
2017.09.08 07:07:59.714,0.94431,0.94444,1.00,1.69
2017.09.08 07:08:00.662,0.94431,0.94444,1.25,1.87
2017.09.08 07:08:01.906,0.94431,0.94444,1.44,1.50
2017.09.08 07:08:02.444,0.94431,0.94444,1.13,2.06
2017.09.08 07:08:02.753,0.94429,0.9444,1.00,1.25
2017.09.08 07:08:03.140,0.9443,0.94443,1.25,2.06
2017.09.08 07:08:04.593,0.9443,0.94443,1.88,2.44
2017.09.08 07:08:05.135,0.94431,0.94443,1.25,1.50
2017.09.08 07:08:06.721,0.94431,0.94443,1.44,1.31
2017.09.08 07:08:07.494,0.94431,0.94443,1.25,1.50
2017.09.08 07:08:11.051,0.94432,0.94443,1.00,1.12
2017.09.08 07:08:11.103,0.94438,0.94443,1.05,1.00
2017.09.08 07:08:11.208,0.94436,0.94443,1.25,1.00
2017.09.08 07:08:11.365,0.94434,0.94443,1.25,1.00
2017.09.08 07:08:11.468,0.94432,0.94444,1.31,1.25
2017.09.08 07:08:11.974,0.94432,0.94443,1.12,1.00
2017.09.08 07:08:13.008,0.94431,0.94443,2.25,1.00
2017.09.08 07:08:14.454,0.94432,0.94443,1.00,1.00
2017.09.08 07:08:15.136,0.94431,0.94443,1.69,1.00
2017.09.08 07:08:15.646,0.94432,0.94443,1.00,1.00
2017.09.08 07:08:16.332,0.94431,0.94443,1.31,1.00
2017.09.08 07:08:16.874,0.94432,0.94443,1.00,1.00
2017.09.08 07:08:18.402,0.94431,0.94443,2.25,1.00
2017.09.08 07:08:19.626,0.94436,0.94443,1.00,1.00
2017.09.08 07:08:20.039,0.94436,0.94445,1.00,1.00
2017.09.08 07:08:20.184,0.94438,0.94448,1.00,2.06
2017.09.08 07:08:20.237,0.94438,0.9445,2.06,1.12
2017.09.08 07:08:20.340,0.94441,0.94451,1.31,1.00
2017.09.08 07:08:20.647,0.94441,0.94451,1.88,1.00
2017.09.08 07:08:20.750,0.94441,0.94453,3.00,1.00
2017.09.08 07:08:20.801,0.94441,0.94453,2.25,1.00
2017.09.08 07:08:21.010,0.94443,0.94456,1.00,5.06
2017.09.08 07:08:21.288,0.94446,0.94456,1.91,1.50
2017.09.08 07:08:21.443,0.94449,0.94463,1.25,2.63
2017.09.08 07:08:21.546,0.94447,0.94462,4.13,2.06
2017.09.08 07:08:22.076,0.94448,0.94462,1.50,5.06
2017.09.08 07:08:22.715,0.94446,0.9446,1.69,2.25
2017.09.08 07:08:22.889,0.94446,0.9446,1.50,2.25
2017.09.08 07:08:23.824,0.94445,0.94457,1.50,2.25
2017.09.08 07:08:24.116,0.94447,0.9446,1.69,1.62
2017.09.08 07:08:24.169,0.94449,0.9446,1.25,1.00
2017.09.08 07:08:24.686,0.94448,0.9446,1.25,1.00
2017.09.08 07:08:25.278,0.94449,0.94461,1.25,1.13
2017.09.08 07:08:26.029,0.94449,0.94461,1.25,1.44
2017.09.08 07:08:29.474,0.94448,0.94458,1.00,2.44
2017.09.08 07:08:29.526,0.94446,0.94458,2.25,1.69
2017.09.08 07:08:29.888,0.94448,0.94461,1.44,1.88
2017.09.08 07:08:30.213,0.94452,0.94464,1.00,3.56
2017.09.08 07:08:30.724,0.94452,0.94464,1.00,1.50
2017.09.08 07:08:30.828,0.9445,0.94463,1.25,1.31
2017.09.08 07:08:30.931,0.9445,0.94463,1.25,1.63
2017.09.08 07:08:31.248,0.9445,0.94463,1.44,1.50
2017.09.08 07:08:31.351,0.94455,0.94466,1.25,3.00
2017.09.08 07:08:31.662,0.94458,0.94469,1.25,1.87
2017.09.08 07:08:32.070,0.94458,0.94471,1.50,3.75
2017.09.08 07:08:32.122,0.94458,0.9447,1.12,1.69
2017.09.08 07:08:32.846,0.94457,0.9447,1.25,2.63
2017.09.08 07:08:34.036,0.94457,0.9447,1.25,3.00
2017.09.08 07:08:36.726,0.94457,0.9447,1.00,2.81
2017.09.08 07:08:37.314,0.94457,0.94469,1.00,1.50
2017.09.08 07:08:39.501,0.94461,0.94473,1.25,6.64
2017.09.08 07:08:39.553,0.94461,0.94473,1.50,3.07
2017.09.08 07:08:39.656,0.94464,0.94476,1.25,2.14
2017.09.08 07:08:39.961,0.94466,0.94476,1.00,1.50
2017.09.08 07:08:40.649,0.94465,0.94476,1.13,1.50
2017.09.08 07:08:41.751,0.94463,0.94476,1.13,1.00
2017.09.08 07:08:41.958,0.94465,0.94476,2.25,1.00
2017.09.08 07:08:42.480,0.94463,0.94476,3.79,1.00
2017.09.08 07:08:42.788,0.9446,0.94472,2.10,3.38
2017.09.08 07:08:42.998,0.94459,0.94471,2.44,1.88
2017.09.08 07:08:43.052,0.94464,0.94476,1.25,2.62
2017.09.08 07:08:43.363,0.9446,0.94473,1.31,3.38
2017.09.08 07:08:43.671,0.94464,0.94475,1.25,1.50
2017.09.08 07:08:44.190,0.94461,0.94475,1.25,2.81
2017.09.08 07:08:44.242,0.9446,0.94473,3.08,2.06
2017.09.08 07:08:44.500,0.94459,0.94471,1.00,2.44
2017.09.08 07:08:44.707,0.94462,0.94474,1.25,1.50
2017.09.08 07:08:44.938,0.94461,0.94476,3.94,2.44
2017.09.08 07:08:45.466,0.94462,0.94476,1.31,2.81
2017.09.08 07:08:47.893,0.9446,0.94473,2.06,1.25
2017.09.08 07:08:48.200,0.94465,0.94476,1.00,1.00
2017.09.08 07:08:48.812,0.94462,0.94474,1.25,1.88
2017.09.08 07:08:48.863,0.94459,0.94472,2.44,1.25
2017.09.08 07:08:49.172,0.94459,0.94472,1.00,2.00
2017.09.08 07:08:49.714,0.94459,0.94471,1.00,1.00
2017.09.08 07:08:50.228,0.94459,0.94472,1.88,2.25
2017.09.08 07:08:50.548,0.94461,0.94473,1.13,1.12
2017.09.08 07:08:51.083,0.94461,0.94474,1.88,1.37
2017.09.08 07:08:51.651,0.94461,0.94474,1.88,1.00
2017.09.08 07:08:52.197,0.9446,0.94474,3.75,1.25
2017.09.08 07:08:52.611,0.9446,0.94472,1.12,1.00
2017.09.08 07:08:53.154,0.94459,0.94472,1.00,2.06
2017.09.08 07:08:53.512,0.94461,0.94474,1.00,5.44
2017.09.08 07:08:53.842,0.94464,0.94476,1.00,3.75
2017.09.08 07:08:54.599,0.94464,0.94476,1.00,3.38
2017.09.08 07:08:56.464,0.94465,0.94476,1.25,1.00
2017.09.08 07:08:56.998,0.94465,0.94477,1.25,1.69
2017.09.08 07:09:00.274,0.94466,0.94477,1.00,1.12
2017.09.08 07:09:00.585,0.94469,0.94476,1.00,1.00
2017.09.08 07:09:00.985,0.94472,0.94476,1.00,1.00
2017.09.08 07:09:01.037,0.94472,0.94483,1.25,1.35
2017.09.08 07:09:01.193,0.94468,0.94481,2.14,1.13
2017.09.08 07:09:01.245,0.94468,0.94479,1.00,2.44
2017.09.08 07:09:01.844,0.94469,0.94481,1.25,2.25
2017.09.08 07:09:02.364,0.94469,0.94481,1.00,2.62
2017.09.08 07:09:02.904,0.94465,0.94479,2.66,1.50
2017.09.08 07:09:03.415,0.94466,0.9448,1.00,1.31
2017.09.08 07:09:03.925,0.94467,0.9448,1.13,1.13
2017.09.08 07:09:04.610,0.94469,0.94481,1.25,1.88
2017.09.08 07:09:04.913,0.9447,0.94483,1.00,6.00
2017.09.08 07:09:05.942,0.94471,0.94483,1.00,1.87
2017.09.08 07:09:06.148,0.94474,0.94485,1.00,1.50
2017.09.08 07:09:06.303,0.94474,0.94488,1.25,6.64
2017.09.08 07:09:06.815,0.94471,0.94484,1.87,3.94
2017.09.08 07:09:06.976,0.94474,0.94486,1.25,4.31
2017.09.08 07:09:07.490,0.94475,0.94486,1.00,1.50
2017.09.08 07:09:08.024,0.94475,0.94488,2.81,3.56
2017.09.08 07:09:08.529,0.94476,0.94488,1.00,3.19
2017.09.08 07:09:09.042,0.94475,0.94488,1.00,1.88
2017.09.08 07:09:09.669,0.94476,0.94489,1.88,2.44
2017.09.08 07:09:10.847,0.94478,0.9449,1.13,1.25
2017.09.08 07:09:12.251,0.94476,0.9449,1.50,2.81
2017.09.08 07:09:13.674,0.94476,0.9449,1.25,3.64
2017.09.08 07:09:14.167,0.94471,0.94482,3.00,1.88
2017.09.08 07:09:14.270,0.94466,0.94481,3.56,3.75
2017.09.08 07:09:14.323,0.94466,0.94478,2.25,1.87
2017.09.08 07:09:14.810,0.94462,0.94475,3.26,1.44
2017.09.08 07:09:15.359,0.9446,0.94476,4.16,1.81
2017.09.08 07:09:15.869,0.9446,0.94475,4.88,1.00
2017.09.08 07:09:16.181,0.94458,0.94471,2.70,1.25
2017.09.08 07:09:16.708,0.94457,0.94471,1.50,2.44
2017.09.08 07:09:19.061,0.94457,0.94469,1.69,1.50
2017.09.08 07:09:19.606,0.94457,0.9447,1.88,1.25
2017.09.08 07:09:20.715,0.94456,0.9447,1.25,1.13
2017.09.08 07:09:21.022,0.94455,0.94468,3.19,1.50
2017.09.08 07:09:21.368,0.94463,0.94475,1.25,2.62
2017.09.08 07:09:21.524,0.94463,0.94477,1.25,1.50
2017.09.08 07:09:21.576,0.94462,0.94477,3.56,3.75
2017.09.08 07:09:22.087,0.94462,0.94477,5.06,2.25
2017.09.08 07:09:22.601,0.94462,0.94475,3.38,2.81
2017.09.08 07:09:23.237,0.94462,0.94475,2.63,2.81
2017.09.08 07:09:23.750,0.94462,0.94475,1.69,2.25
2017.09.08 07:09:24.062,0.94458,0.94471,1.31,1.69
2017.09.08 07:09:24.410,0.94463,0.94475,1.44,1.00
2017.09.08 07:09:24.668,0.94465,0.94477,1.69,1.50
2017.09.08 07:09:24.822,0.94467,0.9448,1.25,2.25
2017.09.08 07:09:25.040,0.94465,0.9448,3.00,4.69
2017.09.08 07:09:25.604,0.94465,0.94479,2.25,1.88
2017.09.08 07:09:25.994,0.94468,0.94481,1.69,1.13
2017.09.08 07:09:26.097,0.94467,0.9448,1.25,1.44
2017.09.08 07:09:26.456,0.94464,0.94478,4.24,1.88
2017.09.08 07:09:26.508,0.94464,0.94477,3.26,1.88
2017.09.08 07:09:27.021,0.94464,0.94477,2.06,1.19
2017.09.08 07:09:27.532,0.94464,0.94477,2.06,2.44
2017.09.08 07:09:28.040,0.94464,0.94477,1.69,2.81
2017.09.08 07:09:28.952,0.94464,0.94477,1.69,1.13
2017.09.08 07:09:29.461,0.94464,0.94476,1.50,1.00
2017.09.08 07:09:30.925,0.94464,0.94476,1.25,1.00
2017.09.08 07:09:31.478,0.94464,0.94477,1.25,2.62
2017.09.08 07:09:31.529,0.94465,0.94477,1.44,1.50
2017.09.08 07:09:31.685,0.94468,0.9448,1.25,1.00
2017.09.08 07:09:32.141,0.94465,0.94478,1.38,2.25
2017.09.08 07:09:32.350,0.94468,0.94481,1.25,1.13
2017.09.08 07:09:32.555,0.94466,0.9448,4.16,1.13
2017.09.08 07:09:33.069,0.94468,0.9448,1.25,1.25
2017.09.08 07:09:33.262,0.94466,0.94481,2.66,2.44
2017.09.08 07:09:33.315,0.94465,0.9448,4.80,2.81
2017.09.08 07:09:33.419,0.94464,0.94477,2.85,1.31
2017.09.08 07:09:33.936,0.94464,0.94477,1.88,1.12
2017.09.08 07:09:34.542,0.94462,0.94473,2.62,1.50
2017.09.08 07:09:34.646,0.94461,0.94474,2.81,1.50
2017.09.08 07:09:34.698,0.9446,0.94472,1.63,1.00
2017.09.08 07:09:34.749,0.94462,0.94475,1.25,5.25
2017.09.08 07:09:34.801,0.94459,0.94474,3.75,2.44
2017.09.08 07:09:35.498,0.94459,0.94474,3.23,2.06
2017.09.08 07:09:36.309,0.94459,0.94474,3.60,2.25
2017.09.08 07:09:36.361,0.94459,0.94472,1.12,1.88
2017.09.08 07:09:36.873,0.94457,0.9447,3.94,1.00
2017.09.08 07:09:37.404,0.94459,0.94471,1.88,1.00
2017.09.08 07:09:38.432,0.94458,0.94471,2.06,1.13
2017.09.08 07:09:39.171,0.94458,0.94471,1.00,2.62
2017.09.08 07:09:39.683,0.94458,0.94471,1.88,1.00
2017.09.08 07:09:41.107,0.94461,0.94471,1.00,1.00
2017.09.08 07:09:41.211,0.94463,0.94476,2.63,3.19
2017.09.08 07:09:41.315,0.94464,0.94477,1.13,2.25
2017.09.08 07:09:41.856,0.94464,0.94477,1.44,2.25
2017.09.08 07:09:45.148,0.94464,0.94477,1.12,2.44
2017.09.08 07:09:45.251,0.94464,0.94475,1.44,1.50
2017.09.08 07:09:45.355,0.94461,0.94475,2.44,1.69
2017.09.08 07:09:45.407,0.94461,0.94475,1.25,2.25
2017.09.08 07:09:45.460,0.94463,0.94475,1.25,3.00
2017.09.08 07:09:45.664,0.94461,0.94475,1.88,2.25
2017.09.08 07:09:46.191,0.94459,0.94472,2.14,1.50
2017.09.08 07:09:46.604,0.94462,0.94473,1.50,2.06
2017.09.08 07:09:46.656,0.94461,0.94474,1.00,1.50
2017.09.08 07:09:48.034,0.9446,0.94474,1.16,1.50
2017.09.08 07:09:48.566,0.9446,0.94474,1.54,1.69
2017.09.08 07:09:49.973,0.9446,0.94474,1.16,1.87
2017.09.08 07:09:51.562,0.9446,0.94474,1.54,2.06
2017.09.08 07:09:51.718,0.94463,0.94476,2.06,1.00
2017.09.08 07:09:52.479,0.94465,0.94476,1.00,1.00
2017.09.08 07:09:52.532,0.94466,0.94479,1.25,1.31
2017.09.08 07:09:52.584,0.94468,0.94479,1.44,1.12
2017.09.08 07:09:52.830,0.94472,0.94484,2.66,1.50
2017.09.08 07:09:52.985,0.94471,0.94486,6.79,1.50
2017.09.08 07:09:53.242,0.94471,0.94485,3.04,1.88
2017.09.08 07:09:53.549,0.94473,0.94485,1.25,1.88
2017.09.08 07:09:55.097,0.94471,0.94485,1.50,2.25
2017.09.08 07:09:55.609,0.94473,0.94486,1.25,1.12
2017.09.08 07:09:55.660,0.94474,0.94486,1.88,1.00
2017.09.08 07:09:56.049,0.94475,0.94488,1.44,3.37
2017.09.08 07:09:56.406,0.94473,0.94486,2.93,1.00
2017.09.08 07:09:56.967,0.94473,0.94487,1.88,2.63
2017.09.08 07:09:57.479,0.94473,0.94487,1.13,2.63
2017.09.08 07:09:57.759,0.94473,0.94487,1.50,2.63
2017.09.08 07:09:58.491,0.94474,0.94487,1.37,1.31
2017.09.08 07:09:59.066,0.94473,0.94486,1.75,2.81
2017.09.08 07:09:59.170,0.94476,0.94488,1.12,1.25
2017.09.08 07:09:59.717,0.94475,0.94489,3.19,1.69
2017.09.08 07:09:59.857,0.9448,0.94489,2.25,1.50
2017.09.08 07:10:00.064,0.9448,0.94493,2.06,1.00
2017.09.08 07:10:00.116,0.9448,0.94492,1.37,1.69
2017.09.08 07:10:00.364,0.94476,0.9449,3.45,1.31
2017.09.08 07:10:00.724,0.94475,0.9449,3.79,1.88
2017.09.08 07:10:01.050,0.94476,0.9449,1.87,2.81
2017.09.08 07:10:01.204,0.94476,0.94489,1.12,1.12
2017.09.08 07:10:02.143,0.94476,0.94489,1.37,1.31
2017.09.08 07:10:05.192,0.94481,0.94491,1.00,2.51
2017.09.08 07:10:05.244,0.94479,0.94492,3.94,1.00
2017.09.08 07:10:05.787,0.94481,0.94492,1.37,1.00
2017.09.08 07:10:05.993,0.94481,0.94494,4.91,1.50
2017.09.08 07:10:06.963,0.94482,0.94495,1.37,1.50
2017.09.08 07:10:08.743,0.94484,0.94497,3.56,2.44
2017.09.08 07:10:08.795,0.94486,0.94498,1.81,2.44
2017.09.08 07:10:08.949,0.94487,0.945,3.04,1.12
2017.09.08 07:10:09.001,0.94491,0.94501,1.12,1.50
2017.09.08 07:10:09.396,0.94491,0.94505,1.81,2.63
2017.09.08 07:10:09.705,0.94488,0.94504,4.39,3.00
2017.09.08 07:10:09.757,0.94488,0.94504,3.19,3.00
2017.09.08 07:10:10.410,0.94488,0.94504,2.44,4.31
2017.09.08 07:10:11.023,0.94488,0.94503,2.44,1.38
2017.09.08 07:10:11.280,0.94488,0.94503,2.25,1.25
2017.09.08 07:10:11.331,0.94488,0.94503,2.44,1.44
2017.09.08 07:10:11.696,0.9449,0.94503,1.31,1.25
2017.09.08 07:10:12.110,0.94487,0.94501,1.50,1.13
2017.09.08 07:10:12.622,0.94484,0.94497,2.63,1.69
2017.09.08 07:10:12.674,0.94484,0.94497,2.06,2.44
2017.09.08 07:10:12.726,0.94484,0.94496,1.62,1.44
2017.09.08 07:10:13.085,0.94484,0.94497,1.37,3.00
2017.09.08 07:10:13.604,0.94483,0.94496,2.44,1.12
2017.09.08 07:10:14.835,0.94481,0.94493,1.75,1.25
2017.09.08 07:10:14.991,0.94477,0.9449,1.50,1.25
2017.09.08 07:10:15.507,0.94476,0.94489,3.56,1.00
2017.09.08 07:10:15.559,0.94478,0.94493,2.10,3.37
2017.09.08 07:10:16.097,0.94478,0.94493,1.91,3.37
2017.09.08 07:10:16.366,0.94477,0.94489,2.47,1.00
2017.09.08 07:10:16.696,0.94476,0.9449,2.81,2.44
2017.09.08 07:10:17.209,0.94475,0.94489,3.60,1.31
2017.09.08 07:10:17.775,0.94475,0.94489,3.79,1.00
2017.09.08 07:10:18.484,0.94475,0.94488,3.41,1.00
2017.09.08 07:10:19.728,0.94474,0.94488,2.81,1.00
2017.09.08 07:10:20.727,0.94474,0.94488,5.81,1.00
2017.09.08 07:10:21.424,0.94474,0.94489,5.06,1.31
2017.09.08 07:10:25.405,0.94477,0.9449,1.62,2.44
2017.09.08 07:10:25.773,0.94482,0.94495,1.56,1.87
2017.09.08 07:10:26.134,0.94484,0.94497,1.63,1.69
2017.09.08 07:10:26.544,0.94485,0.94498,1.63,2.06
2017.09.08 07:10:26.716,0.94488,0.94499,1.00,1.00
2017.09.08 07:10:27.028,0.94498,0.94507,1.37,1.50
2017.09.08 07:10:27.080,0.94498,0.9451,1.81,3.37
2017.09.08 07:10:27.131,0.94498,0.9451,1.69,1.50
2017.09.08 07:10:27.682,0.94497,0.9451,4.73,1.50
2017.09.08 07:10:28.484,0.94498,0.9451,1.81,1.50
2017.09.08 07:10:28.893,0.94495,0.94507,1.62,1.25
2017.09.08 07:10:28.944,0.94494,0.94507,3.00,1.13
2017.09.08 07:10:29.508,0.94496,0.94508,1.00,2.25
2017.09.08 07:10:29.808,0.9449,0.94505,1.81,1.00
2017.09.08 07:10:29.860,0.9449,0.94503,3.00,1.00
2017.09.08 07:10:29.912,0.94488,0.94503,2.93,3.56
2017.09.08 07:10:30.220,0.94492,0.94504,1.25,1.88
2017.09.08 07:10:30.783,0.94492,0.94504,1.50,1.69
2017.09.08 07:10:31.237,0.94489,0.94501,6.60,1.00
2017.09.08 07:10:31.289,0.94487,0.94499,1.00,1.25
2017.09.08 07:10:31.495,0.94488,0.945,1.44,1.00
2017.09.08 07:10:31.547,0.94486,0.945,5.36,1.00
2017.09.08 07:10:31.651,0.94487,0.945,1.38,1.00
2017.09.08 07:10:31.948,0.94487,0.945,1.25,1.00
2017.09.08 07:10:32.459,0.94487,0.945,1.19,1.00
2017.09.08 07:10:32.971,0.94487,0.945,1.63,1.00
2017.09.08 07:10:33.792,0.94486,0.94499,4.50,1.00
2017.09.08 07:10:33.895,0.94493,0.94505,1.00,1.69
2017.09.08 07:10:33.998,0.94493,0.94506,1.81,1.69
2017.09.08 07:10:34.204,0.94491,0.94504,2.10,1.00
2017.09.08 07:10:36.385,0.9449,0.94504,2.25,1.38
2017.09.08 07:10:36.583,0.94489,0.94502,1.38,1.25
2017.09.08 07:10:37.213,0.94489,0.94502,1.00,2.25
2017.09.08 07:10:37.428,0.94488,0.94502,2.00,3.19
2017.09.08 07:10:37.531,0.94488,0.94502,1.62,2.44
2017.09.08 07:10:37.582,0.94488,0.94502,1.75,2.44
2017.09.08 07:10:37.787,0.94488,0.94502,1.72,2.44
2017.09.08 07:10:37.917,0.94487,0.94499,2.29,1.00
2017.09.08 07:10:37.970,0.9449,0.94502,1.72,5.06
2017.09.08 07:10:38.023,0.94493,0.94502,1.00,1.50
2017.09.08 07:10:38.075,0.94493,0.94505,1.87,2.25
2017.09.08 07:10:38.179,0.94491,0.94502,2.05,1.00
2017.09.08 07:10:38.231,0.94492,0.94505,1.37,2.62
2017.09.08 07:10:38.756,0.94492,0.94504,1.00,1.50
2017.09.08 07:10:40.253,0.94487,0.945,2.51,1.25
2017.09.08 07:10:40.308,0.94486,0.945,1.76,3.75
2017.09.08 07:10:40.361,0.94485,0.94498,3.75,1.31
2017.09.08 07:10:40.905,0.94485,0.94498,2.25,1.12
2017.09.08 07:10:41.451,0.94485,0.94498,2.06,1.31
2017.09.08 07:10:42.384,0.94485,0.94498,2.44,1.13
2017.09.08 07:10:43.133,0.94485,0.94496,1.37,1.00
2017.09.08 07:10:43.287,0.94482,0.94495,3.94,1.00
2017.09.08 07:10:43.594,0.94482,0.94493,1.81,1.00
2017.09.08 07:10:43.646,0.94486,0.94498,1.00,4.50
2017.09.08 07:10:43.698,0.94485,0.94499,3.04,3.45
2017.09.08 07:10:43.802,0.94488,0.945,1.87,1.57
2017.09.08 07:10:43.957,0.94491,0.94502,1.50,1.19
2017.09.08 07:10:44.060,0.94491,0.94503,3.75,1.00
2017.09.08 07:10:44.574,0.94488,0.94502,3.45,1.63
2017.09.08 07:10:45.035,0.9449,0.94503,1.63,4.31
2017.09.08 07:10:46.378,0.94491,0.94504,1.37,3.56
2017.09.08 07:10:47.465,0.94493,0.94506,3.56,1.12
2017.09.08 07:10:47.775,0.9449,0.94503,5.29,1.25
2017.09.08 07:10:48.101,0.94491,0.94503,2.25,1.00
2017.09.08 07:10:48.689,0.94491,0.94505,2.25,2.06
2017.09.08 07:10:48.843,0.94485,0.94497,1.12,1.00
2017.09.08 07:10:49.266,0.94494,0.94502,1.25,1.12
2017.09.08 07:10:49.419,0.94493,0.94506,1.81,1.13
2017.09.08 07:10:50.348,0.94492,0.94504,1.13,1.00
2017.09.08 07:10:50.901,0.94491,0.94503,2.63,1.00
2017.09.08 07:10:51.055,0.9449,0.94503,1.50,1.44
2017.09.08 07:10:51.623,0.9449,0.94503,1.69,1.12
2017.09.08 07:10:52.162,0.94489,0.94502,4.58,1.00
2017.09.08 07:10:53.150,0.9449,0.94503,1.69,1.25
2017.09.08 07:10:53.201,0.9449,0.94503,1.69,1.25
2017.09.08 07:10:54.390,0.94488,0.94499,2.32,1.12
2017.09.08 07:10:54.493,0.94483,0.94496,4.39,1.25
2017.09.08 07:10:54.646,0.94485,0.94499,1.37,3.45
2017.09.08 07:10:55.334,0.94487,0.945,1.62,1.76
2017.09.08 07:10:55.489,0.94484,0.94497,1.76,1.31
2017.09.08 07:10:55.594,0.94483,0.94495,1.38,1.13
2017.09.08 07:10:57.223,0.94485,0.94498,1.81,2.51
2017.09.08 07:10:57.791,0.94482,0.94495,3.64,1.00
2017.09.08 07:10:57.894,0.94481,0.94493,1.01,1.50
2017.09.08 07:10:58.411,0.94481,0.94494,1.81,2.62
2017.09.08 07:10:59.749,0.9448,0.94493,6.08,1.12
2017.09.08 07:11:00.548,0.9448,0.94493,5.70,1.25
2017.09.08 07:11:00.601,0.94484,0.94497,1.37,4.57
2017.09.08 07:11:00.704,0.94484,0.94497,1.63,1.31
2017.09.08 07:11:01.217,0.94485,0.94498,1.63,1.00
2017.09.08 07:11:02.400,0.94484,0.94497,1.81,1.00
2017.09.08 07:11:03.986,0.94483,0.94496,2.25,1.00
2017.09.08 07:11:04.929,0.94486,0.94498,1.37,3.75
2017.09.08 07:11:05.479,0.94486,0.94499,1.87,3.56
2017.09.08 07:11:06.052,0.94486,0.94499,1.87,3.56
2017.09.08 07:11:06.364,0.94479,0.94489,3.45,1.00
2017.09.08 07:11:06.417,0.9448,0.94492,1.37,1.56
2017.09.08 07:11:06.470,0.9448,0.94493,4.50,1.57
2017.09.08 07:11:06.525,0.9448,0.94493,2.25,2.25
2017.09.08 07:11:06.893,0.94476,0.94488,3.08,1.00
2017.09.08 07:11:07.359,0.94483,0.94493,1.00,2.25
2017.09.08 07:11:07.410,0.94483,0.94497,2.81,4.20
2017.09.08 07:11:07.669,0.94485,0.94498,2.06,2.63
2017.09.08 07:11:08.286,0.94485,0.94497,1.63,1.88
2017.09.08 07:11:08.389,0.94483,0.94495,1.88,1.00
2017.09.08 07:11:08.850,0.94485,0.94497,1.87,1.12
2017.09.08 07:11:10.071,0.94485,0.94497,2.06,1.00
2017.09.08 07:11:10.579,0.94483,0.94496,2.81,1.00
2017.09.08 07:11:11.144,0.94482,0.94495,3.38,1.25
2017.09.08 07:11:15.064,0.94484,0.94497,2.25,1.12
2017.09.08 07:11:17.382,0.94485,0.94498,2.44,1.25
2017.09.08 07:11:17.576,0.94483,0.94494,3.08,1.00
2017.09.08 07:11:18.191,0.94482,0.94492,1.00,1.88
2017.09.08 07:11:18.501,0.94475,0.94488,1.75,1.50
2017.09.08 07:11:19.013,0.94476,0.94489,2.81,1.00
2017.09.08 07:11:19.536,0.94475,0.94488,2.14,1.25
2017.09.08 07:11:20.157,0.94475,0.94489,1.13,1.69
2017.09.08 07:11:20.209,0.94474,0.94487,3.64,1.00
2017.09.08 07:11:20.519,0.94475,0.94487,2.44,1.00
2017.09.08 07:11:20.571,0.94476,0.94489,2.25,1.31
2017.09.08 07:11:21.051,0.94479,0.94493,1.37,3.64
2017.09.08 07:11:21.583,0.94479,0.94493,1.69,2.81
2017.09.08 07:11:21.757,0.94476,0.94488,2.14,1.25
2017.09.08 07:11:21.861,0.94476,0.94488,1.37,1.00
2017.09.08 07:11:22.923,0.94474,0.94489,6.00,1.01
2017.09.08 07:11:23.028,0.94475,0.94487,1.81,1.00
2017.09.08 07:11:24.253,0.94475,0.94489,2.06,1.25
2017.09.08 07:11:25.850,0.94475,0.94488,2.44,1.50
2017.09.08 07:11:26.394,0.94475,0.94488,1.88,1.50
2017.09.08 07:11:26.446,0.94473,0.94484,1.45,1.00
2017.09.08 07:11:26.549,0.94469,0.94481,1.01,1.00
2017.09.08 07:11:26.703,0.94467,0.94481,1.50,1.88
2017.09.08 07:11:26.968,0.94466,0.94479,3.38,1.00
2017.09.08 07:11:27.019,0.94468,0.94481,1.37,1.69
2017.09.08 07:11:27.532,0.94466,0.9448,5.70,1.00
2017.09.08 07:11:28.724,0.94467,0.94481,2.25,1.13
2017.09.08 07:11:30.116,0.94467,0.9448,4.88,1.00
2017.09.08 07:11:30.608,0.94466,0.94478,1.75,1.25
2017.09.08 07:11:30.714,0.94464,0.94477,3.83,1.00
2017.09.08 07:11:31.023,0.94463,0.94475,4.76,1.00
2017.09.08 07:11:31.393,0.94461,0.94474,1.76,1.38
2017.09.08 07:11:31.445,0.94461,0.94475,1.63,1.39
2017.09.08 07:11:31.496,0.94461,0.94475,1.69,1.20
2017.09.08 07:11:32.007,0.94461,0.94475,1.50,1.50
2017.09.08 07:11:32.634,0.94461,0.94473,1.50,1.25
2017.09.08 07:11:32.686,0.94465,0.94476,1.63,1.57
2017.09.08 07:11:32.737,0.94465,0.94478,1.63,1.50
2017.09.08 07:11:32.789,0.94465,0.94478,1.88,1.87
2017.09.08 07:11:33.340,0.94464,0.94477,2.44,1.00
2017.09.08 07:11:33.870,0.94464,0.94476,1.69,1.00
2017.09.08 07:11:35.399,0.94463,0.94475,2.33,1.00
2017.09.08 07:11:35.452,0.94462,0.94474,1.01,1.00
2017.09.08 07:11:35.691,0.94461,0.94474,4.13,1.00
2017.09.08 07:11:36.954,0.9446,0.94475,2.32,3.38
2017.09.08 07:11:37.057,0.9446,0.94472,2.44,1.00
2017.09.08 07:11:37.569,0.9446,0.94472,1.37,1.25
2017.09.08 07:11:38.133,0.94459,0.94472,3.07,1.44
2017.09.08 07:11:38.665,0.94459,0.94472,1.50,1.31
2017.09.08 07:11:38.870,0.9446,0.94473,1.50,1.12
2017.09.08 07:11:39.103,0.9446,0.94473,1.81,1.12
2017.09.08 07:11:39.623,0.9446,0.94473,1.62,1.50
2017.09.08 07:11:40.023,0.94463,0.94476,1.63,1.39
2017.09.08 07:11:40.075,0.94463,0.94478,1.69,3.64
2017.09.08 07:11:40.335,0.94465,0.9448,2.06,4.20
2017.09.08 07:11:40.643,0.94464,0.94477,2.25,1.12
2017.09.08 07:11:41.083,0.94462,0.94475,3.00,1.00
2017.09.08 07:11:41.135,0.94465,0.94478,1.69,2.32
2017.09.08 07:11:41.186,0.94467,0.9448,1.00,1.76
2017.09.08 07:11:41.238,0.94464,0.94477,2.44,1.00
2017.09.08 07:11:41.544,0.94464,0.94477,2.25,1.00
2017.09.08 07:11:43.103,0.94463,0.94473,2.04,1.00
2017.09.08 07:11:43.257,0.94459,0.94472,1.63,1.13
2017.09.08 07:11:43.767,0.94459,0.94472,1.37,1.13
2017.09.08 07:11:44.087,0.94458,0.9447,2.63,1.00
2017.09.08 07:11:44.447,0.94455,0.94468,5.89,1.00
2017.09.08 07:11:44.500,0.94457,0.9447,1.88,2.25
2017.09.08 07:11:44.760,0.9446,0.94474,2.44,1.07
2017.09.08 07:11:44.930,0.94462,0.94475,1.69,2.25
2017.09.08 07:11:46.604,0.94461,0.94473,2.70,1.00
2017.09.08 07:11:47.016,0.9446,0.94474,1.13,5.14
2017.09.08 07:11:47.068,0.9446,0.94474,2.81,1.69
2017.09.08 07:11:47.428,0.94459,0.94471,3.07,1.00
2017.09.08 07:11:47.533,0.94459,0.94471,1.37,1.44
2017.09.08 07:11:48.551,0.94457,0.94469,3.08,1.00
2017.09.08 07:11:49.059,0.94457,0.94469,1.63,1.00
2017.09.08 07:11:49.564,0.94456,0.94468,1.38,1.25
2017.09.08 07:11:49.616,0.94457,0.9447,1.69,2.81
2017.09.08 07:11:49.823,0.94455,0.94468,5.06,1.00
2017.09.08 07:11:50.176,0.94455,0.94466,1.01,1.00
2017.09.08 07:11:50.228,0.94452,0.94463,1.01,1.25
2017.09.08 07:11:50.280,0.94455,0.94469,1.69,6.64
2017.09.08 07:11:50.384,0.94455,0.94469,2.81,2.62
2017.09.08 07:11:50.958,0.94455,0.94469,3.00,1.25
2017.09.08 07:11:51.266,0.94457,0.9447,1.81,1.00
2017.09.08 07:11:51.626,0.94464,0.94476,1.44,3.37
2017.09.08 07:11:51.843,0.94465,0.9448,1.69,2.33
2017.09.08 07:11:52.101,0.94464,0.94478,1.95,2.63
2017.09.08 07:11:53.437,0.94464,0.94478,1.38,3.75
2017.09.08 07:11:53.591,0.94464,0.94478,1.69,3.75
2017.09.08 07:11:53.843,0.94465,0.94477,1.38,1.00
2017.09.08 07:11:54.154,0.94461,0.94473,2.06,1.25
2017.09.08 07:11:54.207,0.94459,0.94474,6.07,1.87
2017.09.08 07:11:54.258,0.94462,0.94475,1.76,1.12
2017.09.08 07:11:54.575,0.94463,0.94476,3.83,1.25
2017.09.08 07:11:55.157,0.94463,0.94476,3.07,1.25
2017.09.08 07:11:55.697,0.94463,0.94476,3.26,1.00
2017.09.08 07:11:58.865,0.94462,0.94474,1.20,1.00
2017.09.08 07:11:59.380,0.94461,0.94475,1.00,4.01
2017.09.08 07:12:00.470,0.9446,0.94474,2.25,1.12
2017.09.08 07:12:00.846,0.94459,0.94471,3.26,1.00
2017.09.08 07:12:01.033,0.9446,0.94474,1.69,1.57
2017.09.08 07:12:01.138,0.94463,0.94476,1.13,1.00
2017.09.08 07:12:01.650,0.94463,0.94477,1.69,1.69
2017.09.08 07:12:02.171,0.94463,0.94476,1.39,1.00
2017.09.08 07:12:02.593,0.94464,0.94477,1.31,1.25
2017.09.08 07:12:03.361,0.94465,0.9448,1.44,2.89
2017.09.08 07:12:03.926,0.94465,0.94479,1.76,1.00
2017.09.08 07:12:04.211,0.94472,0.94483,1.00,2.06
2017.09.08 07:12:04.266,0.94473,0.94485,1.25,1.50
2017.09.08 07:12:04.320,0.94473,0.94486,2.44,2.62
2017.09.08 07:12:04.474,0.94473,0.94486,1.25,2.63
2017.09.08 07:12:04.682,0.94472,0.94485,1.57,2.63
2017.09.08 07:12:05.205,0.94472,0.94485,1.39,2.25
2017.09.08 07:12:05.365,0.94471,0.94485,1.00,3.56
2017.09.08 07:12:06.377,0.94471,0.94485,1.44,2.25
2017.09.08 07:12:06.950,0.94471,0.94485,1.25,2.25
2017.09.08 07:12:07.660,0.9447,0.94483,1.00,1.00
2017.09.08 07:12:09.194,0.94471,0.94483,1.00,1.25
2017.09.08 07:12:09.246,0.9447,0.94481,1.00,1.00
2017.09.08 07:12:09.400,0.94464,0.94479,3.64,1.69
2017.09.08 07:12:09.710,0.94468,0.9448,1.00,1.00
2017.09.08 07:12:11.088,0.94468,0.94481,1.00,1.00
2017.09.08 07:12:11.600,0.94467,0.9448,2.63,1.00
2017.09.08 07:12:14.001,0.94467,0.9448,1.25,1.44
2017.09.08 07:12:14.528,0.94467,0.9448,1.13,1.25
2017.09.08 07:12:15.429,0.94468,0.94481,1.00,1.69
2017.09.08 07:12:15.838,0.94466,0.94479,2.33,1.31
2017.09.08 07:12:16.170,0.94464,0.94479,3.26,2.81
2017.09.08 07:12:16.222,0.94466,0.94479,1.50,1.50
2017.09.08 07:12:16.734,0.94465,0.94479,2.33,1.12
2017.09.08 07:12:17.349,0.94466,0.9448,1.00,1.69
2017.09.08 07:12:18.014,0.94466,0.9448,1.00,2.44
2017.09.08 07:12:18.535,0.94465,0.94479,1.39,4.69
2017.09.08 07:12:19.792,0.94464,0.94477,3.08,1.25
2017.09.08 07:12:21.502,0.94465,0.94478,1.01,1.25
2017.09.08 07:12:22.086,0.94465,0.94477,1.25,1.50
2017.09.08 07:12:22.389,0.94462,0.94474,5.70,1.00
2017.09.08 07:12:22.441,0.94464,0.94476,1.25,1.00
2017.09.08 07:12:22.648,0.94464,0.94473,1.00,1.25
2017.09.08 07:12:22.700,0.9446,0.94475,3.08,3.98
2017.09.08 07:12:22.802,0.94463,0.94476,4.76,1.25
2017.09.08 07:12:23.349,0.94463,0.94476,3.45,1.00
2017.09.08 07:12:23.882,0.94464,0.94477,1.20,1.00
2017.09.08 07:12:24.462,0.94464,0.94477,4.88,1.00
2017.09.08 07:12:24.973,0.94464,0.94477,3.00,1.00
2017.09.08 07:12:28.837,0.94465,0.94479,2.51,3.56
2017.09.08 07:12:29.186,0.9447,0.9448,1.10,1.44
2017.09.08 07:12:29.238,0.94468,0.9448,1.50,1.00
2017.09.08 07:12:29.392,0.94466,0.9448,1.20,1.00
2017.09.08 07:12:29.750,0.94468,0.9448,1.00,1.00
2017.09.08 07:12:30.643,0.94469,0.94481,1.25,1.50
2017.09.08 07:12:30.900,0.9447,0.94483,1.39,1.00
2017.09.08 07:12:31.668,0.9447,0.94482,1.58,1.00
2017.09.08 07:12:32.372,0.9447,0.94484,1.25,1.31
2017.09.08 07:12:32.579,0.94469,0.94482,2.89,1.44
2017.09.08 07:12:32.858,0.9447,0.94483,1.00,1.50
2017.09.08 07:12:33.662,0.94472,0.94483,1.00,1.50
2017.09.08 07:12:33.847,0.94473,0.94486,1.20,1.25
2017.09.08 07:12:35.232,0.94473,0.94486,1.13,1.31
2017.09.08 07:12:35.284,0.94471,0.94483,2.89,1.25
2017.09.08 07:12:35.489,0.94473,0.94485,1.00,1.69
2017.09.08 07:12:35.991,0.94473,0.94485,1.00,1.87
2017.09.08 07:12:36.510,0.94471,0.94484,1.44,1.25
2017.09.08 07:12:38.082,0.94474,0.94486,1.00,1.47
2017.09.08 07:12:38.189,0.94475,0.94487,1.25,2.62
2017.09.08 07:12:38.291,0.94473,0.94485,1.10,1.00
2017.09.08 07:12:38.627,0.94474,0.94486,1.87,1.00
2017.09.08 07:12:39.171,0.94475,0.94487,1.12,1.69
2017.09.08 07:12:40.009,0.94473,0.94487,1.95,1.69
2017.09.08 07:12:40.638,0.94474,0.94486,1.25,1.12
2017.09.08 07:12:41.144,0.94474,0.94488,1.12,1.50
2017.09.08 07:12:41.578,0.94475,0.94489,1.00,2.14
2017.09.08 07:12:43.000,0.94475,0.9449,2.25,5.14
2017.09.08 07:12:46.130,0.94474,0.94487,1.50,1.50
2017.09.08 07:12:46.693,0.94474,0.94488,1.20,1.31
2017.09.08 07:12:47.223,0.94474,0.94488,1.39,2.25
2017.09.08 07:12:49.958,0.94476,0.94488,1.00,1.31
2017.09.08 07:12:50.869,0.94476,0.94488,1.00,1.31
2017.09.08 07:12:51.513,0.94476,0.94488,1.00,1.31
2017.09.08 07:12:51.823,0.94476,0.94483,1.00,2.06
2017.09.08 07:12:52.036,0.94469,0.94482,1.69,3.56
2017.09.08 07:12:52.545,0.94469,0.94482,1.12,3.00
2017.09.08 07:12:53.062,0.94469,0.94481,2.06,1.25
2017.09.08 07:12:54.323,0.94471,0.94481,1.00,1.25
2017.09.08 07:12:54.661,0.94471,0.94479,1.00,1.00
2017.09.08 07:12:54.968,0.94471,0.94482,1.00,3.26
2017.09.08 07:12:55.124,0.94472,0.94484,1.00,3.08
2017.09.08 07:12:55.514,0.94473,0.94485,1.88,1.31
2017.09.08 07:12:56.027,0.94474,0.94486,1.13,1.00
2017.09.08 07:12:56.429,0.94475,0.94489,1.44,3.00
2017.09.08 07:12:57.053,0.94475,0.94489,1.44,1.81
2017.09.08 07:12:57.576,0.94476,0.94489,1.88,1.13
2017.09.08 07:12:59.748,0.94477,0.94489,1.44,1.00
2017.09.08 07:13:00.079,0.94483,0.94495,1.88,1.00
2017.09.08 07:13:00.286,0.9448,0.94492,1.87,1.13
2017.09.08 07:13:00.693,0.94481,0.94494,1.50,1.00
2017.09.08 07:13:00.847,0.94488,0.94494,1.00,1.00
2017.09.08 07:13:00.951,0.94481,0.94494,1.10,1.69
2017.09.08 07:13:01.105,0.94481,0.94494,3.19,1.31
2017.09.08 07:13:01.157,0.94484,0.94496,1.00,1.95
2017.09.08 07:13:01.997,0.94482,0.94494,1.00,1.44
2017.09.08 07:13:02.202,0.94479,0.94493,1.13,2.25
2017.09.08 07:13:02.705,0.94482,0.94494,1.25,3.94
2017.09.08 07:13:02.914,0.94483,0.94496,1.50,1.31
2017.09.08 07:13:02.967,0.94485,0.94498,2.25,1.95
2017.09.08 07:13:03.358,0.94486,0.945,2.63,2.81
2017.09.08 07:13:03.950,0.94486,0.945,2.63,3.19
2017.09.08 07:13:04.363,0.94489,0.94502,1.44,1.87
2017.09.08 07:13:04.466,0.94491,0.94503,1.00,1.50
2017.09.08 07:13:04.621,0.94489,0.945,1.00,1.37
2017.09.08 07:13:04.833,0.9449,0.94502,1.00,2.81
2017.09.08 07:13:04.885,0.94485,0.94497,1.88,1.81
2017.09.08 07:13:04.988,0.94484,0.94497,3.26,1.37
2017.09.08 07:13:05.146,0.94486,0.94497,1.50,1.37
2017.09.08 07:13:05.249,0.9449,0.94501,1.19,1.37
2017.09.08 07:13:05.301,0.94489,0.94501,4.13,1.37
2017.09.08 07:13:05.455,0.9449,0.94502,2.70,1.37
2017.09.08 07:13:05.610,0.94491,0.94502,1.69,1.37
2017.09.08 07:13:05.662,0.94489,0.94503,2.70,1.81
2017.09.08 07:13:05.920,0.94488,0.94502,1.20,1.56
2017.09.08 07:13:05.972,0.94488,0.94502,1.58,1.56
2017.09.08 07:13:06.126,0.94488,0.94502,1.95,1.50
2017.09.08 07:13:06.178,0.94487,0.94498,1.95,1.37
2017.09.08 07:13:06.449,0.94482,0.94495,2.89,2.25
2017.09.08 07:13:06.963,0.94482,0.94495,1.95,2.25
2017.09.08 07:13:07.470,0.94481,0.94493,1.58,1.00
2017.09.08 07:13:07.624,0.94479,0.94491,1.58,1.69
2017.09.08 07:13:07.728,0.94479,0.94491,1.25,1.50
2017.09.08 07:13:08.323,0.9448,0.94492,1.25,1.63
2017.09.08 07:13:08.840,0.94478,0.94492,2.33,1.63
2017.09.08 07:13:09.199,0.94478,0.9449,1.10,3.94
2017.09.08 07:13:10.379,0.94483,0.94494,1.00,1.87
2017.09.08 07:13:10.431,0.94482,0.94494,1.63,1.50
2017.09.08 07:13:10.945,0.94482,0.94494,1.12,5.25
2017.09.08 07:13:11.048,0.94478,0.94489,2.51,1.00
2017.09.08 07:13:11.354,0.94481,0.94493,1.25,3.56
2017.09.08 07:13:11.458,0.94478,0.9449,1.82,1.25
2017.09.08 07:13:11.563,0.94481,0.94493,2.06,1.12
2017.09.08 07:13:11.821,0.94485,0.94497,2.25,3.37
2017.09.08 07:13:12.064,0.94487,0.94499,1.25,1.25
2017.09.08 07:13:12.167,0.94485,0.94496,2.06,1.00
2017.09.08 07:13:12.474,0.94479,0.94492,1.00,4.31
2017.09.08 07:13:12.628,0.94477,0.94489,1.01,1.37
2017.09.08 07:13:12.834,0.94477,0.94489,1.25,1.63
2017.09.08 07:13:12.886,0.94472,0.94484,4.01,1.25
2017.09.08 07:13:13.039,0.94474,0.94488,1.63,3.19
2017.09.08 07:13:13.468,0.94473,0.94484,1.58,1.37
2017.09.08 07:13:13.524,0.94468,0.9448,1.31,1.37
2017.09.08 07:13:13.576,0.94468,0.9448,1.69,1.37
2017.09.08 07:13:14.202,0.94468,0.9448,2.25,1.37
2017.09.08 07:13:14.525,0.94471,0.94483,1.00,1.37
2017.09.08 07:13:15.039,0.94471,0.94483,1.25,1.37
2017.09.08 07:13:15.490,0.9447,0.94484,4.01,1.37
2017.09.08 07:13:15.697,0.9447,0.94482,1.31,1.63
2017.09.08 07:13:15.904,0.94468,0.94481,1.39,2.06
2017.09.08 07:13:16.006,0.94468,0.94481,1.58,2.06
2017.09.08 07:13:16.587,0.94471,0.94483,1.69,1.37
2017.09.08 07:13:16.793,0.94473,0.94484,1.20,1.12
2017.09.08 07:13:16.845,0.94471,0.94481,1.37,1.00
2017.09.08 07:13:16.897,0.94469,0.94481,1.95,1.25
2017.09.08 07:13:16.949,0.94469,0.94481,1.00,1.63
2017.09.08 07:13:17.103,0.94472,0.94485,1.25,1.50
2017.09.08 07:13:17.395,0.94472,0.94485,2.14,1.69
2017.09.08 07:13:17.911,0.94471,0.94483,1.20,2.81
2017.09.08 07:13:17.963,0.94471,0.94483,1.12,2.81
2017.09.08 07:13:18.066,0.94473,0.94485,1.31,1.37
2017.09.08 07:13:18.360,0.94476,0.94488,1.31,1.37
2017.09.08 07:13:18.864,0.94477,0.94489,1.00,1.69
2017.09.08 07:13:19.423,0.94476,0.94488,1.13,1.69
2017.09.08 07:13:20.070,0.94478,0.9449,1.00,6.75
2017.09.08 07:13:20.223,0.9448,0.94493,1.25,1.87
2017.09.08 07:13:20.326,0.9448,0.94493,1.13,1.87
2017.09.08 07:13:21.110,0.94481,0.94493,1.25,2.62
2017.09.08 07:13:21.215,0.94482,0.94494,1.31,1.37
2017.09.08 07:13:21.681,0.94484,0.94496,1.38,1.62
2017.09.08 07:13:21.993,0.94486,0.94498,1.00,1.50
2017.09.08 07:13:22.615,0.94486,0.94498,1.50,1.37
2017.09.08 07:13:23.139,0.94486,0.94498,1.00,1.37
2017.09.08 07:13:23.242,0.94482,0.94495,2.51,1.13
2017.09.08 07:13:23.450,0.94482,0.94495,2.14,1.62
2017.09.08 07:13:24.411,0.94481,0.94493,3.45,1.37
2017.09.08 07:13:24.922,0.94482,0.94494,1.25,4.12
2017.09.08 07:13:25.139,0.94478,0.94489,1.37,1.31
2017.09.08 07:13:25.938,0.94481,0.94493,1.25,2.81
2017.09.08 07:13:26.282,0.94485,0.94497,1.44,1.37
2017.09.08 07:13:26.590,0.94489,0.945,1.25,1.37
2017.09.08 07:13:26.641,0.94491,0.94503,1.00,2.06
2017.09.08 07:13:27.068,0.94494,0.94507,1.44,2.25
2017.09.08 07:13:27.171,0.94493,0.94505,1.25,1.87
2017.09.08 07:13:27.223,0.94493,0.94503,1.00,2.06
2017.09.08 07:13:27.326,0.9449,0.94502,1.44,1.00
2017.09.08 07:13:27.686,0.94486,0.94499,3.45,1.13
2017.09.08 07:13:27.832,0.94483,0.94498,3.26,3.00
2017.09.08 07:13:27.986,0.94482,0.94495,2.70,1.00
2017.09.08 07:13:28.499,0.94483,0.94497,2.63,2.81
2017.09.08 07:13:28.818,0.94486,0.945,1.25,4.69
2017.09.08 07:13:28.921,0.94484,0.94496,1.29,1.00
2017.09.08 07:13:29.464,0.94484,0.94496,1.25,3.19
2017.09.08 07:13:29.670,0.94484,0.94498,1.13,3.38
2017.09.08 07:13:30.080,0.94483,0.94494,1.48,1.00
2017.09.08 07:13:30.289,0.94482,0.94494,1.01,3.75
2017.09.08 07:13:30.971,0.94481,0.9449,1.01,1.00
2017.09.08 07:13:31.074,0.94478,0.9449,2.70,1.00
2017.09.08 07:13:31.370,0.94481,0.94492,1.13,1.50
2017.09.08 07:13:31.626,0.94482,0.94494,1.00,2.62
2017.09.08 07:13:32.140,0.94483,0.94495,1.25,1.69
2017.09.08 07:13:32.675,0.94482,0.94495,1.31,1.69
2017.09.08 07:13:32.779,0.94485,0.94497,1.25,2.06
2017.09.08 07:13:32.882,0.94485,0.94497,1.13,1.31
2017.09.08 07:13:33.395,0.94486,0.94498,1.00,3.00
2017.09.08 07:13:34.001,0.94485,0.94497,1.13,1.12
2017.09.08 07:13:34.826,0.94485,0.94497,1.25,1.44
2017.09.08 07:13:35.376,0.94485,0.94497,1.25,1.13
2017.09.08 07:13:36.222,0.94482,0.94494,2.32,1.00
2017.09.08 07:13:36.765,0.94482,0.94494,1.69,1.00
2017.09.08 07:13:37.068,0.94481,0.94492,1.00,1.00
2017.09.08 07:13:37.377,0.94484,0.94497,1.13,4.01
2017.09.08 07:13:37.584,0.94484,0.94497,3.83,1.25
2017.09.08 07:13:37.861,0.94482,0.94493,1.76,1.00
2017.09.08 07:13:38.450,0.94481,0.94494,1.57,2.25
2017.09.08 07:13:38.967,0.94481,0.94493,1.95,1.00
2017.09.08 07:13:40.057,0.94482,0.94495,1.44,3.75
2017.09.08 07:13:40.741,0.94482,0.94495,1.25,2.62
2017.09.08 07:13:41.256,0.94482,0.94495,1.44,2.81
2017.09.08 07:13:41.880,0.94482,0.94495,1.25,2.62
2017.09.08 07:13:42.391,0.94483,0.94495,1.00,3.00
2017.09.08 07:13:42.697,0.94485,0.94497,1.44,1.12
2017.09.08 07:13:44.072,0.94485,0.94497,1.00,2.44
2017.09.08 07:13:46.588,0.94486,0.94497,1.00,1.00
2017.09.08 07:13:47.989,0.94483,0.94496,3.45,1.00
2017.09.08 07:13:48.093,0.94482,0.94494,1.39,1.00
2017.09.08 07:13:48.452,0.94479,0.9449,1.20,1.00
2017.09.08 07:13:48.593,0.94476,0.94489,1.76,1.13
2017.09.08 07:13:48.645,0.94476,0.94489,2.25,1.13
2017.09.08 07:13:48.748,0.94479,0.94491,1.00,2.44
2017.09.08 07:13:48.801,0.94481,0.94493,1.25,1.87
2017.09.08 07:13:49.162,0.94478,0.94493,1.20,3.19
2017.09.08 07:13:49.265,0.94477,0.94493,4.20,3.37
2017.09.08 07:13:49.606,0.94478,0.94493,1.39,3.00
2017.09.08 07:13:49.761,0.94476,0.94489,1.20,1.69
2017.09.08 07:13:49.814,0.94475,0.94487,1.51,1.00
2017.09.08 07:13:50.023,0.94482,0.94494,1.25,1.50
2017.09.08 07:13:50.077,0.94479,0.94491,1.50,1.88
2017.09.08 07:13:50.617,0.94477,0.9449,1.20,1.12
2017.09.08 07:13:51.136,0.94476,0.94489,3.26,1.00
2017.09.08 07:13:51.494,0.94478,0.94492,2.81,2.06
2017.09.08 07:13:52.488,0.94477,0.9449,2.70,1.25
2017.09.08 07:13:53.149,0.94476,0.9449,6.26,2.44
2017.09.08 07:13:54.030,0.9448,0.94492,1.44,1.87
2017.09.08 07:13:55.687,0.94477,0.94491,4.01,1.13
2017.09.08 07:13:56.219,0.94476,0.94491,4.01,1.00
2017.09.08 07:13:56.722,0.94478,0.94492,1.20,3.38
2017.09.08 07:13:57.231,0.94478,0.94492,1.20,1.69
2017.09.08 07:13:58.394,0.94477,0.94489,1.95,1.00
2017.09.08 07:13:58.651,0.94481,0.94494,1.69,3.26
2017.09.08 07:13:58.702,0.94482,0.94494,1.44,1.87
2017.09.08 07:13:59.214,0.94482,0.94495,1.31,2.25
2017.09.08 07:13:59.603,0.9448,0.94492,1.57,1.25
2017.09.08 07:13:59.706,0.94483,0.94496,1.25,2.25
2017.09.08 07:14:01.552,0.94482,0.94494,1.31,3.37
2017.09.08 07:14:01.878,0.94484,0.94496,1.44,1.00
2017.09.08 07:14:02.393,0.94484,0.94496,1.25,1.00
2017.09.08 07:14:02.742,0.94492,0.94503,1.25,1.00
2017.09.08 07:14:03.258,0.94492,0.94504,1.63,1.25
2017.09.08 07:14:03.832,0.94491,0.94503,2.70,1.00
2017.09.08 07:14:03.937,0.94491,0.94505,2.14,3.00
2017.09.08 07:14:04.540,0.94493,0.94506,1.50,3.19
2017.09.08 07:14:05.479,0.94494,0.94506,1.50,1.12
2017.09.08 07:14:06.001,0.94495,0.94507,1.25,1.69
2017.09.08 07:14:06.607,0.94496,0.94508,1.00,1.50
2017.09.08 07:14:07.983,0.94494,0.94508,3.19,1.88
2017.09.08 07:14:08.904,0.94498,0.9451,2.25,1.31
2017.09.08 07:14:08.957,0.94499,0.94511,1.50,2.06
2017.09.08 07:14:09.850,0.94496,0.94507,2.63,1.00
2017.09.08 07:14:10.362,0.94495,0.94507,1.62,1.13
2017.09.08 07:14:10.887,0.94492,0.94505,1.57,1.00
2017.09.08 07:14:11.845,0.94494,0.94506,1.37,1.50
2017.09.08 07:14:12.443,0.94494,0.94506,1.37,1.69
2017.09.08 07:14:12.974,0.94494,0.94506,1.63,1.12
2017.09.08 07:14:13.142,0.94496,0.94508,1.25,3.00
2017.09.08 07:14:13.193,0.94497,0.94511,2.25,3.45
2017.09.08 07:14:13.502,0.94499,0.94512,3.08,1.00
2017.09.08 07:14:14.032,0.94501,0.94514,1.81,1.69
2017.09.08 07:14:14.577,0.945,0.94512,2.89,1.00
2017.09.08 07:14:15.907,0.94501,0.94513,1.81,1.12
2017.09.08 07:14:16.606,0.945,0.94513,2.70,1.31
2017.09.08 07:14:17.118,0.94501,0.94514,2.06,1.87
2017.09.08 07:14:17.637,0.94501,0.94514,3.45,1.50
2017.09.08 07:14:18.612,0.94503,0.94515,1.37,1.00
2017.09.08 07:14:18.664,0.94503,0.94517,3.19,1.13
2017.09.08 07:14:18.820,0.94508,0.94519,1.25,1.00
2017.09.08 07:14:19.336,0.94506,0.94521,1.81,4.01
2017.09.08 07:14:19.813,0.94509,0.94521,1.00,1.13
2017.09.08 07:14:19.867,0.94508,0.9452,1.13,1.44
2017.09.08 07:14:20.418,0.94507,0.9452,1.25,2.25
2017.09.08 07:14:20.928,0.94507,0.9452,1.25,1.69
2017.09.08 07:14:21.333,0.94508,0.94522,3.45,2.44
2017.09.08 07:14:21.963,0.94508,0.94522,3.26,1.87
2017.09.08 07:14:22.395,0.9451,0.9452,1.69,2.10
2017.09.08 07:14:22.499,0.94507,0.9452,2.70,1.67
2017.09.08 07:14:23.013,0.94507,0.94521,3.08,3.41
2017.09.08 07:14:23.116,0.94509,0.94521,1.44,3.41
2017.09.08 07:14:23.661,0.94509,0.94521,1.00,2.29
2017.09.08 07:14:24.277,0.94509,0.94521,1.44,1.12
2017.09.08 07:14:24.888,0.94509,0.94521,1.13,2.10
2017.09.08 07:14:25.406,0.94509,0.94521,1.44,1.31
2017.09.08 07:14:25.941,0.94509,0.94521,1.25,1.31
2017.09.08 07:14:26.487,0.94509,0.94522,1.25,1.31
2017.09.08 07:14:27.002,0.94509,0.94521,1.13,1.05
2017.09.08 07:14:27.393,0.94503,0.94516,1.88,1.69
2017.09.08 07:14:27.754,0.94506,0.94518,1.13,1.50
2017.09.08 07:14:27.806,0.94509,0.9452,1.25,1.37
2017.09.08 07:14:28.654,0.94509,0.94521,1.13,1.69
2017.09.08 07:14:29.161,0.94509,0.94521,1.44,1.37
2017.09.08 07:14:29.317,0.94507,0.94519,2.14,1.31
2017.09.08 07:14:29.420,0.94505,0.94515,1.57,1.00
2017.09.08 07:14:29.575,0.94501,0.94513,1.01,1.69
2017.09.08 07:14:30.079,0.94503,0.94515,1.00,1.50
2017.09.08 07:14:30.594,0.94501,0.94515,1.50,1.50
2017.09.08 07:14:31.080,0.94504,0.94516,1.00,1.50
2017.09.08 07:14:31.490,0.94506,0.94517,1.50,1.50
2017.09.08 07:14:31.729,0.9451,0.94522,1.00,1.37
2017.09.08 07:14:32.249,0.9451,0.94522,1.44,2.06
2017.09.08 07:14:32.754,0.94509,0.94522,1.44,2.25
2017.09.08 07:14:33.684,0.94511,0.94523,1.00,1.50
2017.09.08 07:14:34.639,0.9451,0.94523,1.13,2.62
2017.09.08 07:14:35.158,0.9451,0.94523,1.13,3.75
2017.09.08 07:14:35.767,0.94509,0.94522,1.01,1.37
2017.09.08 07:14:36.344,0.94509,0.94522,1.20,1.62
2017.09.08 07:14:40.414,0.94512,0.94523,1.00,1.37
2017.09.08 07:14:40.560,0.94514,0.94525,1.00,3.26
2017.09.08 07:14:40.612,0.94517,0.94529,1.44,2.25
2017.09.08 07:14:41.537,0.94518,0.94531,1.44,1.37
2017.09.08 07:14:41.744,0.9452,0.94532,1.00,1.00
2017.09.08 07:14:42.119,0.94517,0.9453,3.45,1.50
2017.09.08 07:14:42.427,0.94513,0.94527,2.14,3.75
2017.09.08 07:14:42.737,0.94512,0.94527,1.81,3.26
2017.09.08 07:14:43.635,0.94511,0.94524,1.39,1.63
2017.09.08 07:14:43.790,0.94509,0.94522,1.20,1.63
2017.09.08 07:14:43.941,0.9451,0.94523,1.44,3.00
2017.09.08 07:14:43.993,0.94509,0.94522,1.10,3.94
2017.09.08 07:14:44.305,0.94506,0.94517,1.07,1.25
2017.09.08 07:14:44.410,0.94504,0.94516,1.00,1.50
2017.09.08 07:14:44.514,0.94502,0.94515,1.20,1.25
2017.09.08 07:14:45.015,0.94502,0.94515,1.44,1.50
2017.09.08 07:14:46.130,0.94501,0.94515,1.01,1.38
2017.09.08 07:14:46.562,0.945,0.94512,1.12,1.12
2017.09.08 07:14:46.910,0.94504,0.94511,1.00,1.69
2017.09.08 07:14:47.119,0.94504,0.94514,1.00,2.81
2017.09.08 07:14:47.223,0.94504,0.94515,1.00,1.56
2017.09.08 07:14:47.407,0.94504,0.94512,1.00,1.00
2017.09.08 07:14:47.665,0.94501,0.94512,1.00,2.00
2017.09.08 07:14:47.975,0.94501,0.94513,1.50,2.25
2017.09.08 07:14:48.488,0.94501,0.94514,1.69,1.69
2017.09.08 07:14:48.591,0.945,0.94512,1.12,1.31
2017.09.08 07:14:48.899,0.94501,0.94511,1.00,3.94
2017.09.08 07:14:49.583,0.94501,0.94508,1.00,1.62
2017.09.08 07:14:49.634,0.94499,0.94508,1.00,1.50
2017.09.08 07:14:50.146,0.94499,0.94507,1.00,1.37
2017.09.08 07:14:51.082,0.94498,0.94507,1.00,1.62
2017.09.08 07:14:51.689,0.94499,0.94508,1.00,1.69
2017.09.08 07:14:53.202,0.94499,0.94511,1.00,2.44
2017.09.08 07:14:53.306,0.945,0.94513,1.44,1.50
