2010.04.16 14:00:00.095,1.0612,1.06135,5.00,10.00
2010.04.16 14:00:00.447,1.06125,1.06135,1.60,3.20
2010.04.16 14:00:01.012,1.06125,1.06135,1.60,6.50
2010.04.16 14:00:01.317,1.06115,1.0613,12.80,2.40
2010.04.16 14:00:01.617,1.06115,1.06135,15.80,5.70
2010.04.16 14:00:02.477,1.0612,1.0614,6.00,18.40
2010.04.16 14:00:02.703,1.0612,1.0614,5.20,11.20
2010.04.16 14:00:02.924,1.0612,1.0614,6.00,11.20
2010.04.16 14:00:03.728,1.0612,1.06135,8.40,2.40
2010.04.16 14:00:04.079,1.0613,1.06145,4.80,4.40
2010.04.16 14:00:05.016,1.0613,1.06145,12.40,2.40
2010.04.16 14:00:05.371,1.06135,1.0615,3.20,5.60
2010.04.16 14:00:05.716,1.06135,1.0615,1.60,5.60
2010.04.16 14:00:06.518,1.06135,1.0615,4.00,4.00
2010.04.16 14:00:07.079,1.06135,1.0615,3.20,4.00
2010.04.16 14:00:07.369,1.06135,1.0615,3.20,2.40
2010.04.16 14:00:08.629,1.06135,1.0615,3.20,4.00
2010.04.16 14:00:08.962,1.06135,1.06145,3.20,2.40
2010.04.16 14:00:09.849,1.0611,1.06135,1.60,4.80
2010.04.16 14:00:10.194,1.06105,1.06125,3.20,2.40
2010.04.16 14:00:11.128,1.06105,1.0611,12.80,1.60
2010.04.16 14:00:11.436,1.061,1.06105,1.90,4.10
2010.04.16 14:00:12.074,1.0609,1.061,12.60,2.40
2010.04.16 14:00:12.369,1.0608,1.061,11.20,6.50
2010.04.16 14:00:13.270,1.0608,1.061,4.00,4.80
2010.04.16 14:00:13.617,1.06085,1.061,5.60,3.30
2010.04.16 14:00:13.966,1.06085,1.061,4.00,6.60
2010.04.16 14:00:14.911,1.0609,1.06105,6.60,6.50
2010.04.16 14:00:15.251,1.0609,1.06105,6.60,8.90
2010.04.16 14:00:16.185,1.0609,1.06105,6.40,8.80
2010.04.16 14:00:16.885,1.0609,1.061,1.60,2.40
2010.04.16 14:00:17.503,1.06085,1.061,7.00,2.40
2010.04.16 14:00:17.706,1.06085,1.061,1.60,13.70
2010.04.16 14:00:18.423,1.06085,1.061,1.60,6.40
2010.04.16 14:00:19.431,1.06085,1.061,1.60,11.20
2010.04.16 14:00:20.276,1.06065,1.06085,11.20,1.00
2010.04.16 14:00:20.565,1.06065,1.06085,1.60,1.00
2010.04.16 14:00:21.437,1.0607,1.0608,4.80,2.40
2010.04.16 14:00:21.783,1.0606,1.0607,1.60,1.00
2010.04.16 14:00:22.664,1.06055,1.0606,6.40,1.00
2010.04.16 14:00:22.939,1.06035,1.06055,12.80,3.20
2010.04.16 14:00:23.219,1.06035,1.06055,1.60,6.40
2010.04.16 14:00:24.122,1.06035,1.0605,1.60,6.30
2010.04.16 14:00:24.943,1.06035,1.0605,1.60,6.70
2010.04.16 14:00:25.306,1.06035,1.06045,5.60,9.60
2010.04.16 14:00:26.205,1.06045,1.06055,1.60,10.40
2010.04.16 14:00:26.547,1.0605,1.0606,7.20,4.80
2010.04.16 14:00:26.883,1.06055,1.0606,3.20,9.60
2010.04.16 14:00:27.753,1.0605,1.06055,4.00,9.60
2010.04.16 14:00:28.869,1.06055,1.0606,1.60,9.60
2010.04.16 14:00:29.203,1.0605,1.0606,4.00,4.80
2010.04.16 14:00:30.431,1.0605,1.0606,5.60,9.60
2010.04.16 14:00:30.779,1.0605,1.0606,7.10,4.80
2010.04.16 14:00:31.681,1.06055,1.06065,1.60,9.60
2010.04.16 14:00:33.135,1.06055,1.0607,1.60,11.00
2010.04.16 14:00:33.307,1.06055,1.0607,4.00,11.00
2010.04.16 14:00:33.480,1.06055,1.06065,5.60,1.60
2010.04.16 14:00:33.649,1.06055,1.06065,5.60,6.40
2010.04.16 14:00:34.581,1.06065,1.0607,1.60,12.00
2010.04.16 14:00:36.084,1.0606,1.0607,1.60,2.40
2010.04.16 14:00:36.427,1.06055,1.0607,11.20,2.40
2010.04.16 14:00:37.652,1.06055,1.0607,1.60,4.60
2010.04.16 14:00:37.940,1.06055,1.0607,10.40,2.40
2010.04.16 14:00:38.543,1.06055,1.0607,11.40,2.40
2010.04.16 14:00:38.860,1.06055,1.0607,14.40,2.40
2010.04.16 14:00:39.726,1.06055,1.0607,6.40,4.10
2010.04.16 14:00:40.076,1.06055,1.0607,3.20,6.50
2010.04.16 14:00:40.414,1.06055,1.06065,1.60,2.40
2010.04.16 14:00:41.708,1.06045,1.0606,4.00,3.20
2010.04.16 14:00:42.949,1.06045,1.0606,5.00,6.80
2010.04.16 14:00:43.199,1.06045,1.06055,6.40,2.80
2010.04.16 14:00:43.444,1.06045,1.06055,1.60,1.00
2010.04.16 14:00:44.310,1.06045,1.06055,1.60,2.40
2010.04.16 14:00:44.604,1.06045,1.0606,1.60,13.60
2010.04.16 14:00:45.432,1.0604,1.0606,12.00,13.60
2010.04.16 14:00:45.709,1.06035,1.0605,1.60,5.60
2010.04.16 14:00:46.058,1.0604,1.0605,1.60,1.00
2010.04.16 14:00:46.629,1.0604,1.0605,1.60,1.20
2010.04.16 14:00:46.865,1.0604,1.0605,1.60,1.00
2010.04.16 14:00:47.091,1.0604,1.0605,1.60,3.20
2010.04.16 14:00:47.324,1.06035,1.0605,4.00,4.00
2010.04.16 14:00:48.123,1.06035,1.0605,1.60,5.60
2010.04.16 14:00:48.406,1.06035,1.0605,4.00,3.20
2010.04.16 14:00:49.336,1.06035,1.0605,1.60,6.80
2010.04.16 14:00:50.622,1.0603,1.0605,12.00,13.20
2010.04.16 14:00:50.965,1.06035,1.0605,3.20,6.80
2010.04.16 14:00:52.253,1.06035,1.0605,1.60,6.80
2010.04.16 14:00:52.431,1.06035,1.06045,1.60,2.40
2010.04.16 14:00:52.743,1.0603,1.06045,12.00,2.40
2010.04.16 14:00:53.800,1.0603,1.06045,12.00,2.40
2010.04.16 14:00:55.422,1.06035,1.06045,1.00,2.40
2010.04.16 14:00:56.207,1.06035,1.0605,1.00,14.20
2010.04.16 14:00:56.830,1.06035,1.06045,1.00,2.40
2010.04.16 14:00:58.557,1.06035,1.06045,1.00,2.40
2010.04.16 14:01:00.690,1.06035,1.0605,1.00,12.90
2010.04.16 14:01:01.373,1.06035,1.0605,2.40,11.30
2010.04.16 14:01:01.607,1.06045,1.06055,1.60,4.00
2010.04.16 14:01:02.617,1.06045,1.06055,1.60,1.60
2010.04.16 14:01:02.906,1.06045,1.0606,1.60,8.40
2010.04.16 14:01:03.193,1.0604,1.06055,11.20,2.40
2010.04.16 14:01:04.080,1.06045,1.06055,1.60,4.00
2010.04.16 14:01:04.410,1.06045,1.06055,1.60,1.60
2010.04.16 14:01:05.559,1.06045,1.06055,1.60,4.00
2010.04.16 14:01:05.899,1.0604,1.06055,11.20,4.00
2010.04.16 14:01:06.255,1.0604,1.06055,11.20,1.60
2010.04.16 14:01:06.823,1.06045,1.06055,1.60,1.60
2010.04.16 14:01:07.169,1.0604,1.06055,11.20,4.00
2010.04.16 14:01:07.635,1.0604,1.06055,8.80,4.00
2010.04.16 14:01:08.427,1.0604,1.06055,11.20,4.00
2010.04.16 14:01:10.397,1.0604,1.06055,8.80,4.00
2010.04.16 14:01:12.557,1.0604,1.06055,11.20,4.00
2010.04.16 14:01:13.530,1.0604,1.0606,11.20,8.40
2010.04.16 14:01:13.804,1.0604,1.0606,12.00,8.40
2010.04.16 14:01:14.981,1.06045,1.0606,8.30,4.00
2010.04.16 14:01:15.305,1.06045,1.0606,14.40,2.40
2010.04.16 14:01:15.635,1.06045,1.0606,20.00,2.40
2010.04.16 14:01:16.275,1.06045,1.0606,20.50,2.40
2010.04.16 14:01:16.622,1.06045,1.0606,17.90,4.00
2010.04.16 14:01:16.970,1.06045,1.0606,8.70,2.40
2010.04.16 14:01:17.314,1.06045,1.0606,8.70,3.20
2010.04.16 14:01:17.483,1.06045,1.0606,8.70,2.40
2010.04.16 14:01:18.244,1.06045,1.0606,8.70,3.20
2010.04.16 14:01:18.453,1.06045,1.06055,3.30,2.40
2010.04.16 14:01:18.657,1.06045,1.06055,3.20,2.40
2010.04.16 14:01:19.394,1.06045,1.0606,3.20,6.50
2010.04.16 14:01:19.737,1.06045,1.0606,8.80,2.40
2010.04.16 14:01:21.884,1.06045,1.06055,11.20,2.40
2010.04.16 14:01:22.074,1.06045,1.0605,6.40,2.40
2010.04.16 14:01:22.816,1.0604,1.06055,4.00,4.00
2010.04.16 14:01:27.302,1.0604,1.06055,8.80,4.00
2010.04.16 14:01:29.123,1.0604,1.0605,8.80,2.50
2010.04.16 14:01:29.380,1.06035,1.0604,21.40,2.40
2010.04.16 14:01:29.637,1.06035,1.0604,9.60,2.40
2010.04.16 14:01:29.909,1.06025,1.06035,13.90,3.20
2010.04.16 14:01:30.520,1.06025,1.06035,12.30,3.20
2010.04.16 14:01:30.869,1.06025,1.0604,1.60,14.50
2010.04.16 14:01:31.803,1.0602,1.0604,12.00,14.50
2010.04.16 14:01:33.949,1.06025,1.0604,2.40,8.50
2010.04.16 14:01:34.245,1.06025,1.0604,7.20,4.00
2010.04.16 14:01:35.138,1.06025,1.0604,2.70,6.40
2010.04.16 14:01:35.489,1.0602,1.06035,6.40,4.00
2010.04.16 14:01:36.413,1.0602,1.06035,1.60,13.50
2010.04.16 14:01:36.714,1.0602,1.06035,3.20,7.10
2010.04.16 14:01:37.014,1.0602,1.06035,3.20,7.10
2010.04.16 14:01:37.906,1.06025,1.0604,1.60,8.00
2010.04.16 14:01:38.143,1.0602,1.0604,11.20,10.20
2010.04.16 14:01:38.381,1.0602,1.0604,10.40,10.20
2010.04.16 14:01:39.448,1.0602,1.0604,12.80,14.50
2010.04.16 14:01:39.796,1.0602,1.0604,12.00,14.60
2010.04.16 14:01:40.140,1.0602,1.0604,12.00,9.40
2010.04.16 14:01:41.026,1.06025,1.0604,2.40,9.40
2010.04.16 14:01:41.375,1.06025,1.0604,1.60,9.40
2010.04.16 14:01:41.720,1.0602,1.0604,12.00,10.20
2010.04.16 14:01:42.949,1.0602,1.0604,13.80,8.00
2010.04.16 14:01:43.159,1.06025,1.0604,1.60,6.80
2010.04.16 14:01:43.372,1.06025,1.0604,3.20,3.60
2010.04.16 14:01:44.303,1.0602,1.0604,16.80,8.90
2010.04.16 14:01:45.456,1.0602,1.0604,16.00,8.90
2010.04.16 14:01:45.795,1.0602,1.0604,16.80,8.10
2010.04.16 14:01:47.005,1.0602,1.06035,4.00,12.20
2010.04.16 14:01:47.250,1.06015,1.0603,3.20,5.60
2010.04.16 14:01:47.492,1.06015,1.0603,3.20,4.00
2010.04.16 14:01:48.256,1.06015,1.0603,3.20,5.60
2010.04.16 14:01:48.619,1.0601,1.0603,7.80,20.90
2010.04.16 14:01:48.972,1.0601,1.0603,7.00,20.90
2010.04.16 14:01:49.881,1.06015,1.0603,6.40,14.50
2010.04.16 14:01:50.200,1.06015,1.0603,6.40,14.10
2010.04.16 14:01:51.144,1.0601,1.06025,8.10,8.20
2010.04.16 14:01:51.492,1.06015,1.06025,1.60,10.60
2010.04.16 14:01:52.389,1.06015,1.06025,6.90,9.60
2010.04.16 14:01:52.745,1.06015,1.06025,1.60,9.60
2010.04.16 14:01:53.088,1.06015,1.0603,6.50,4.00
2010.04.16 14:01:54.043,1.06015,1.0603,7.10,2.40
2010.04.16 14:01:54.152,1.06015,1.0603,3.80,2.40
2010.04.16 14:01:54.259,1.06015,1.0603,7.00,2.40
2010.04.16 14:01:55.349,1.06015,1.0603,8.10,2.40
2010.04.16 14:01:55.699,1.06015,1.06035,8.10,15.90
2010.04.16 14:01:56.656,1.06015,1.06035,8.10,16.70
2010.04.16 14:01:57.000,1.06015,1.06035,6.90,21.50
2010.04.16 14:01:57.905,1.06015,1.06035,6.90,29.50
2010.04.16 14:01:58.270,1.0602,1.06035,10.80,9.80
2010.04.16 14:01:58.468,1.06025,1.06035,3.20,2.20
2010.04.16 14:01:58.668,1.06025,1.06035,4.80,3.60
2010.04.16 14:01:59.241,1.06025,1.06035,4.80,2.00
2010.04.16 14:01:59.585,1.06025,1.06035,1.60,2.40
2010.04.16 14:01:59.924,1.06025,1.0604,1.60,6.40
2010.04.16 14:02:00.615,1.06025,1.0604,1.60,8.00
2010.04.16 14:02:00.957,1.06025,1.0604,1.60,6.40
2010.04.16 14:02:01.306,1.06025,1.0604,1.60,8.00
2010.04.16 14:02:02.207,1.06025,1.0604,1.60,6.40
2010.04.16 14:02:02.857,1.0603,1.0604,1.60,4.00
2010.04.16 14:02:03.738,1.06025,1.0604,3.20,4.80
2010.04.16 14:02:05.218,1.0603,1.0604,1.60,2.40
2010.04.16 14:02:05.473,1.06025,1.0604,13.50,4.00
2010.04.16 14:02:06.164,1.06025,1.0604,8.70,4.00
2010.04.16 14:02:06.427,1.0603,1.0604,1.60,2.40
2010.04.16 14:02:08.602,1.0603,1.06045,1.60,15.50
2010.04.16 14:02:09.252,1.0603,1.06045,1.60,14.60
2010.04.16 14:02:09.508,1.0603,1.0604,1.60,2.40
2010.04.16 14:02:21.807,1.06035,1.06045,1.60,7.40
2010.04.16 14:02:22.135,1.06035,1.06045,1.60,4.00
2010.04.16 14:02:22.466,1.06035,1.0605,1.60,8.40
2010.04.16 14:02:22.635,1.06035,1.06045,1.60,4.00
2010.04.16 14:02:23.475,1.06035,1.0605,6.40,5.60
2010.04.16 14:02:24.704,1.06035,1.0605,9.40,2.40
2010.04.16 14:02:24.974,1.0604,1.06055,1.60,9.90
2010.04.16 14:02:25.240,1.06045,1.06055,1.00,1.40
2010.04.16 14:02:26.085,1.0605,1.0606,5.60,8.00
2010.04.16 14:02:26.429,1.06055,1.0607,3.20,9.70
2010.04.16 14:02:27.345,1.06055,1.06065,3.20,2.40
2010.04.16 14:02:27.665,1.06055,1.0607,3.20,4.90
2010.04.16 14:02:28.585,1.06055,1.0606,1.60,2.40
2010.04.16 14:02:28.931,1.06055,1.06065,1.60,2.40
2010.04.16 14:02:29.281,1.06055,1.0606,1.60,2.40
2010.04.16 14:02:30.233,1.0605,1.06065,3.20,20.40
2010.04.16 14:02:30.583,1.0605,1.0606,1.60,2.40
2010.04.16 14:02:32.191,1.0605,1.0606,1.60,2.40
2010.04.16 14:02:32.514,1.0605,1.06065,3.20,8.80
2010.04.16 14:02:32.578,1.0605,1.06065,5.60,6.80
2010.04.16 14:02:33.234,1.0605,1.06065,5.60,2.40
2010.04.16 14:02:33.580,1.06055,1.06065,1.60,2.40
2010.04.16 14:02:33.929,1.0605,1.06065,6.40,2.40
2010.04.16 14:02:34.638,1.06055,1.06065,1.60,2.40
2010.04.16 14:02:34.912,1.0605,1.06065,4.00,4.20
2010.04.16 14:02:35.180,1.0605,1.0606,1.60,2.40
2010.04.16 14:02:35.445,1.0605,1.0606,1.60,2.40
2010.04.16 14:02:36.906,1.0605,1.0606,1.60,1.00
2010.04.16 14:02:37.245,1.0605,1.06065,1.60,28.70
2010.04.16 14:02:37.464,1.0605,1.06065,1.60,27.10
2010.04.16 14:02:38.483,1.0605,1.06065,1.60,26.90
2010.04.16 14:02:38.754,1.0605,1.06065,1.60,26.10
2010.04.16 14:02:39.023,1.0605,1.06065,1.60,26.00
2010.04.16 14:02:40.282,1.0605,1.06065,1.60,26.80
2010.04.16 14:02:42.016,1.0605,1.06065,1.60,24.00
2010.04.16 14:02:44.372,1.0605,1.06065,1.60,23.80
2010.04.16 14:02:45.416,1.0605,1.06065,1.60,24.00
2010.04.16 14:02:46.336,1.0605,1.0606,1.60,1.00
2010.04.16 14:02:46.605,1.0605,1.0606,1.60,2.40
2010.04.16 14:02:46.738,1.06045,1.0606,3.20,2.40
2010.04.16 14:02:47.833,1.06045,1.0606,3.20,7.20
2010.04.16 14:02:48.416,1.06045,1.06055,3.20,2.40
2010.04.16 14:02:49.272,1.06045,1.06055,1.60,5.60
2010.04.16 14:02:49.624,1.06035,1.06055,5.80,28.80
2010.04.16 14:02:50.342,1.06035,1.06055,6.40,28.80
2010.04.16 14:02:51.333,1.06035,1.0605,5.60,1.00
2010.04.16 14:02:51.611,1.06035,1.0605,4.00,1.60
2010.04.16 14:02:52.729,1.0604,1.06055,1.60,18.80
2010.04.16 14:02:52.946,1.06035,1.0605,3.20,2.40
2010.04.16 14:02:53.751,1.06035,1.0605,3.20,4.00
2010.04.16 14:02:54.081,1.06035,1.0605,3.70,4.00
2010.04.16 14:02:54.739,1.06035,1.0605,3.20,4.00
2010.04.16 14:02:55.637,1.06035,1.0605,8.10,4.00
2010.04.16 14:02:55.990,1.0605,1.0607,1.60,9.60
2010.04.16 14:02:56.168,1.0605,1.0607,1.60,4.80
2010.04.16 14:02:56.907,1.0605,1.06075,1.60,18.00
2010.04.16 14:02:57.077,1.0605,1.0607,11.20,12.40
2010.04.16 14:02:57.425,1.0605,1.06065,8.00,10.40
2010.04.16 14:02:58.311,1.06045,1.06065,6.40,27.70
2010.04.16 14:02:58.580,1.06045,1.0606,5.60,6.40
2010.04.16 14:03:00.309,1.06045,1.0606,5.60,1.60
2010.04.16 14:03:00.868,1.06045,1.0606,4.00,1.60
2010.04.16 14:03:02.136,1.0605,1.06065,1.60,34.00
2010.04.16 14:03:02.291,1.0605,1.06065,1.60,30.80
2010.04.16 14:03:02.452,1.0605,1.06065,1.60,28.90
2010.04.16 14:03:03.360,1.0605,1.06065,1.60,22.80
2010.04.16 14:03:03.845,1.06045,1.0606,5.60,1.60
2010.04.16 14:03:04.998,1.06045,1.0606,4.00,8.00
2010.04.16 14:03:05.342,1.06045,1.0606,1.60,10.40
2010.04.16 14:03:05.692,1.0604,1.06055,3.20,2.40
2010.04.16 14:03:06.256,1.0604,1.06055,3.20,4.00
2010.04.16 14:03:06.608,1.06035,1.0605,8.10,1.60
2010.04.16 14:03:06.952,1.0604,1.0605,1.60,1.60
2010.04.16 14:03:07.732,1.06035,1.06055,12.80,12.40
2010.04.16 14:03:07.852,1.0604,1.06055,1.60,12.00
2010.04.16 14:03:08.980,1.0604,1.06055,1.60,10.40
2010.04.16 14:03:09.652,1.0604,1.06055,3.20,5.60
2010.04.16 14:03:10.327,1.0604,1.06055,3.20,10.40
2010.04.16 14:03:10.666,1.0605,1.0606,1.60,11.20
2010.04.16 14:03:11.016,1.0605,1.0606,1.60,4.80
2010.04.16 14:03:11.666,1.06045,1.06065,11.20,22.90
2010.04.16 14:03:12.002,1.06045,1.0606,5.60,1.60
2010.04.16 14:03:13.472,1.06045,1.06065,10.50,26.90
2010.04.16 14:03:13.739,1.0605,1.06065,11.20,2.40
2010.04.16 14:03:13.992,1.0605,1.06065,3.20,3.20
2010.04.16 14:03:14.558,1.0605,1.06065,3.20,4.80
2010.04.16 14:03:14.828,1.0605,1.06065,6.40,1.60
2010.04.16 14:03:16.614,1.0605,1.0607,6.40,12.40
2010.04.16 14:03:17.481,1.0605,1.0607,6.40,17.20
2010.04.16 14:03:17.793,1.0605,1.0607,7.20,8.80
2010.04.16 14:03:18.079,1.06055,1.0607,10.40,2.40
2010.04.16 14:03:18.358,1.06055,1.06075,10.40,12.00
2010.04.16 14:03:19.180,1.06055,1.0607,10.40,2.80
2010.04.16 14:03:19.520,1.06055,1.0607,1.60,6.00
2010.04.16 14:03:19.868,1.06055,1.0607,3.20,2.40
2010.04.16 14:03:20.717,1.0606,1.06075,1.60,16.40
2010.04.16 14:03:20.927,1.06055,1.06075,10.40,18.00
2010.04.16 14:03:22.457,1.06055,1.0607,3.20,2.80
2010.04.16 14:03:22.701,1.06055,1.0607,3.20,3.60
2010.04.16 14:03:23.886,1.06055,1.0607,1.60,6.40
2010.04.16 14:03:24.241,1.06055,1.0607,5.60,2.40
2010.04.16 14:03:25.179,1.06055,1.06075,10.40,15.20
2010.04.16 14:03:25.530,1.06055,1.06075,11.20,11.90
2010.04.16 14:03:26.215,1.06055,1.06075,11.20,11.60
2010.04.16 14:03:27.321,1.0606,1.06075,1.60,8.70
2010.04.16 14:03:27.511,1.0606,1.06075,1.60,10.00
2010.04.16 14:03:28.824,1.0606,1.06075,1.60,11.60
2010.04.16 14:03:29.111,1.0606,1.06075,1.60,11.20
2010.04.16 14:03:29.942,1.0606,1.06075,3.20,7.20
2010.04.16 14:03:30.291,1.06065,1.06075,2.40,2.40
2010.04.16 14:03:30.639,1.0606,1.0607,1.60,2.80
2010.04.16 14:03:31.778,1.06055,1.0607,1.60,11.60
2010.04.16 14:03:33.509,1.06055,1.0607,1.60,10.40
2010.04.16 14:03:34.273,1.06055,1.0607,3.20,4.00
2010.04.16 14:03:34.548,1.06055,1.0607,8.00,2.40
2010.04.16 14:03:36.191,1.06055,1.0607,5.60,3.60
2010.04.16 14:03:37.279,1.06055,1.0607,6.40,3.60
2010.04.16 14:03:37.601,1.06055,1.0607,5.60,3.60
2010.04.16 14:03:38.651,1.0606,1.0607,1.60,3.60
2010.04.16 14:03:38.993,1.0606,1.0607,1.60,2.40
2010.04.16 14:03:40.531,1.06055,1.0607,5.60,5.20
2010.04.16 14:03:42.611,1.06055,1.0607,1.60,11.60
2010.04.16 14:03:44.199,1.06055,1.0607,1.60,11.20
2010.04.16 14:03:44.547,1.06055,1.0607,4.00,8.80
2010.04.16 14:03:45.356,1.0606,1.0607,1.60,4.80
2010.04.16 14:03:45.705,1.0606,1.06075,4.00,3.60
2010.04.16 14:03:46.034,1.0606,1.0607,1.60,2.40
2010.04.16 14:03:46.942,1.06065,1.0608,1.60,14.00
2010.04.16 14:03:47.169,1.06065,1.0608,1.60,7.20
2010.04.16 14:03:47.939,1.06065,1.0608,4.00,2.40
2010.04.16 14:03:48.180,1.06065,1.0608,4.00,5.20
2010.04.16 14:03:48.438,1.06065,1.0608,6.40,2.80
2010.04.16 14:03:51.400,1.06065,1.06075,1.60,1.00
2010.04.16 14:03:54.484,1.06065,1.0608,1.60,11.60
2010.04.16 14:03:57.593,1.0606,1.06075,6.40,1.00
2010.04.16 14:03:57.794,1.0606,1.06075,1.60,15.60
2010.04.16 14:03:57.988,1.0606,1.06075,1.60,23.30
2010.04.16 14:03:58.763,1.06055,1.0607,6.40,1.00
2010.04.16 14:03:59.112,1.0606,1.06075,4.80,1.00
2010.04.16 14:03:59.455,1.0606,1.0608,12.80,11.60
2010.04.16 14:04:00.528,1.0606,1.0608,12.80,6.80
2010.04.16 14:04:04.161,1.06065,1.0608,1.60,6.80
2010.04.16 14:04:08.171,1.06065,1.06075,1.60,8.00
2010.04.16 14:04:08.321,1.0606,1.06075,1.60,15.80
2010.04.16 14:04:08.464,1.0606,1.06075,1.60,18.30
2010.04.16 14:04:08.603,1.0606,1.06075,1.60,17.50
2010.04.16 14:04:08.742,1.0606,1.06075,1.60,19.10
2010.04.16 14:04:08.887,1.0606,1.06075,4.00,8.00
2010.04.16 14:04:09.036,1.06055,1.0607,16.00,1.00
2010.04.16 14:04:10.428,1.06055,1.0607,11.20,1.20
2010.04.16 14:04:10.450,1.0606,1.0607,1.60,3.60
2010.04.16 14:04:10.622,1.0606,1.0607,1.60,1.20
2010.04.16 14:04:10.785,1.0606,1.0607,1.60,1.00
2010.04.16 14:04:11.432,1.0606,1.0607,1.60,3.20
2010.04.16 14:04:11.784,1.0606,1.0607,1.60,1.00
2010.04.16 14:04:12.126,1.0606,1.0607,1.60,3.20
2010.04.16 14:04:13.388,1.06055,1.0607,6.40,3.20
2010.04.16 14:04:13.733,1.0606,1.06075,1.60,14.00
2010.04.16 14:04:13.963,1.0606,1.06075,1.60,17.60
2010.04.16 14:04:14.192,1.06055,1.06075,8.00,17.60
2010.04.16 14:04:15.017,1.06055,1.06075,8.00,23.30
2010.04.16 14:04:19.770,1.06055,1.06075,8.00,22.00
2010.04.16 14:04:20.022,1.06065,1.06075,1.60,4.80
2010.04.16 14:04:21.064,1.06065,1.0608,1.60,13.60
2010.04.16 14:04:21.349,1.0606,1.0608,7.20,13.60
2010.04.16 14:04:22.290,1.06065,1.0608,1.60,12.00
2010.04.16 14:04:22.731,1.06065,1.0608,1.60,13.60
2010.04.16 14:04:24.622,1.0607,1.0608,1.60,8.80
2010.04.16 14:04:24.763,1.0607,1.0608,1.60,4.00
2010.04.16 14:04:28.210,1.0607,1.0608,1.60,1.60
2010.04.16 14:04:32.175,1.0607,1.0608,3.20,1.60
2010.04.16 14:04:34.086,1.0607,1.06085,3.20,10.40
2010.04.16 14:04:34.225,1.0607,1.06085,1.60,10.40
2010.04.16 14:04:34.646,1.0607,1.06085,1.60,15.20
2010.04.16 14:04:35.506,1.0607,1.0608,1.60,1.60
2010.04.16 14:04:36.963,1.0607,1.06085,1.60,15.20
2010.04.16 14:04:37.423,1.0607,1.06085,3.20,13.60
2010.04.16 14:04:37.556,1.0607,1.06085,3.20,10.40
2010.04.16 14:04:37.686,1.0607,1.06085,4.80,8.80
2010.04.16 14:04:38.375,1.0607,1.06085,5.60,4.00
2010.04.16 14:04:38.715,1.0607,1.06085,4.00,4.00
2010.04.16 14:04:39.055,1.06075,1.06085,1.60,2.40
2010.04.16 14:04:39.978,1.06075,1.0609,8.00,3.00
2010.04.16 14:04:40.308,1.06075,1.06095,8.00,20.00
2010.04.16 14:04:40.937,1.06075,1.0609,7.20,1.60
2010.04.16 14:04:41.758,1.06075,1.0609,5.60,8.80
2010.04.16 14:04:41.910,1.06075,1.0609,3.20,5.60
2010.04.16 14:04:42.356,1.06075,1.0609,5.60,4.00
2010.04.16 14:04:44.165,1.06075,1.0609,5.60,4.80
2010.04.16 14:04:44.503,1.06075,1.0609,5.60,11.20
2010.04.16 14:04:45.978,1.06075,1.0609,3.20,11.20
2010.04.16 14:04:46.553,1.06075,1.0609,5.60,11.30
2010.04.16 14:04:47.206,1.06075,1.0609,4.00,11.30
2010.04.16 14:04:47.404,1.06075,1.0609,5.60,6.40
2010.04.16 14:04:49.495,1.06075,1.0609,5.60,11.20
2010.04.16 14:04:51.423,1.0607,1.06085,5.60,2.40
2010.04.16 14:04:51.764,1.0607,1.06085,5.60,4.00
2010.04.16 14:04:51.955,1.0607,1.06085,5.60,1.60
2010.04.16 14:04:52.671,1.0607,1.0609,5.60,19.20
2010.04.16 14:04:52.873,1.0607,1.0609,7.20,13.60
2010.04.16 14:04:53.380,1.06075,1.0609,2.40,13.60
2010.04.16 14:04:53.720,1.0607,1.0609,8.00,13.60
2010.04.16 14:04:54.466,1.0607,1.0609,7.20,13.60
2010.04.16 14:04:54.812,1.0607,1.06085,3.20,6.40
2010.04.16 14:04:55.147,1.0607,1.06085,4.10,11.20
2010.04.16 14:04:55.738,1.0607,1.06085,4.10,10.40
2010.04.16 14:04:56.038,1.0607,1.06085,4.00,4.00
2010.04.16 14:04:57.409,1.0607,1.06085,4.80,4.00
2010.04.16 14:04:58.635,1.0607,1.06085,5.60,2.40
2010.04.16 14:04:58.761,1.0607,1.06085,12.00,2.40
2010.04.16 14:04:59.358,1.0607,1.06085,12.80,2.40
2010.04.16 14:05:00.886,1.0607,1.06085,1.60,9.30
2010.04.16 14:05:01.744,1.0607,1.0608,1.00,5.20
2010.04.16 14:05:02.056,1.06065,1.0608,1.60,4.80
2010.04.16 14:05:02.551,1.06065,1.0608,1.60,4.00
2010.04.16 14:05:03.371,1.06065,1.0608,1.60,5.60
2010.04.16 14:05:03.526,1.0606,1.06075,2.40,8.10
2010.04.16 14:05:03.672,1.0606,1.06075,2.40,6.90
2010.04.16 14:05:03.819,1.0606,1.06075,4.00,9.30
2010.04.16 14:05:04.774,1.06055,1.06075,18.40,9.90
2010.04.16 14:05:05.120,1.06055,1.06075,13.60,11.30
2010.04.16 14:05:05.987,1.0606,1.06075,7.20,3.00
2010.04.16 14:05:06.334,1.0606,1.0608,12.00,15.00
2010.04.16 14:05:08.741,1.0606,1.06075,5.60,1.60
2010.04.16 14:05:08.916,1.0606,1.06075,4.80,4.00
2010.04.16 14:05:09.092,1.0606,1.06075,2.40,7.20
2010.04.16 14:05:10.735,1.0606,1.06075,3.20,4.00
2010.04.16 14:05:11.033,1.0606,1.06075,5.60,1.60
2010.04.16 14:05:15.004,1.0606,1.0608,7.20,15.80
2010.04.16 14:05:15.154,1.0606,1.06075,7.20,1.60
2010.04.16 14:05:15.307,1.0606,1.06075,5.60,1.60
2010.04.16 14:05:15.456,1.0606,1.06075,10.40,1.60
2010.04.16 14:05:16.149,1.0606,1.06075,5.60,1.60
2010.04.16 14:05:16.468,1.0606,1.06075,2.40,3.60
2010.04.16 14:05:16.781,1.06055,1.0607,4.00,6.40
2010.04.16 14:05:17.641,1.06055,1.0607,4.00,6.80
2010.04.16 14:05:17.963,1.06055,1.0607,4.00,7.10
2010.04.16 14:05:18.199,1.06055,1.0607,2.40,8.70
2010.04.16 14:05:21.119,1.0605,1.06065,11.00,6.00
2010.04.16 14:05:21.401,1.0605,1.06065,6.40,1.60
2010.04.16 14:05:21.679,1.0605,1.0607,12.00,13.60
2010.04.16 14:05:22.507,1.0605,1.0607,16.80,8.80
2010.04.16 14:05:25.774,1.06055,1.0607,2.30,4.80
2010.04.16 14:05:26.134,1.0606,1.06075,16.80,1.60
2010.04.16 14:05:27.365,1.0606,1.06075,11.20,1.60
2010.04.16 14:05:27.793,1.0606,1.06075,10.40,1.60
2010.04.16 14:05:29.334,1.0606,1.06075,4.00,3.20
2010.04.16 14:05:31.607,1.0606,1.06075,6.40,1.60
2010.04.16 14:05:31.793,1.0606,1.0608,13.60,8.80
2010.04.16 14:05:32.548,1.0606,1.06075,12.80,9.60
2010.04.16 14:05:32.755,1.06055,1.06075,12.90,26.70
2010.04.16 14:05:32.960,1.06055,1.0607,5.60,3.20
2010.04.16 14:05:33.727,1.06055,1.0607,4.00,4.80
2010.04.16 14:05:33.903,1.06055,1.0607,4.00,5.60
2010.04.16 14:05:34.244,1.06055,1.0607,1.60,7.20
2010.04.16 14:05:34.592,1.0605,1.0607,12.00,8.80
2010.04.16 14:05:35.523,1.0605,1.0607,12.80,8.80
2010.04.16 14:05:35.859,1.0605,1.06065,12.80,1.60
2010.04.16 14:05:37.361,1.0605,1.0607,11.20,8.80
2010.04.16 14:05:38.734,1.0605,1.06065,11.20,1.60
2010.04.16 14:05:39.051,1.0605,1.06065,10.40,1.60
2010.04.16 14:05:39.379,1.0605,1.0606,7.20,4.00
2010.04.16 14:05:40.011,1.0605,1.0606,2.40,4.00
2010.04.16 14:05:40.358,1.06045,1.06065,12.80,8.40
2010.04.16 14:05:40.706,1.0605,1.06065,12.00,3.20
2010.04.16 14:05:41.641,1.0605,1.06065,10.40,1.60
2010.04.16 14:05:42.531,1.06055,1.0607,2.40,5.60
2010.04.16 14:05:42.743,1.06055,1.0607,2.40,4.80
2010.04.16 14:05:43.536,1.06055,1.0607,4.00,4.80
2010.04.16 14:05:47.509,1.0605,1.06065,14.90,3.20
2010.04.16 14:05:47.621,1.0605,1.06065,14.40,3.20
2010.04.16 14:05:48.399,1.0605,1.06065,4.00,3.20
2010.04.16 14:05:50.273,1.0605,1.06065,2.40,5.60
2010.04.16 14:05:53.659,1.0605,1.06065,2.40,5.20
2010.04.16 14:05:54.178,1.06045,1.0606,18.00,2.40
2010.04.16 14:05:54.357,1.06045,1.0606,5.90,4.00
2010.04.16 14:05:55.022,1.06045,1.0606,1.90,6.80
2010.04.16 14:05:55.320,1.06045,1.0606,9.50,3.20
2010.04.16 14:05:55.614,1.06045,1.0606,10.00,4.00
2010.04.16 14:05:56.465,1.06045,1.0606,4.80,4.80
2010.04.16 14:05:56.810,1.06045,1.0606,4.00,4.80
2010.04.16 14:05:57.155,1.06045,1.0606,5.60,3.20
2010.04.16 14:05:57.497,1.06045,1.0606,5.60,2.40
2010.04.16 14:05:58.424,1.0605,1.0606,1.00,1.60
2010.04.16 14:05:58.653,1.06055,1.06065,4.50,3.40
2010.04.16 14:05:59.499,1.06055,1.0607,1.00,8.40
2010.04.16 14:05:59.775,1.06055,1.0606,2.40,1.60
2010.04.16 14:06:00.084,1.0605,1.0607,5.60,11.60
2010.04.16 14:06:00.395,1.0605,1.0607,3.80,14.20
2010.04.16 14:06:01.262,1.0605,1.0607,3.20,13.80
2010.04.16 14:06:01.596,1.06055,1.06075,1.60,25.80
2010.04.16 14:06:01.911,1.06055,1.0607,1.60,7.20
2010.04.16 14:06:02.751,1.06055,1.0607,3.20,5.60
2010.04.16 14:06:02.988,1.06055,1.0607,1.60,7.20
2010.04.16 14:06:04.478,1.06055,1.0607,1.60,8.80
2010.04.16 14:06:04.833,1.06055,1.0607,2.40,10.60
2010.04.16 14:06:05.024,1.0605,1.06065,7.20,6.10
2010.04.16 14:06:05.755,1.0605,1.06065,6.40,11.50
2010.04.16 14:06:05.949,1.06045,1.06065,12.80,14.70
2010.04.16 14:06:07.861,1.06045,1.0606,11.20,1.00
2010.04.16 14:06:08.065,1.06045,1.0606,10.40,1.00
2010.04.16 14:06:08.482,1.06045,1.0606,5.60,1.00
2010.04.16 14:06:09.557,1.06045,1.0606,6.00,1.00
2010.04.16 14:06:11.239,1.06045,1.0606,6.20,1.00
2010.04.16 14:06:12.102,1.06045,1.0606,5.60,1.00
2010.04.16 14:06:14.423,1.06045,1.0606,5.60,2.40
2010.04.16 14:06:14.571,1.06045,1.0606,4.00,7.20
2010.04.16 14:06:15.262,1.06045,1.0606,1.60,7.20
2010.04.16 14:06:15.423,1.06045,1.06055,4.00,1.00
2010.04.16 14:06:15.724,1.0604,1.06055,7.20,7.50
2010.04.16 14:06:16.039,1.0604,1.06055,1.60,16.90
2010.04.16 14:06:16.714,1.06035,1.0605,6.40,1.60
2010.04.16 14:06:17.043,1.06035,1.0605,4.00,13.60
2010.04.16 14:06:18.182,1.06035,1.0605,4.00,8.80
2010.04.16 14:06:21.537,1.06035,1.0605,2.40,10.40
2010.04.16 14:06:26.438,1.06035,1.0605,7.70,8.00
2010.04.16 14:06:27.208,1.0604,1.06055,2.40,22.60
2010.04.16 14:06:27.423,1.0604,1.06055,6.10,3.20
2010.04.16 14:06:27.629,1.0604,1.06055,6.10,3.60
2010.04.16 14:06:27.839,1.0604,1.06055,6.10,4.00
2010.04.16 14:06:29.165,1.0604,1.06055,4.00,4.90
2010.04.16 14:06:29.513,1.06035,1.06045,9.40,1.60
2010.04.16 14:06:29.734,1.06035,1.06045,1.60,4.40
2010.04.16 14:06:30.348,1.0603,1.06045,11.30,4.40
2010.04.16 14:06:30.594,1.06035,1.0605,2.40,20.80
2010.04.16 14:06:30.933,1.0603,1.0604,6.50,1.60
2010.04.16 14:06:31.286,1.0603,1.06045,6.50,4.20
2010.04.16 14:06:32.190,1.06035,1.06045,2.40,2.60
2010.04.16 14:06:32.392,1.06035,1.0605,2.40,18.00
2010.04.16 14:06:32.602,1.06035,1.0605,2.40,17.60
2010.04.16 14:06:34.003,1.0603,1.06045,6.50,4.70
2010.04.16 14:06:34.358,1.0603,1.0604,3.20,3.70
2010.04.16 14:06:35.326,1.06025,1.06035,1.60,1.60
2010.04.16 14:06:35.673,1.0602,1.06035,5.60,1.60
2010.04.16 14:06:36.917,1.0602,1.0603,1.60,2.40
2010.04.16 14:06:37.105,1.06015,1.06025,1.60,1.60
2010.04.16 14:06:37.293,1.0601,1.06025,11.70,1.60
2010.04.16 14:06:38.772,1.06015,1.06025,1.60,1.60
2010.04.16 14:06:39.000,1.0602,1.0603,2.40,2.40
2010.04.16 14:06:39.222,1.0602,1.06035,2.40,7.20
2010.04.16 14:06:40.044,1.06015,1.0603,1.60,6.40
2010.04.16 14:06:43.946,1.06015,1.0603,1.60,7.20
2010.04.16 14:06:44.719,1.06015,1.0603,1.60,7.60
2010.04.16 14:06:45.072,1.0601,1.06025,3.20,8.20
2010.04.16 14:06:46.763,1.0601,1.06025,8.00,8.20
2010.04.16 14:06:46.966,1.0601,1.06025,8.50,8.20
2010.04.16 14:06:47.182,1.0601,1.06025,6.40,9.80
2010.04.16 14:06:47.966,1.0601,1.06025,1.60,11.40
2010.04.16 14:06:48.257,1.0601,1.06025,3.70,8.20
2010.04.16 14:06:48.557,1.0601,1.06025,3.20,8.20
2010.04.16 14:06:49.145,1.0601,1.06025,1.60,9.80
2010.04.16 14:06:49.903,1.0601,1.06025,1.60,8.20
2010.04.16 14:06:50.228,1.0601,1.06025,3.70,8.20
2010.04.16 14:06:51.453,1.0601,1.06025,3.20,8.20
2010.04.16 14:06:52.335,1.0601,1.06025,1.60,11.40
2010.04.16 14:06:52.762,1.0601,1.06025,1.60,21.00
2010.04.16 14:06:53.545,1.06005,1.0602,8.50,1.60
2010.04.16 14:06:53.734,1.06005,1.06015,4.00,4.00
2010.04.16 14:06:53.927,1.06,1.0601,15.20,1.00
2010.04.16 14:06:54.878,1.05995,1.0601,12.80,6.90
2010.04.16 14:06:55.225,1.05995,1.0601,3.20,6.10
2010.04.16 14:06:56.502,1.05995,1.0601,1.60,9.70
2010.04.16 14:06:56.848,1.0599,1.0601,10.40,10.90
2010.04.16 14:06:57.106,1.0599,1.0601,10.50,15.30
2010.04.16 14:06:57.675,1.05995,1.0601,1.60,15.30
2010.04.16 14:06:57.925,1.05995,1.0601,1.60,7.70
2010.04.16 14:06:59.515,1.0599,1.06005,8.80,4.50
2010.04.16 14:06:59.710,1.0599,1.06005,8.80,2.10
2010.04.16 14:06:59.911,1.0599,1.06005,6.40,7.30
2010.04.16 14:07:00.112,1.0599,1.06005,1.60,8.90
2010.04.16 14:07:00.709,1.0599,1.06005,1.60,7.30
2010.04.16 14:07:01.061,1.0599,1.06005,8.00,8.70
2010.04.16 14:07:01.404,1.0599,1.06005,3.20,8.70
2010.04.16 14:07:02.649,1.05985,1.0599,2.90,3.20
2010.04.16 14:07:02.958,1.05985,1.0599,2.40,5.40
2010.04.16 14:07:03.175,1.05985,1.0599,2.40,2.40
2010.04.16 14:07:04.000,1.05975,1.05985,1.60,3.50
2010.04.16 14:07:04.325,1.05975,1.05985,1.60,1.10
2010.04.16 14:07:05.275,1.05975,1.05985,1.60,2.70
2010.04.16 14:07:05.631,1.0597,1.05985,4.00,6.70
2010.04.16 14:07:06.527,1.0597,1.05985,5.60,2.70
2010.04.16 14:07:06.869,1.0597,1.05985,11.70,1.10
2010.04.16 14:07:07.918,1.05975,1.05985,1.60,1.10
2010.04.16 14:07:09.740,1.0597,1.05985,6.90,1.10
2010.04.16 14:07:09.856,1.05975,1.05985,1.60,1.00
2010.04.16 14:07:10.309,1.0597,1.05985,12.00,4.10
2010.04.16 14:07:10.433,1.05975,1.05985,1.60,2.90
2010.04.16 14:07:10.552,1.05975,1.05985,1.60,1.00
2010.04.16 14:07:14.920,1.05975,1.0599,1.60,8.40
2010.04.16 14:07:15.469,1.05975,1.0599,1.60,14.70
2010.04.16 14:07:15.808,1.05975,1.0599,1.60,14.00
2010.04.16 14:07:16.790,1.05975,1.0599,1.60,12.40
2010.04.16 14:07:17.019,1.05975,1.0599,1.60,13.20
2010.04.16 14:07:17.238,1.05975,1.05985,1.60,1.40
2010.04.16 14:07:20.190,1.05975,1.05985,5.60,1.40
2010.04.16 14:07:21.178,1.05975,1.0599,5.60,3.60
2010.04.16 14:07:22.035,1.0598,1.0599,1.60,3.60
2010.04.16 14:07:22.941,1.0598,1.0599,1.60,1.50
2010.04.16 14:07:23.288,1.05985,1.06,1.60,18.20
2010.04.16 14:07:23.902,1.05985,1.06,1.60,13.40
2010.04.16 14:07:24.188,1.0599,1.06005,3.20,6.70
2010.04.16 14:07:24.693,1.0599,1.06005,1.60,8.30
2010.04.16 14:07:25.840,1.0599,1.06005,1.60,17.90
2010.04.16 14:07:26.827,1.0599,1.06005,1.60,19.50
2010.04.16 14:07:28.115,1.05985,1.06005,8.80,19.50
2010.04.16 14:07:28.714,1.0599,1.06005,1.60,19.50
2010.04.16 14:07:30.094,1.05985,1.06005,8.80,19.50
2010.04.16 14:07:30.679,1.0599,1.06005,1.60,17.90
2010.04.16 14:07:31.347,1.0599,1.06005,2.40,17.90
2010.04.16 14:07:31.680,1.0599,1.06005,1.60,14.70
2010.04.16 14:07:32.026,1.05985,1.06,4.00,3.20
2010.04.16 14:07:32.175,1.05985,1.06,5.60,2.00
2010.04.16 14:07:32.813,1.05985,1.06,3.20,4.00
2010.04.16 14:07:32.970,1.0599,1.06005,1.60,19.50
2010.04.16 14:07:35.286,1.05985,1.06005,8.80,19.50
2010.04.16 14:07:36.375,1.0598,1.05995,15.60,4.50
2010.04.16 14:07:37.268,1.0598,1.05995,1.60,28.10
2010.04.16 14:07:37.866,1.0598,1.05995,2.40,26.90
2010.04.16 14:07:38.447,1.0598,1.05995,1.00,27.70
2010.04.16 14:07:38.737,1.05975,1.05995,7.20,28.10
2010.04.16 14:07:39.301,1.05975,1.0599,7.20,2.40
2010.04.16 14:07:39.591,1.05975,1.05995,6.40,26.50
2010.04.16 14:07:39.893,1.05975,1.0599,4.00,1.00
2010.04.16 14:07:40.196,1.05975,1.0599,3.20,5.60
2010.04.16 14:07:40.766,1.05975,1.0599,3.20,7.00
2010.04.16 14:07:41.068,1.05975,1.0599,3.20,4.80
2010.04.16 14:07:42.850,1.05975,1.0599,1.60,6.40
2010.04.16 14:07:42.991,1.0597,1.05985,3.20,5.20
2010.04.16 14:07:43.123,1.0597,1.05985,1.60,8.40
2010.04.16 14:07:43.251,1.0597,1.0598,1.60,1.00
2010.04.16 14:07:43.384,1.05965,1.0598,3.20,2.40
2010.04.16 14:07:44.040,1.05965,1.0598,3.20,3.20
2010.04.16 14:07:44.389,1.05965,1.0598,3.20,4.80
2010.04.16 14:07:46.192,1.05965,1.0598,3.20,4.00
2010.04.16 14:07:48.118,1.0597,1.0598,1.60,1.60
2010.04.16 14:07:48.405,1.0597,1.0598,1.60,5.60
2010.04.16 14:07:49.019,1.05965,1.05975,8.90,1.60
2010.04.16 14:07:49.096,1.0596,1.05975,8.00,4.00
2010.04.16 14:07:49.445,1.0596,1.0597,3.20,1.00
2010.04.16 14:07:50.654,1.0596,1.0597,1.60,1.00
2010.04.16 14:07:52.290,1.05955,1.0597,17.60,1.00
2010.04.16 14:07:52.642,1.05955,1.05965,9.60,16.80
2010.04.16 14:07:53.381,1.0595,1.0596,17.00,2.20
2010.04.16 14:07:53.566,1.0593,1.0595,11.20,1.90
2010.04.16 14:07:53.750,1.0593,1.0595,10.40,1.90
2010.04.16 14:07:54.522,1.0593,1.0595,5.60,1.90
2010.04.16 14:07:54.853,1.05935,1.0595,10.40,1.10
2010.04.16 14:07:56.131,1.0594,1.05955,6.40,3.20
2010.04.16 14:07:56.445,1.0594,1.0595,4.00,1.00
2010.04.16 14:07:57.314,1.0594,1.0595,3.20,1.00
2010.04.16 14:07:57.621,1.0594,1.05955,11.20,2.70
2010.04.16 14:07:57.902,1.0594,1.05955,11.20,1.10
2010.04.16 14:07:59.411,1.0594,1.05955,16.80,1.10
2010.04.16 14:07:59.639,1.05945,1.05955,5.60,1.10
2010.04.16 14:08:00.552,1.05945,1.05955,1.60,1.00
2010.04.16 14:08:00.897,1.0594,1.05955,16.00,1.00
2010.04.16 14:08:01.892,1.05945,1.05955,4.00,1.00
2010.04.16 14:08:02.243,1.05945,1.05955,2.40,1.00
2010.04.16 14:08:03.428,1.05945,1.05955,4.00,1.00
2010.04.16 14:08:06.587,1.05945,1.0596,5.90,1.60
2010.04.16 14:08:06.838,1.05955,1.05965,4.00,1.20
2010.04.16 14:08:07.098,1.05955,1.0597,1.60,22.10
2010.04.16 14:08:08.034,1.0596,1.0597,6.40,1.00
2010.04.16 14:08:08.243,1.05965,1.0597,1.60,1.00
2010.04.16 14:08:09.050,1.05965,1.0598,5.60,4.00
2010.04.16 14:08:09.359,1.05965,1.0598,5.60,2.40
2010.04.16 14:08:10.702,1.05975,1.0599,1.60,12.80
2010.04.16 14:08:11.050,1.0597,1.0599,11.20,11.20
2010.04.16 14:08:11.948,1.0597,1.05985,1.60,6.00
2010.04.16 14:08:12.282,1.0597,1.05985,1.60,23.60
2010.04.16 14:08:13.212,1.05965,1.0598,1.60,8.80
2010.04.16 14:08:13.541,1.0596,1.05975,5.60,1.00
2010.04.16 14:08:13.870,1.0596,1.05975,5.60,2.00
2010.04.16 14:08:15.010,1.05965,1.0598,4.00,6.40
2010.04.16 14:08:15.295,1.05965,1.05985,5.60,24.60
2010.04.16 14:08:15.584,1.05965,1.05985,5.60,24.40
2010.04.16 14:08:16.226,1.05965,1.05985,5.60,22.80
2010.04.16 14:08:16.579,1.05965,1.0598,3.20,4.00
2010.04.16 14:08:16.927,1.05965,1.0598,3.20,2.40
2010.04.16 14:08:17.844,1.0597,1.05985,2.40,19.50
2010.04.16 14:08:18.194,1.0597,1.05985,3.20,3.50
2010.04.16 14:08:19.034,1.0597,1.05985,2.40,6.40
2010.04.16 14:08:19.856,1.0597,1.05985,2.40,8.00
2010.04.16 14:08:22.113,1.0597,1.05985,4.00,7.70
2010.04.16 14:08:22.267,1.0597,1.05985,4.80,1.60
2010.04.16 14:08:22.401,1.0597,1.05985,6.40,1.60
2010.04.16 14:08:22.547,1.0597,1.05985,4.80,1.70
2010.04.16 14:08:23.182,1.0597,1.05985,5.60,1.70
2010.04.16 14:08:23.524,1.0597,1.0599,7.50,18.40
2010.04.16 14:08:23.857,1.0597,1.0599,12.30,7.20
2010.04.16 14:08:24.185,1.05975,1.0599,1.60,5.60
2010.04.16 14:08:24.901,1.05975,1.0599,5.90,1.60
2010.04.16 14:08:25.246,1.0598,1.05995,1.60,13.60
2010.04.16 14:08:26.201,1.05975,1.05995,13.10,12.00
2010.04.16 14:08:27.751,1.0598,1.05995,1.60,12.00
2010.04.16 14:08:28.360,1.0598,1.05995,1.60,10.40
2010.04.16 14:08:28.484,1.05985,1.06,2.40,11.40
2010.04.16 14:08:28.601,1.0598,1.06,18.10,8.60
2010.04.16 14:08:28.721,1.0598,1.06,15.70,12.00
2010.04.16 14:08:28.840,1.05985,1.06,1.60,12.40
2010.04.16 14:08:28.959,1.05985,1.06,1.60,8.00
2010.04.16 14:08:29.837,1.05985,1.06,1.60,12.80
2010.04.16 14:08:30.132,1.0596,1.05985,8.80,10.00
2010.04.16 14:08:30.427,1.0596,1.0598,5.70,1.00
2010.04.16 14:08:31.226,1.05965,1.05975,5.60,1.00
2010.04.16 14:08:31.577,1.05965,1.05975,4.00,1.00
2010.04.16 14:08:32.604,1.0596,1.05975,6.40,7.80
2010.04.16 14:08:33.465,1.0596,1.0597,3.20,1.00
2010.04.16 14:08:33.830,1.0596,1.05975,3.20,7.80
2010.04.16 14:08:34.648,1.05965,1.05975,4.00,1.00
2010.04.16 14:08:34.893,1.05965,1.05975,5.60,1.00
2010.04.16 14:08:38.303,1.05965,1.05975,6.40,1.00
2010.04.16 14:08:39.140,1.05965,1.05975,5.60,1.00
2010.04.16 14:08:39.492,1.05965,1.0598,5.60,4.80
2010.04.16 14:08:40.770,1.05965,1.0598,5.60,5.60
2010.04.16 14:08:41.116,1.05965,1.05975,1.60,5.20
2010.04.16 14:08:41.352,1.05965,1.05975,4.00,2.00
2010.04.16 14:08:41.583,1.05965,1.05975,4.00,1.00
2010.04.16 14:08:42.367,1.05965,1.0598,4.00,11.60
2010.04.16 14:08:42.587,1.05965,1.0598,4.00,6.40
2010.04.16 14:08:43.286,1.05965,1.05975,4.00,1.00
2010.04.16 14:08:43.466,1.05965,1.05975,5.60,1.00
2010.04.16 14:08:44.373,1.05965,1.05975,4.00,1.00
2010.04.16 14:08:44.720,1.05965,1.0598,4.00,4.80
2010.04.16 14:08:45.025,1.05965,1.0598,5.60,4.80
2010.04.16 14:08:46.693,1.05965,1.05975,5.60,1.00
2010.04.16 14:08:46.856,1.05965,1.0598,6.80,1.60
2010.04.16 14:08:47.176,1.05965,1.0598,6.80,2.40
2010.04.16 14:08:47.336,1.05965,1.0598,6.40,2.40
2010.04.16 14:08:47.644,1.05965,1.0598,7.20,2.40
2010.04.16 14:08:48.625,1.05965,1.0598,7.20,1.00
2010.04.16 14:08:48.894,1.05965,1.0598,7.20,1.00
2010.04.16 14:08:50.666,1.05965,1.0598,7.20,2.40
2010.04.16 14:08:51.252,1.05965,1.0598,6.40,2.40
2010.04.16 14:08:51.452,1.0596,1.05975,5.60,4.80
2010.04.16 14:08:55.722,1.0596,1.05975,5.60,2.40
2010.04.16 14:08:55.986,1.0596,1.05975,5.60,4.00
2010.04.16 14:08:59.760,1.05965,1.05975,1.00,2.40
2010.04.16 14:08:59.914,1.05965,1.0598,2.90,16.40
2010.04.16 14:09:00.074,1.0597,1.0598,4.80,10.00
2010.04.16 14:09:00.818,1.0597,1.0598,6.40,1.00
2010.04.16 14:09:01.170,1.0597,1.05985,7.20,1.00
2010.04.16 14:09:02.128,1.0597,1.05985,1.00,18.60
2010.04.16 14:09:02.411,1.05965,1.0598,5.60,2.40
2010.04.16 14:09:04.882,1.05965,1.05975,1.60,1.60
2010.04.16 14:09:05.712,1.0596,1.0597,3.20,3.20
2010.04.16 14:09:05.946,1.0595,1.05965,2.40,14.00
2010.04.16 14:09:06.179,1.05945,1.0596,7.90,9.60
2010.04.16 14:09:07.102,1.0595,1.05965,5.60,1.00
2010.04.16 14:09:07.448,1.0595,1.05965,1.60,5.00
2010.04.16 14:09:08.299,1.05945,1.05965,5.60,29.40
2010.04.16 14:09:08.532,1.05945,1.05965,5.60,32.80
2010.04.16 14:09:08.994,1.0595,1.05965,1.60,26.00
2010.04.16 14:09:09.627,1.0595,1.05965,1.60,21.40
2010.04.16 14:09:09.978,1.05955,1.0597,1.60,11.20
2010.04.16 14:09:10.329,1.05955,1.05965,1.60,1.00
2010.04.16 14:09:11.054,1.05955,1.05965,1.60,1.00
2010.04.16 14:09:11.373,1.0595,1.05965,5.60,1.00
2010.04.16 14:09:11.723,1.0595,1.0597,6.40,17.60
2010.04.16 14:09:12.070,1.0595,1.0597,6.40,12.80
2010.04.16 14:09:12.413,1.05955,1.0597,1.60,11.20
2010.04.16 14:09:12.548,1.05955,1.0597,1.60,12.80
2010.04.16 14:09:12.678,1.05955,1.0597,1.60,11.20
2010.04.16 14:09:13.389,1.05955,1.0597,1.60,9.60
2010.04.16 14:09:13.578,1.05965,1.0598,1.60,12.00
2010.04.16 14:09:13.763,1.05965,1.0598,3.20,8.80
2010.04.16 14:09:14.528,1.05965,1.0598,3.20,4.00
2010.04.16 14:09:17.098,1.05965,1.0598,5.60,4.00
2010.04.16 14:09:19.326,1.05965,1.0598,6.40,5.60
2010.04.16 14:09:19.487,1.05965,1.0598,3.20,5.60
2010.04.16 14:09:20.176,1.05965,1.0598,1.60,5.60
2010.04.16 14:09:20.672,1.0596,1.05975,10.40,1.90
2010.04.16 14:09:21.589,1.0596,1.05975,5.60,3.50
2010.04.16 14:09:22.171,1.0596,1.05975,4.00,3.30
2010.04.16 14:09:23.154,1.0596,1.05975,4.00,9.60
2010.04.16 14:09:23.290,1.0596,1.05975,2.40,11.20
2010.04.16 14:09:23.429,1.05955,1.05975,6.40,25.70
2010.04.16 14:09:23.569,1.05955,1.05975,5.60,26.10
2010.04.16 14:09:24.248,1.05955,1.0597,3.20,4.00
2010.04.16 14:09:24.563,1.0595,1.0597,12.00,12.00
2010.04.16 14:09:24.891,1.05955,1.0597,4.80,2.40
2010.04.16 14:09:25.599,1.05955,1.05975,18.40,8.00
2010.04.16 14:09:25.927,1.0596,1.05975,1.60,8.00
2010.04.16 14:09:26.586,1.0596,1.0597,1.60,1.60
2010.04.16 14:09:26.918,1.05955,1.0597,13.60,1.60
2010.04.16 14:09:27.838,1.0596,1.0597,1.60,1.60
2010.04.16 14:09:29.306,1.0596,1.0597,3.20,1.60
2010.04.16 14:09:31.637,1.0596,1.0597,1.60,1.60
2010.04.16 14:09:31.845,1.05955,1.0597,13.60,1.60
2010.04.16 14:09:37.524,1.0596,1.0597,1.60,1.60
2010.04.16 14:09:37.715,1.0596,1.0597,4.00,1.60
2010.04.16 14:09:42.082,1.05955,1.0597,11.20,4.00
2010.04.16 14:09:42.234,1.05955,1.0597,4.00,6.40
2010.04.16 14:09:42.385,1.05955,1.0597,4.00,11.20
2010.04.16 14:09:43.673,1.05955,1.0597,4.00,6.40
2010.04.16 14:09:45.251,1.05955,1.0597,4.00,5.60
2010.04.16 14:09:45.645,1.05955,1.0597,11.20,3.20
2010.04.16 14:09:46.764,1.05955,1.0597,11.20,1.60
2010.04.16 14:09:47.103,1.05955,1.0597,8.80,4.00
2010.04.16 14:09:47.782,1.05955,1.0597,4.00,4.00
2010.04.16 14:09:48.040,1.05955,1.0597,8.80,4.00
2010.04.16 14:09:49.102,1.05955,1.0597,11.20,2.00
2010.04.16 14:09:49.338,1.05955,1.0597,8.80,4.00
2010.04.16 14:09:50.046,1.05955,1.0597,8.80,4.40
2010.04.16 14:09:50.220,1.05955,1.0597,8.80,4.80
2010.04.16 14:09:50.312,1.05955,1.0597,11.20,2.40
2010.04.16 14:09:50.403,1.05955,1.0597,12.00,2.40
2010.04.16 14:09:51.083,1.05955,1.0597,11.20,2.40
2010.04.16 14:09:51.383,1.05955,1.0597,11.20,1.60
2010.04.16 14:09:53.518,1.05955,1.0597,11.20,2.40
2010.04.16 14:09:54.509,1.05955,1.0597,8.80,4.80
2010.04.16 14:09:54.720,1.05955,1.0597,6.40,2.40
2010.04.16 14:09:55.534,1.05955,1.0597,13.60,1.60
2010.04.16 14:09:56.289,1.05955,1.0596,9.60,1.60
2010.04.16 14:09:57.244,1.05955,1.0597,6.40,1.60
2010.04.16 14:09:57.598,1.05955,1.0597,11.20,1.60
2010.04.16 14:09:58.559,1.05955,1.0597,8.80,4.00
2010.04.16 14:09:58.691,1.05955,1.0597,4.00,4.80
2010.04.16 14:09:58.948,1.05955,1.0597,4.00,4.00
2010.04.16 14:10:00.951,1.05955,1.0596,3.20,1.60
2010.04.16 14:10:01.297,1.0595,1.0596,1.60,1.60
2010.04.16 14:10:02.331,1.0595,1.05965,8.00,11.20
2010.04.16 14:10:02.569,1.0595,1.0596,3.20,1.60
2010.04.16 14:10:03.296,1.05945,1.0596,9.60,2.40
2010.04.16 14:10:03.524,1.05945,1.0596,7.20,1.60
2010.04.16 14:10:03.738,1.0595,1.0596,1.60,1.60
2010.04.16 14:10:05.915,1.0595,1.0596,1.60,2.40
2010.04.16 14:10:08.165,1.05945,1.0596,7.20,2.40
2010.04.16 14:10:10.403,1.05945,1.0596,7.20,4.80
2010.04.16 14:10:10.668,1.05945,1.0596,6.40,4.80
2010.04.16 14:10:11.458,1.05945,1.0596,6.40,5.60
2010.04.16 14:10:11.803,1.05945,1.0596,4.00,12.80
2010.04.16 14:10:13.739,1.05945,1.0596,4.00,11.20
2010.04.16 14:10:14.264,1.05945,1.0596,4.00,6.40
2010.04.16 14:10:14.395,1.05945,1.0596,5.60,6.40
2010.04.16 14:10:15.174,1.05945,1.0596,5.60,7.20
2010.04.16 14:10:15.376,1.05945,1.0596,5.60,4.80
2010.04.16 14:10:15.576,1.05945,1.0596,6.40,6.80
2010.04.16 14:10:15.776,1.05945,1.0596,7.20,4.00
2010.04.16 14:10:17.058,1.05945,1.0596,8.00,1.60
2010.04.16 14:10:17.663,1.05945,1.0596,8.00,1.60
2010.04.16 14:10:17.821,1.05945,1.0596,7.20,2.40
2010.04.16 14:10:19.175,1.05945,1.0596,8.00,1.60
2010.04.16 14:10:19.340,1.05945,1.0596,9.60,1.60
2010.04.16 14:10:21.213,1.05945,1.0596,8.80,1.60
2010.04.16 14:10:23.393,1.0595,1.0596,1.60,1.60
2010.04.16 14:10:23.734,1.05955,1.05965,7.20,6.60
2010.04.16 14:10:24.430,1.05955,1.05965,5.60,6.60
2010.04.16 14:10:24.777,1.0596,1.05975,4.00,3.20
2010.04.16 14:10:25.853,1.0596,1.05975,4.80,3.20
2010.04.16 14:10:26.211,1.0596,1.0598,12.00,12.80
2010.04.16 14:10:26.555,1.05965,1.0598,1.60,8.00
2010.04.16 14:10:28.055,1.0597,1.05985,4.80,3.30
2010.04.16 14:10:28.276,1.0597,1.0599,6.40,19.60
2010.04.16 14:10:29.021,1.0597,1.0599,6.40,14.80
2010.04.16 14:10:29.234,1.0597,1.0599,12.00,13.60
2010.04.16 14:10:29.579,1.0597,1.05985,6.40,1.60
2010.04.16 14:10:32.739,1.0597,1.05985,6.40,2.40
2010.04.16 14:10:33.307,1.0597,1.05985,5.60,2.50
2010.04.16 14:10:33.496,1.05965,1.0598,13.60,1.60
2010.04.16 14:10:33.588,1.05965,1.0598,13.60,3.20
2010.04.16 14:10:33.690,1.05965,1.0598,12.80,3.20
2010.04.16 14:10:34.353,1.05965,1.0598,8.00,3.20
2010.04.16 14:10:35.386,1.0597,1.05985,4.80,4.80
2010.04.16 14:10:36.117,1.0597,1.05985,6.40,1.60
2010.04.16 14:10:36.471,1.05975,1.0599,1.60,7.20
2010.04.16 14:10:36.741,1.0598,1.05995,4.00,14.40
2010.04.16 14:10:37.536,1.0598,1.05995,4.00,1.60
2010.04.16 14:10:37.806,1.05975,1.05995,16.00,8.00
2010.04.16 14:10:39.153,1.05975,1.0599,16.00,2.40
2010.04.16 14:10:39.404,1.05975,1.0599,11.20,4.00
2010.04.16 14:10:39.650,1.05975,1.0599,6.40,4.00
2010.04.16 14:10:40.804,1.05975,1.0599,4.80,10.40
2010.04.16 14:10:41.156,1.0597,1.05985,5.60,2.40
2010.04.16 14:10:41.938,1.0597,1.05985,4.00,3.70
2010.04.16 14:10:42.151,1.0597,1.05985,1.60,6.40
2010.04.16 14:10:42.489,1.0597,1.05985,1.60,6.20
2010.04.16 14:10:44.076,1.0597,1.05985,1.60,5.90
2010.04.16 14:10:44.509,1.0597,1.05985,1.60,5.60
2010.04.16 14:10:45.756,1.0597,1.0599,8.00,18.00
2010.04.16 14:10:45.986,1.05975,1.0599,5.60,1.60
2010.04.16 14:10:46.210,1.05975,1.0599,5.60,3.20
2010.04.16 14:10:46.878,1.05975,1.0599,5.60,1.60
2010.04.16 14:10:47.805,1.05975,1.0599,7.20,1.60
2010.04.16 14:10:50.265,1.05975,1.0599,7.20,2.40
2010.04.16 14:10:50.537,1.05975,1.05985,6.40,1.00
2010.04.16 14:10:50.809,1.05975,1.05985,3.20,1.00
2010.04.16 14:10:51.507,1.05975,1.05985,2.40,1.00
2010.04.16 14:10:51.742,1.05975,1.05985,2.40,1.00
2010.04.16 14:10:51.980,1.05975,1.05985,2.40,1.10
2010.04.16 14:10:54.533,1.05975,1.05985,2.40,2.70
2010.04.16 14:10:54.888,1.0597,1.05985,4.00,13.10
2010.04.16 14:10:55.005,1.05965,1.05985,7.60,21.90
2010.04.16 14:10:55.582,1.05965,1.05985,7.60,13.90
2010.04.16 14:10:55.878,1.0597,1.05985,3.20,9.10
2010.04.16 14:10:56.170,1.0597,1.0598,4.00,4.80
2010.04.16 14:10:56.455,1.0597,1.05985,4.00,13.10
2010.04.16 14:10:56.744,1.0597,1.05985,5.60,14.70
2010.04.16 14:10:58.036,1.05965,1.0598,8.00,1.00
2010.04.16 14:10:58.216,1.05965,1.0598,6.40,1.00
2010.04.16 14:10:58.963,1.05965,1.05985,6.40,27.10
2010.04.16 14:10:59.250,1.0597,1.05985,1.60,28.70
2010.04.16 14:10:59.530,1.0597,1.05985,1.60,10.70
2010.04.16 14:11:00.359,1.0597,1.05985,1.60,17.50
2010.04.16 14:11:00.711,1.05965,1.05985,11.20,23.10
2010.04.16 14:11:01.057,1.05965,1.05985,11.20,22.30
2010.04.16 14:11:01.735,1.05965,1.0598,8.80,2.40
2010.04.16 14:11:04.358,1.05965,1.0598,11.20,2.40
2010.04.16 14:11:04.602,1.0597,1.05985,4.00,4.60
2010.04.16 14:11:09.028,1.05975,1.0599,5.60,8.80
2010.04.16 14:11:09.121,1.05975,1.0599,5.60,4.00
2010.04.16 14:11:09.222,1.05975,1.0599,5.60,3.20
2010.04.16 14:11:09.320,1.05975,1.0599,6.40,3.20
2010.04.16 14:11:09.421,1.05975,1.0599,6.40,1.60
2010.04.16 14:11:09.764,1.05975,1.05995,7.20,23.60
2010.04.16 14:11:10.675,1.05975,1.05995,7.20,23.80
2010.04.16 14:11:12.199,1.05975,1.05995,7.20,22.20
2010.04.16 14:11:12.422,1.0598,1.05995,2.40,12.20
2010.04.16 14:11:13.128,1.0598,1.05995,4.80,5.60
2010.04.16 14:11:13.226,1.0598,1.05995,6.40,1.60
2010.04.16 14:11:13.415,1.0598,1.05995,7.20,1.60
2010.04.16 14:11:14.395,1.0598,1.05995,1.60,10.40
2010.04.16 14:11:14.741,1.0598,1.05995,3.20,5.60
2010.04.16 14:11:15.419,1.0598,1.05995,3.20,7.20
2010.04.16 14:11:16.850,1.0598,1.05995,3.20,22.80
2010.04.16 14:11:17.041,1.0598,1.05995,3.20,22.40
2010.04.16 14:11:20.398,1.0598,1.05995,3.20,22.80
2010.04.16 14:11:22.967,1.0598,1.05995,3.20,21.20
2010.04.16 14:11:23.821,1.0598,1.05995,1.60,28.40
2010.04.16 14:11:23.899,1.05975,1.0599,6.40,2.40
2010.04.16 14:11:24.176,1.05975,1.0599,6.40,4.00
2010.04.16 14:11:25.577,1.05975,1.0599,6.40,7.20
2010.04.16 14:11:25.922,1.0598,1.05995,1.60,7.20
2010.04.16 14:11:27.186,1.05975,1.0599,6.40,2.40
2010.04.16 14:11:27.441,1.0598,1.05995,1.60,26.40
2010.04.16 14:11:27.699,1.0598,1.0599,1.60,2.40
2010.04.16 14:11:28.721,1.0598,1.05995,1.60,12.00
2010.04.16 14:11:28.912,1.0598,1.05995,3.20,5.60
2010.04.16 14:11:33.455,1.0598,1.05995,3.30,5.60
2010.04.16 14:11:33.641,1.0598,1.05995,4.10,5.60
2010.04.16 14:11:33.704,1.0598,1.05995,4.70,4.00
2010.04.16 14:11:33.925,1.0598,1.05995,3.90,4.00
2010.04.16 14:11:34.499,1.0598,1.05995,3.90,2.40
2010.04.16 14:11:34.570,1.0599,1.06005,8.80,5.60
2010.04.16 14:11:34.778,1.05995,1.0601,5.60,8.70
2010.04.16 14:11:34.986,1.05995,1.0601,5.60,6.90
2010.04.16 14:11:35.186,1.05995,1.0601,5.60,8.50
2010.04.16 14:11:35.584,1.05995,1.0601,5.60,7.70
2010.04.16 14:11:36.798,1.05995,1.0601,5.60,7.30
2010.04.16 14:11:36.934,1.05995,1.0601,5.60,7.70
2010.04.16 14:11:37.204,1.05995,1.0601,5.60,6.90
2010.04.16 14:11:37.343,1.05995,1.0601,5.60,7.30
2010.04.16 14:11:37.483,1.05995,1.0601,5.60,8.50
2010.04.16 14:11:40.725,1.05995,1.0601,5.60,7.70
2010.04.16 14:11:42.664,1.05995,1.0601,6.40,6.10
2010.04.16 14:11:42.782,1.05995,1.0601,7.20,6.10
2010.04.16 14:11:42.902,1.05995,1.0601,7.20,1.00
2010.04.16 14:11:43.027,1.05995,1.0601,7.20,1.00
2010.04.16 14:11:43.142,1.06,1.0601,1.60,1.00
2010.04.16 14:11:52.830,1.05995,1.0601,5.60,1.60
2010.04.16 14:11:53.020,1.05995,1.0601,5.60,6.40
2010.04.16 14:11:54.766,1.05995,1.0601,6.40,1.60
2010.04.16 14:11:55.290,1.05995,1.0601,5.60,1.60
2010.04.16 14:11:56.989,1.05995,1.0601,5.60,6.40
2010.04.16 14:12:00.977,1.05995,1.0601,8.00,1.60
2010.04.16 14:12:01.368,1.05995,1.0601,8.40,1.60
2010.04.16 14:12:01.497,1.05995,1.0601,8.80,1.60
2010.04.16 14:12:02.493,1.05995,1.06015,8.80,19.20
2010.04.16 14:12:02.838,1.06,1.06015,1.60,7.20
2010.04.16 14:12:03.721,1.06,1.06015,4.80,5.60
2010.04.16 14:12:04.377,1.06005,1.06015,1.60,5.60
2010.04.16 14:12:05.757,1.06005,1.06015,1.60,4.00
2010.04.16 14:12:06.671,1.0601,1.0602,3.20,10.90
2010.04.16 14:12:07.018,1.0601,1.06025,6.40,1.60
2010.04.16 14:12:07.365,1.0601,1.06025,5.60,7.20
2010.04.16 14:12:08.276,1.0601,1.06025,3.20,5.60
2010.04.16 14:12:08.942,1.06015,1.0603,1.60,21.70
2010.04.16 14:12:09.794,1.06015,1.0603,1.60,8.50
2010.04.16 14:12:10.618,1.0601,1.0603,8.00,15.70
2010.04.16 14:12:11.195,1.0601,1.0603,8.00,20.90
2010.04.16 14:12:11.543,1.0601,1.06025,6.80,8.00
2010.04.16 14:12:11.893,1.0601,1.0603,7.20,19.70
2010.04.16 14:12:12.783,1.06015,1.0603,1.60,15.70
2010.04.16 14:12:12.968,1.0601,1.06025,6.40,1.60
2010.04.16 14:12:13.146,1.0601,1.06025,2.40,4.00
2010.04.16 14:12:13.762,1.0601,1.06025,1.60,4.00
2010.04.16 14:12:14.218,1.06,1.06015,6.00,1.60
2010.04.16 14:12:14.558,1.06005,1.0602,1.60,14.30
2010.04.16 14:12:15.394,1.0601,1.06025,1.60,20.00
2010.04.16 14:12:15.635,1.0601,1.06025,1.60,19.60
2010.04.16 14:12:16.366,1.06005,1.06025,6.40,20.40
2010.04.16 14:12:17.011,1.06005,1.06025,6.40,21.20
2010.04.16 14:12:17.363,1.06005,1.0602,4.00,3.30
2010.04.16 14:12:17.587,1.06005,1.0602,4.00,5.20
2010.04.16 14:12:17.810,1.06005,1.0602,2.40,6.20
2010.04.16 14:12:18.213,1.06005,1.0602,2.40,12.60
2010.04.16 14:12:19.045,1.06005,1.0602,2.40,12.00
2010.04.16 14:12:19.206,1.06005,1.0602,2.40,10.40
2010.04.16 14:12:19.522,1.06005,1.0602,2.40,5.60
2010.04.16 14:12:21.334,1.06005,1.0602,5.60,3.20
2010.04.16 14:12:21.575,1.06005,1.0602,5.60,1.60
2010.04.16 14:12:21.814,1.06005,1.06025,5.60,20.40
2010.04.16 14:12:22.054,1.06005,1.0602,5.60,4.80
2010.04.16 14:12:24.043,1.06005,1.0602,5.60,3.20
2010.04.16 14:12:25.342,1.06005,1.0602,2.40,4.80
2010.04.16 14:12:25.766,1.06005,1.0602,2.40,5.30
2010.04.16 14:12:26.503,1.06,1.0602,12.00,13.60
2010.04.16 14:12:26.850,1.06,1.0602,7.20,16.90
2010.04.16 14:12:27.195,1.06,1.0602,12.80,14.90
2010.04.16 14:12:28.298,1.06,1.0602,12.80,12.00
2010.04.16 14:12:28.656,1.06005,1.0602,1.60,7.40
2010.04.16 14:12:28.796,1.06005,1.0602,1.60,7.20
2010.04.16 14:12:29.783,1.06,1.0602,12.00,7.20
2010.04.16 14:12:30.381,1.06005,1.0602,1.60,7.20
2010.04.16 14:12:31.462,1.06,1.0602,12.00,7.20
2010.04.16 14:12:31.796,1.06005,1.0602,1.60,7.30
2010.04.16 14:12:33.210,1.06005,1.0602,1.60,5.70
2010.04.16 14:12:33.461,1.06005,1.0602,1.60,7.30
2010.04.16 14:12:35.190,1.06,1.0602,11.20,7.30
2010.04.16 14:12:35.313,1.06,1.0602,11.20,7.30
2010.04.16 14:12:37.462,1.06005,1.0602,3.20,5.70
2010.04.16 14:12:37.617,1.06005,1.0602,5.60,4.80
2010.04.16 14:12:37.778,1.06005,1.0602,5.60,3.20
2010.04.16 14:12:38.532,1.06005,1.0602,4.00,4.80
2010.04.16 14:12:38.817,1.0601,1.0602,2.40,4.80
2010.04.16 14:12:39.107,1.0601,1.06025,4.80,1.60
2010.04.16 14:12:40.086,1.0601,1.06025,11.20,1.60
2010.04.16 14:12:42.283,1.06015,1.0603,4.00,11.20
2010.04.16 14:12:42.580,1.06015,1.0603,4.00,7.20
2010.04.16 14:12:44.034,1.06015,1.0603,2.40,7.20
2010.04.16 14:12:44.144,1.0601,1.0603,12.00,9.60
2010.04.16 14:12:44.349,1.0601,1.0603,11.20,9.60
2010.04.16 14:12:44.451,1.0601,1.0603,11.20,14.40
2010.04.16 14:12:45.420,1.0601,1.0603,11.20,14.90
2010.04.16 14:12:45.760,1.06015,1.0603,1.60,7.20
2010.04.16 14:12:46.028,1.06015,1.0603,1.60,7.70
2010.04.16 14:12:46.867,1.0601,1.0603,7.20,14.90
2010.04.16 14:12:47.047,1.0601,1.0603,6.40,20.50
2010.04.16 14:12:47.586,1.06015,1.0603,4.00,16.50
2010.04.16 14:12:47.769,1.0601,1.0603,6.40,20.50
2010.04.16 14:12:48.520,1.0601,1.06025,6.40,1.60
2010.04.16 14:12:48.880,1.0601,1.0602,1.60,4.80
2010.04.16 14:12:49.081,1.06005,1.0602,5.60,12.90
2010.04.16 14:12:49.480,1.06005,1.0602,5.60,17.70
2010.04.16 14:12:49.677,1.06005,1.0602,5.60,20.90
2010.04.16 14:12:50.087,1.06005,1.0602,4.00,20.90
2010.04.16 14:12:51.266,1.0601,1.06025,1.60,17.60
2010.04.16 14:12:51.460,1.0601,1.06025,1.60,12.80
2010.04.16 14:12:51.848,1.0601,1.06025,1.60,14.40
2010.04.16 14:12:52.229,1.0601,1.06025,1.60,12.80
2010.04.16 14:12:52.549,1.0601,1.06025,1.60,12.00
2010.04.16 14:12:53.901,1.0601,1.06025,4.00,10.40
2010.04.16 14:12:53.994,1.06015,1.06025,1.60,4.80
2010.04.16 14:12:54.622,1.06015,1.06025,4.80,4.80
2010.04.16 14:12:54.971,1.06015,1.06035,8.80,18.40
2010.04.16 14:12:55.319,1.0602,1.06035,1.60,18.40
2010.04.16 14:12:56.230,1.0602,1.06035,3.20,12.00
2010.04.16 14:12:57.086,1.0602,1.06035,3.20,13.60
2010.04.16 14:12:57.257,1.0602,1.06035,3.20,18.40
2010.04.16 14:12:57.424,1.06015,1.06035,8.80,18.40
2010.04.16 14:12:57.598,1.06015,1.06035,8.80,18.50
2010.04.16 14:12:57.766,1.06015,1.06035,8.80,19.30
2010.04.16 14:12:59.004,1.06015,1.06035,8.80,20.00
2010.04.16 14:12:59.173,1.06015,1.06035,8.80,19.20
2010.04.16 14:13:00.997,1.0602,1.0603,1.60,1.60
2010.04.16 14:13:01.166,1.0602,1.0603,1.60,1.00
2010.04.16 14:13:01.340,1.06015,1.0603,5.60,1.00
2010.04.16 14:13:04.642,1.06015,1.0603,5.60,4.00
2010.04.16 14:13:04.873,1.06015,1.0603,3.20,1.60
2010.04.16 14:13:07.135,1.06015,1.0603,3.20,1.00
2010.04.16 14:13:07.562,1.06015,1.0603,1.60,2.40
2010.04.16 14:13:10.074,1.0601,1.0603,13.20,4.80
2010.04.16 14:13:10.244,1.0601,1.0603,13.20,6.40
2010.04.16 14:13:10.412,1.06015,1.0603,1.60,6.40
2010.04.16 14:13:11.823,1.06015,1.0603,3.20,6.40
2010.04.16 14:13:11.976,1.06015,1.0603,8.80,1.00
2010.04.16 14:13:12.133,1.06015,1.0603,7.20,2.40
2010.04.16 14:13:12.285,1.06015,1.0603,7.20,1.60
2010.04.16 14:13:12.432,1.06015,1.0603,5.60,3.20
2010.04.16 14:13:13.155,1.0601,1.0603,17.20,5.60
2010.04.16 14:13:13.442,1.0601,1.0603,12.40,5.60
2010.04.16 14:13:14.001,1.0601,1.0603,12.00,5.60
2010.04.16 14:13:14.511,1.06015,1.0603,1.60,5.60
2010.04.16 14:13:15.324,1.06015,1.0603,4.00,1.60
2010.04.16 14:13:15.417,1.06015,1.0603,1.60,5.60
2010.04.16 14:13:16.863,1.06015,1.0603,4.00,1.60
2010.04.16 14:13:17.209,1.06015,1.0603,4.00,3.20
2010.04.16 14:13:17.879,1.06015,1.0603,4.00,1.60
2010.04.16 14:13:18.666,1.06015,1.0603,1.60,1.60
2010.04.16 14:13:20.841,1.0602,1.0603,1.60,1.60
2010.04.16 14:13:21.499,1.0602,1.06035,1.60,18.40
2010.04.16 14:13:22.229,1.06015,1.06035,8.00,20.00
2010.04.16 14:13:23.071,1.06015,1.06035,9.60,20.00
2010.04.16 14:13:23.518,1.0602,1.06035,1.60,12.80
2010.04.16 14:13:24.425,1.0602,1.0603,1.60,1.60
2010.04.16 14:13:24.582,1.0601,1.0603,8.40,15.20
2010.04.16 14:13:24.740,1.06015,1.0603,1.60,6.30
2010.04.16 14:13:24.898,1.06015,1.0603,1.60,7.10
2010.04.16 14:13:25.058,1.06015,1.0603,1.60,8.70
2010.04.16 14:13:25.218,1.06015,1.0603,1.60,8.00
2010.04.16 14:13:25.977,1.06015,1.0603,1.60,12.00
2010.04.16 14:13:27.418,1.06015,1.06025,1.60,1.60
2010.04.16 14:13:28.871,1.0601,1.06025,11.20,1.60
2010.04.16 14:13:29.936,1.06015,1.06025,2.40,1.60
2010.04.16 14:13:30.168,1.0601,1.06025,11.30,1.60
2010.04.16 14:13:30.399,1.06015,1.06025,1.60,1.60
2010.04.16 14:13:32.233,1.0601,1.06025,6.40,1.60
2010.04.16 14:13:33.066,1.0601,1.06025,6.80,1.60
2010.04.16 14:13:33.271,1.0601,1.06025,7.20,1.60
2010.04.16 14:13:33.893,1.0601,1.06025,6.40,1.60
2010.04.16 14:13:34.113,1.0601,1.06025,11.20,1.60
2010.04.16 14:13:34.756,1.0601,1.06025,11.20,1.60
2010.04.16 14:13:34.975,1.06015,1.06025,1.60,1.60
2010.04.16 14:13:38.254,1.06015,1.06025,1.60,3.20
2010.04.16 14:13:38.442,1.06005,1.0602,11.20,1.80
2010.04.16 14:13:38.626,1.06005,1.0602,2.40,8.80
2010.04.16 14:13:39.388,1.06005,1.0602,1.60,19.20
2010.04.16 14:13:39.734,1.06,1.06015,12.00,1.60
2010.04.16 14:13:40.683,1.06,1.06015,7.20,1.60
2010.04.16 14:13:41.035,1.06,1.06015,6.40,3.20
2010.04.16 14:13:41.947,1.06,1.06015,7.20,5.60
2010.04.16 14:13:42.261,1.06,1.06015,2.40,5.60
2010.04.16 14:13:43.939,1.06,1.06015,10.40,3.20
2010.04.16 14:13:44.288,1.0601,1.0602,1.60,1.60
2010.04.16 14:13:44.912,1.0601,1.06025,2.40,12.00
2010.04.16 14:13:45.197,1.0601,1.0602,3.20,1.00
2010.04.16 14:13:45.482,1.0601,1.0602,1.60,1.70
2010.04.16 14:13:45.819,1.06005,1.0602,8.00,1.70
2010.04.16 14:13:47.502,1.0601,1.0602,1.60,1.70
2010.04.16 14:13:47.942,1.0601,1.0602,1.60,1.60
2010.04.16 14:13:51.565,1.0601,1.06025,4.00,8.00
2010.04.16 14:13:51.811,1.0601,1.06025,4.80,8.00
2010.04.16 14:13:52.393,1.0601,1.06025,4.80,3.20
2010.04.16 14:13:52.683,1.0601,1.06025,4.00,9.60
2010.04.16 14:13:53.564,1.0601,1.06015,1.60,1.60
2010.04.16 14:13:53.791,1.0599,1.0601,2.00,6.50
2010.04.16 14:13:54.014,1.0599,1.0601,1.60,14.10
2010.04.16 14:13:54.859,1.05995,1.0601,1.60,13.80
2010.04.16 14:13:55.088,1.06,1.0601,1.60,3.20
2010.04.16 14:13:56.002,1.06,1.0601,1.60,1.60
2010.04.16 14:13:56.916,1.05995,1.0601,1.60,24.70
2010.04.16 14:13:57.262,1.05995,1.0601,1.60,26.70
2010.04.16 14:13:59.150,1.0599,1.06005,1.60,16.80
2010.04.16 14:13:59.702,1.0599,1.06005,4.00,12.80
2010.04.16 14:14:00.032,1.0599,1.06005,4.80,12.80
2010.04.16 14:14:02.530,1.0599,1.06005,4.80,12.80
2010.04.16 14:14:03.819,1.0599,1.06005,4.80,12.80
2010.04.16 14:14:04.726,1.05995,1.06005,1.60,1.60
2010.04.16 14:14:05.311,1.0599,1.06005,4.80,8.00
2010.04.16 14:14:06.239,1.05995,1.06005,4.00,12.80
2010.04.16 14:14:06.432,1.05995,1.06005,4.00,6.40
2010.04.16 14:14:07.463,1.05995,1.06005,4.00,1.60
2010.04.16 14:14:07.810,1.05995,1.0601,4.00,20.40
2010.04.16 14:14:08.151,1.05995,1.0601,4.00,24.20
2010.04.16 14:14:08.742,1.05995,1.0601,1.60,25.00
2010.04.16 14:14:09.555,1.05995,1.06005,1.60,1.60
2010.04.16 14:14:11.371,1.05995,1.0601,1.60,14.40
2010.04.16 14:14:11.673,1.05995,1.06015,4.00,21.20
2010.04.16 14:14:12.587,1.06,1.06015,4.80,3.20
2010.04.16 14:14:12.863,1.06,1.06015,4.80,1.60
2010.04.16 14:14:13.142,1.06,1.0602,12.00,10.40
2010.04.16 14:14:13.755,1.06005,1.0602,1.60,8.80
2010.04.16 14:14:14.048,1.06,1.06015,8.80,3.20
2010.04.16 14:14:14.251,1.06,1.06015,1.60,22.40
2010.04.16 14:14:14.982,1.05995,1.0601,5.60,1.60
2010.04.16 14:14:15.679,1.06,1.06015,4.80,12.80
2010.04.16 14:14:16.024,1.06,1.06015,4.80,1.60
2010.04.16 14:14:16.943,1.06,1.06015,11.20,1.60
2010.04.16 14:14:17.938,1.06005,1.06015,1.60,1.60
2010.04.16 14:14:18.247,1.06,1.06015,11.20,1.60
2010.04.16 14:14:21.046,1.06005,1.06015,1.60,1.60
2010.04.16 14:14:21.793,1.06,1.06015,6.40,1.60
2010.04.16 14:14:22.375,1.06,1.06015,5.60,1.60
2010.04.16 14:14:22.666,1.06,1.06015,4.00,8.00
2010.04.16 14:14:23.473,1.06,1.06015,1.60,18.80
2010.04.16 14:14:23.708,1.06,1.06015,1.60,13.60
2010.04.16 14:14:23.946,1.05995,1.0601,6.40,1.60
2010.04.16 14:14:25.513,1.06,1.06015,1.60,16.80
2010.04.16 14:14:27.010,1.05995,1.06015,8.00,18.40
2010.04.16 14:14:27.216,1.06,1.06015,1.60,18.40
2010.04.16 14:14:28.633,1.06,1.06015,1.60,16.80
2010.04.16 14:14:31.063,1.06,1.06015,1.60,12.00
2010.04.16 14:14:32.852,1.0601,1.06025,4.80,3.20
2010.04.16 14:14:33.768,1.0601,1.06025,4.80,9.60
2010.04.16 14:14:34.000,1.0601,1.06025,4.80,8.00
2010.04.16 14:14:37.070,1.0601,1.06025,2.40,12.00
2010.04.16 14:14:37.232,1.06005,1.06025,12.80,12.00
2010.04.16 14:14:37.392,1.06005,1.0602,8.00,1.60
2010.04.16 14:14:38.633,1.0601,1.06025,1.60,8.80
2010.04.16 14:14:40.154,1.0601,1.06025,1.60,13.60
2010.04.16 14:14:40.939,1.06005,1.06025,12.80,13.60
2010.04.16 14:14:41.229,1.06005,1.06025,8.00,13.60
2010.04.16 14:14:44.584,1.06005,1.0602,8.00,2.40
2010.04.16 14:14:44.801,1.06005,1.0602,5.60,2.40
2010.04.16 14:14:45.019,1.06005,1.0602,4.00,4.40
2010.04.16 14:14:45.234,1.06005,1.06015,2.40,1.60
2010.04.16 14:14:46.169,1.06005,1.06015,2.40,3.20
2010.04.16 14:14:47.199,1.06,1.06015,6.40,4.80
2010.04.16 14:14:47.777,1.06,1.06015,2.40,7.20
2010.04.16 14:14:48.144,1.05995,1.06015,9.60,18.40
2010.04.16 14:14:48.567,1.05995,1.06015,9.60,13.60
2010.04.16 14:14:48.988,1.05995,1.06015,8.80,13.60
2010.04.16 14:14:49.198,1.05995,1.06015,8.00,13.60
2010.04.16 14:14:49.826,1.05995,1.06015,8.00,18.40
2010.04.16 14:14:50.104,1.06,1.06015,9.60,1.60
2010.04.16 14:14:50.669,1.06,1.06015,4.00,1.60
2010.04.16 14:14:52.421,1.06,1.06015,4.00,2.40
2010.04.16 14:14:52.613,1.05995,1.0601,12.40,2.30
2010.04.16 14:14:52.800,1.05995,1.0601,7.20,1.00
2010.04.16 14:14:53.183,1.06,1.06015,1.60,19.20
2010.04.16 14:14:53.373,1.06,1.06015,1.60,12.00
2010.04.16 14:14:54.168,1.05995,1.06015,11.60,20.80
2010.04.16 14:14:54.411,1.05995,1.0601,1.60,10.80
2010.04.16 14:14:55.258,1.05995,1.0601,1.60,11.20
2010.04.16 14:14:55.554,1.05995,1.0601,1.60,3.20
2010.04.16 14:14:55.844,1.05995,1.06015,5.60,26.80
2010.04.16 14:14:56.133,1.06,1.06015,1.60,9.60
2010.04.16 14:14:56.991,1.05995,1.06015,6.90,9.60
2010.04.16 14:14:57.339,1.05995,1.06015,11.70,9.60
2010.04.16 14:14:58.017,1.06,1.06015,1.60,9.60
2010.04.16 14:14:58.937,1.0599,1.06005,4.10,1.60
2010.04.16 14:14:59.058,1.0599,1.06005,2.10,1.60
2010.04.16 14:14:59.752,1.0599,1.06005,2.10,10.40
2010.04.16 14:14:59.877,1.05985,1.06,11.20,1.00
2010.04.16 14:14:59.999,1.05985,1.06,5.60,1.00
2010.04.16 14:15:01.234,1.05985,1.06005,6.30,27.20
2010.04.16 14:15:01.563,1.05985,1.06005,16.70,7.20
2010.04.16 14:15:02.434,1.05985,1.06005,20.60,4.80
2010.04.16 14:15:02.754,1.0599,1.06005,2.40,4.80
2010.04.16 14:15:04.040,1.05985,1.06005,18.70,4.80
2010.04.16 14:15:04.261,1.05985,1.06,15.90,2.40
2010.04.16 14:15:04.479,1.05985,1.06,4.00,2.40
2010.04.16 14:15:05.319,1.05985,1.06,6.20,1.00
2010.04.16 14:15:05.657,1.05985,1.06,4.00,2.40
2010.04.16 14:15:07.259,1.05985,1.06,4.00,4.00
2010.04.16 14:15:09.444,1.05985,1.06,2.40,4.00
2010.04.16 14:15:09.585,1.05985,1.06,2.40,5.60
2010.04.16 14:15:10.340,1.05975,1.0599,16.40,4.40
2010.04.16 14:15:10.678,1.0597,1.05985,4.80,8.00
2010.04.16 14:15:12.255,1.05965,1.05975,4.00,1.60
2010.04.16 14:15:12.509,1.0596,1.05975,8.80,1.60
2010.04.16 14:15:13.969,1.05955,1.0597,8.70,4.00
2010.04.16 14:15:14.927,1.05955,1.05965,3.70,1.60
2010.04.16 14:15:15.195,1.0595,1.05965,1.20,8.80
2010.04.16 14:15:15.457,1.05945,1.0596,12.80,1.60
2010.04.16 14:15:16.390,1.05935,1.05955,13.70,20.80
2010.04.16 14:15:16.737,1.05935,1.0595,1.60,4.80
2010.04.16 14:15:19.311,1.05925,1.0594,16.60,1.60
2010.04.16 14:15:19.521,1.05925,1.05935,2.40,14.40
2010.04.16 14:15:19.723,1.05915,1.0593,2.40,1.60
2010.04.16 14:15:20.640,1.05895,1.0592,1.00,5.70
2010.04.16 14:15:20.985,1.0589,1.05915,12.40,1.60
2010.04.16 14:15:21.814,1.0589,1.05915,11.60,1.00
2010.04.16 14:15:22.566,1.05895,1.0591,11.60,1.60
2010.04.16 14:15:22.726,1.05895,1.0591,10.40,1.60
2010.04.16 14:15:23.602,1.059,1.0591,2.40,1.60
2010.04.16 14:15:23.841,1.05895,1.05905,8.80,1.60
2010.04.16 14:15:24.593,1.05895,1.0591,8.80,4.00
2010.04.16 14:15:24.877,1.05895,1.05905,8.80,1.60
2010.04.16 14:15:25.971,1.05895,1.0591,13.60,3.20
2010.04.16 14:15:26.309,1.059,1.05915,8.80,3.20
2010.04.16 14:15:26.644,1.059,1.05915,8.80,1.60
2010.04.16 14:15:27.260,1.05905,1.05915,2.40,1.60
2010.04.16 14:15:27.615,1.05905,1.05915,4.80,1.60
2010.04.16 14:15:27.967,1.05905,1.0592,4.00,3.20
2010.04.16 14:15:28.826,1.05905,1.05925,9.60,8.80
2010.04.16 14:15:29.011,1.0591,1.05925,2.40,1.60
2010.04.16 14:15:29.202,1.0591,1.0592,2.40,2.00
2010.04.16 14:15:29.871,1.0591,1.0592,2.40,1.20
2010.04.16 14:15:30.216,1.0592,1.0593,7.20,1.00
2010.04.16 14:15:30.954,1.0592,1.05935,8.80,2.00
2010.04.16 14:15:31.286,1.0592,1.0594,4.00,10.50
2010.04.16 14:15:32.266,1.05915,1.0593,10.00,1.00
2010.04.16 14:15:32.554,1.0591,1.05925,2.40,6.40
2010.04.16 14:15:33.378,1.0591,1.05925,2.40,11.20
2010.04.16 14:15:33.723,1.05915,1.0593,2.40,2.70
2010.04.16 14:15:34.078,1.0591,1.05925,3.20,4.80
2010.04.16 14:15:34.691,1.0591,1.05925,1.60,5.60
2010.04.16 14:15:35.042,1.05905,1.05925,10.40,7.20
2010.04.16 14:15:35.387,1.05905,1.05925,8.80,7.20
2010.04.16 14:15:36.309,1.05905,1.0592,2.40,2.00
2010.04.16 14:15:36.586,1.05905,1.0592,4.00,5.30
2010.04.16 14:15:37.382,1.05905,1.0592,4.00,6.00
2010.04.16 14:15:37.664,1.05905,1.0592,4.00,1.60
2010.04.16 14:15:38.012,1.05905,1.05925,4.00,17.20
2010.04.16 14:15:38.721,1.05905,1.05925,5.60,16.80
2010.04.16 14:15:38.940,1.05905,1.05925,5.60,12.00
2010.04.16 14:15:39.160,1.05905,1.05925,4.00,12.00
2010.04.16 14:15:40.162,1.05905,1.0592,4.00,1.60
2010.04.16 14:15:40.849,1.05905,1.05915,4.00,1.00
2010.04.16 14:15:41.812,1.05895,1.05915,15.30,6.40
2010.04.16 14:15:43.081,1.05895,1.05905,4.10,4.80
2010.04.16 14:15:43.428,1.05895,1.05905,5.60,4.80
2010.04.16 14:15:44.608,1.05895,1.05915,15.20,8.80
2010.04.16 14:15:44.888,1.05895,1.05915,10.40,12.80
2010.04.16 14:15:45.798,1.05895,1.05915,10.40,8.00
2010.04.16 14:15:46.110,1.059,1.05915,2.40,1.00
2010.04.16 14:15:46.818,1.059,1.0591,2.40,1.00
2010.04.16 14:15:47.171,1.059,1.05915,7.20,1.60
2010.04.16 14:15:47.479,1.059,1.05915,2.40,2.40
2010.04.16 14:15:48.301,1.059,1.05915,2.40,4.80
2010.04.16 14:15:48.510,1.05895,1.05915,5.60,12.00
2010.04.16 14:15:48.916,1.05895,1.05915,5.70,11.20
2010.04.16 14:15:49.695,1.05895,1.0591,2.50,2.30
2010.04.16 14:15:50.033,1.05895,1.059,2.40,1.00
2010.04.16 14:15:51.051,1.0589,1.059,2.40,1.00
2010.04.16 14:15:51.345,1.0588,1.05895,8.80,8.00
2010.04.16 14:15:52.260,1.0588,1.0589,2.40,7.40
2010.04.16 14:15:52.617,1.0586,1.0588,2.40,6.70
2010.04.16 14:15:53.407,1.0586,1.05875,2.40,1.00
2010.04.16 14:15:53.772,1.05855,1.05875,17.60,8.40
2010.04.16 14:15:54.122,1.05855,1.05875,11.20,15.10
2010.04.16 14:15:54.802,1.05855,1.0587,9.60,1.60
2010.04.16 14:15:55.115,1.05855,1.0587,4.80,1.60
2010.04.16 14:15:55.425,1.05855,1.0587,9.60,1.60
2010.04.16 14:15:57.902,1.05855,1.0587,14.40,1.60
2010.04.16 14:15:58.227,1.0585,1.05865,8.80,1.60
2010.04.16 14:15:59.150,1.0585,1.0587,15.20,2.40
2010.04.16 14:15:59.364,1.0585,1.05865,13.60,1.60
2010.04.16 14:15:59.585,1.05855,1.0587,2.40,3.20
2010.04.16 14:16:00.235,1.05855,1.0587,7.20,3.20
2010.04.16 14:16:00.588,1.05855,1.0587,5.60,1.60
2010.04.16 14:16:01.552,1.05855,1.0587,5.60,1.60
2010.04.16 14:16:01.899,1.05865,1.05875,1.60,8.70
2010.04.16 14:16:02.841,1.05865,1.05875,4.00,1.60
2010.04.16 14:16:03.194,1.0586,1.05875,14.40,1.60
2010.04.16 14:16:04.053,1.0586,1.0588,2.80,9.60
2010.04.16 14:16:04.325,1.0586,1.0588,9.60,8.80
2010.04.16 14:16:05.542,1.05865,1.0588,1.60,3.30
2010.04.16 14:16:05.882,1.05865,1.0588,3.20,3.30
2010.04.16 14:16:06.548,1.05875,1.0588,1.60,1.00
2010.04.16 14:16:06.900,1.0588,1.059,3.20,1.60
2010.04.16 14:16:07.861,1.0588,1.05905,4.80,8.80
2010.04.16 14:16:08.201,1.0588,1.0589,4.80,1.00
2010.04.16 14:16:08.542,1.0588,1.059,4.80,8.80
2010.04.16 14:16:09.407,1.0588,1.059,4.80,9.20
2010.04.16 14:16:09.703,1.05885,1.059,5.60,1.60
2010.04.16 14:16:10.388,1.05895,1.059,1.00,1.60
2010.04.16 14:16:10.718,1.059,1.05925,4.80,21.20
2010.04.16 14:16:11.065,1.059,1.05925,4.80,8.80
2010.04.16 14:16:11.996,1.059,1.0592,9.60,9.60
2010.04.16 14:16:12.984,1.059,1.0592,4.80,9.60
2010.04.16 14:16:13.234,1.05895,1.0591,1.60,2.40
2010.04.16 14:16:14.105,1.0589,1.0591,17.20,2.40
2010.04.16 14:16:14.458,1.059,1.05915,3.20,2.40
2010.04.16 14:16:15.394,1.059,1.0591,2.40,1.60
2010.04.16 14:16:15.738,1.059,1.05915,2.40,7.10
2010.04.16 14:16:16.074,1.059,1.05915,3.20,1.60
2010.04.16 14:16:16.679,1.059,1.05915,8.00,1.60
2010.04.16 14:16:17.016,1.05895,1.0591,1.60,1.60
2010.04.16 14:16:17.363,1.0589,1.0591,19.40,1.60
2010.04.16 14:16:18.319,1.0589,1.0591,6.00,9.20
2010.04.16 14:16:18.666,1.05895,1.0591,4.00,1.60
2010.04.16 14:16:18.874,1.059,1.05915,2.40,7.60
2010.04.16 14:16:19.649,1.059,1.05915,2.40,6.40
2010.04.16 14:16:19.846,1.059,1.05915,2.40,14.40
2010.04.16 14:16:20.782,1.05895,1.05915,4.00,16.40
2010.04.16 14:16:21.045,1.05895,1.05915,4.00,24.40
2010.04.16 14:16:21.308,1.059,1.05915,1.60,24.40
2010.04.16 14:16:22.116,1.05895,1.05915,1.60,20.40
2010.04.16 14:16:22.462,1.05895,1.05915,1.60,25.20
2010.04.16 14:16:23.962,1.05895,1.0591,4.00,4.80
2010.04.16 14:16:24.301,1.059,1.05915,3.20,7.20
2010.04.16 14:16:24.520,1.059,1.05915,8.00,1.00
2010.04.16 14:16:25.313,1.059,1.0592,8.00,15.10
2010.04.16 14:16:25.573,1.05895,1.0591,2.40,1.60
2010.04.16 14:16:25.828,1.05895,1.05915,2.40,23.60
2010.04.16 14:16:26.664,1.05895,1.05915,7.20,19.60
2010.04.16 14:16:27.011,1.059,1.0592,3.20,17.20
2010.04.16 14:16:27.902,1.059,1.0592,8.00,9.60
2010.04.16 14:16:28.212,1.059,1.0592,3.20,8.80
2010.04.16 14:16:28.517,1.059,1.0592,8.00,4.00
2010.04.16 14:16:28.828,1.059,1.0592,8.00,4.00
2010.04.16 14:16:29.457,1.05905,1.0592,2.40,1.60
2010.04.16 14:16:29.690,1.05905,1.05925,2.40,16.40
2010.04.16 14:16:29.930,1.05905,1.05925,3.20,10.40
2010.04.16 14:16:30.731,1.05905,1.05925,3.20,15.20
2010.04.16 14:16:31.079,1.05905,1.05925,4.80,15.20
2010.04.16 14:16:31.430,1.05905,1.05925,5.60,15.20
2010.04.16 14:16:31.780,1.0591,1.05925,2.40,11.20
2010.04.16 14:16:32.356,1.0591,1.05925,3.20,1.60
2010.04.16 14:16:32.701,1.05915,1.0593,2.40,1.60
2010.04.16 14:16:33.050,1.0592,1.05935,5.60,15.30
2010.04.16 14:16:33.674,1.0592,1.05935,5.60,12.90
2010.04.16 14:16:34.012,1.05925,1.0594,2.40,3.20
2010.04.16 14:16:36.851,1.0592,1.05935,4.80,3.20
2010.04.16 14:16:37.206,1.0592,1.0594,8.00,11.20
2010.04.16 14:16:37.960,1.0592,1.0594,8.00,10.40
2010.04.16 14:16:38.227,1.0592,1.0593,2.40,4.80
2010.04.16 14:16:38.450,1.05915,1.05925,2.40,2.40
2010.04.16 14:16:39.087,1.05915,1.05925,2.40,3.20
2010.04.16 14:16:39.311,1.0591,1.0592,1.00,1.00
2010.04.16 14:16:40.237,1.05905,1.05925,8.70,4.80
2010.04.16 14:16:40.590,1.0591,1.0593,1.00,16.00
2010.04.16 14:16:41.459,1.05905,1.05925,17.60,1.00
2010.04.16 14:16:41.810,1.05905,1.0592,4.80,1.00
2010.04.16 14:16:43.089,1.05915,1.05925,2.40,6.00
2010.04.16 14:16:43.438,1.05915,1.0593,3.20,3.90
2010.04.16 14:16:43.783,1.05915,1.0593,2.80,3.50
2010.04.16 14:16:44.655,1.0591,1.0593,10.80,5.90
2010.04.16 14:16:44.963,1.0591,1.0593,10.80,8.80
2010.04.16 14:16:45.272,1.05915,1.05935,4.00,16.40
2010.04.16 14:16:46.189,1.0591,1.0593,26.70,2.40
2010.04.16 14:16:46.510,1.0591,1.0593,18.80,10.40
2010.04.16 14:16:47.138,1.0591,1.0593,14.00,15.20
2010.04.16 14:16:47.461,1.0591,1.05925,3.20,4.80
2010.04.16 14:16:47.803,1.0591,1.05925,1.00,2.40
2010.04.16 14:16:48.777,1.0591,1.05925,3.20,1.60
2010.04.16 14:16:49.817,1.05905,1.0592,2.80,7.20
2010.04.16 14:16:50.159,1.05895,1.05915,2.40,20.40
2010.04.16 14:16:50.485,1.0589,1.05915,15.00,31.20
2010.04.16 14:16:51.479,1.0589,1.05915,20.20,30.40
2010.04.16 14:16:51.807,1.05895,1.05915,2.80,29.60
2010.04.16 14:16:52.705,1.05895,1.0591,2.40,4.80
2010.04.16 14:16:53.030,1.05895,1.05915,1.60,30.00
2010.04.16 14:16:53.369,1.0589,1.05915,11.80,30.00
2010.04.16 14:16:54.241,1.0589,1.0591,13.40,4.80
2010.04.16 14:16:54.440,1.0589,1.0591,12.60,4.80
2010.04.16 14:16:54.828,1.0589,1.0591,11.40,4.80
2010.04.16 14:16:55.479,1.0589,1.0591,10.80,4.80
2010.04.16 14:16:56.430,1.05895,1.05915,1.60,29.60
2010.04.16 14:16:57.819,1.05895,1.05905,1.60,1.60
2010.04.16 14:16:58.096,1.05885,1.05905,6.40,18.40
2010.04.16 14:16:58.372,1.0589,1.05905,2.40,4.80
2010.04.16 14:16:59.142,1.0589,1.05905,8.90,1.00
2010.04.16 14:16:59.407,1.0589,1.0591,10.40,2.40
2010.04.16 14:17:00.951,1.05885,1.05905,4.40,24.00
2010.04.16 14:17:01.187,1.05885,1.05905,4.00,20.00
2010.04.16 14:17:01.417,1.05885,1.05905,4.80,20.00
2010.04.16 14:17:02.001,1.05885,1.05905,9.60,20.00
2010.04.16 14:17:02.229,1.05885,1.059,4.80,1.00
2010.04.16 14:17:02.917,1.05885,1.059,4.00,1.00
2010.04.16 14:17:03.256,1.05885,1.059,8.80,1.00
2010.04.16 14:17:04.210,1.05885,1.059,9.60,1.00
2010.04.16 14:17:05.203,1.05885,1.059,16.00,1.00
2010.04.16 14:17:05.890,1.05885,1.059,11.20,1.00
2010.04.16 14:17:06.816,1.05885,1.059,11.30,1.00
2010.04.16 14:17:07.169,1.05885,1.059,9.60,1.00
2010.04.16 14:17:07.518,1.0589,1.059,8.00,1.00
2010.04.16 14:17:08.087,1.0589,1.059,3.20,1.00
2010.04.16 14:17:08.344,1.05885,1.059,9.60,1.00
2010.04.16 14:17:08.605,1.05885,1.059,8.00,1.00
2010.04.16 14:17:09.498,1.05885,1.059,12.80,1.00
2010.04.16 14:17:09.833,1.05885,1.059,4.80,1.00
2010.04.16 14:17:11.274,1.05885,1.059,5.60,1.00
2010.04.16 14:17:12.954,1.0589,1.059,3.20,1.00
2010.04.16 14:17:13.299,1.0589,1.059,8.00,1.00
2010.04.16 14:17:14.349,1.0589,1.059,3.20,1.00
2010.04.16 14:17:14.460,1.0589,1.059,1.00,1.00
2010.04.16 14:17:14.563,1.05885,1.059,8.00,1.00
2010.04.16 14:17:15.305,1.0589,1.059,4.00,1.00
2010.04.16 14:17:15.908,1.0589,1.059,3.20,1.00
2010.04.16 14:17:16.796,1.0589,1.059,3.20,1.00
2010.04.16 14:17:18.718,1.0589,1.059,2.40,1.00
2010.04.16 14:17:20.980,1.0589,1.0591,7.20,19.10
2010.04.16 14:17:21.274,1.0589,1.0591,7.20,18.70
2010.04.16 14:17:22.177,1.0589,1.0591,7.20,19.70
2010.04.16 14:17:22.394,1.0589,1.0591,7.20,17.90
2010.04.16 14:17:23.593,1.0589,1.0591,8.80,9.70
2010.04.16 14:17:23.929,1.0589,1.0591,10.40,9.70
2010.04.16 14:17:24.942,1.0589,1.05905,8.00,2.40
2010.04.16 14:17:25.238,1.0588,1.059,12.00,2.40
2010.04.16 14:17:25.535,1.05885,1.05905,2.40,28.00
2010.04.16 14:17:26.124,1.05885,1.05905,2.40,27.60
2010.04.16 14:17:26.489,1.05885,1.059,2.40,1.00
2010.04.16 14:17:26.839,1.05885,1.05905,10.40,14.00
2010.04.16 14:17:27.780,1.0589,1.0591,8.00,15.00
2010.04.16 14:17:28.126,1.0589,1.0591,11.20,12.60
2010.04.16 14:17:28.361,1.0589,1.0591,11.20,7.20
2010.04.16 14:17:28.590,1.0589,1.0591,11.20,5.60
2010.04.16 14:17:29.282,1.0589,1.0591,5.30,7.60
2010.04.16 14:17:29.399,1.0589,1.0591,10.90,5.60
2010.04.16 14:17:29.520,1.0589,1.0591,11.70,5.60
2010.04.16 14:17:30.405,1.05895,1.05915,1.00,23.60
2010.04.16 14:17:30.752,1.05895,1.05915,15.20,7.20
2010.04.16 14:17:31.691,1.05895,1.05915,2.40,28.00
2010.04.16 14:17:32.038,1.059,1.05915,2.40,14.80
2010.04.16 14:17:32.386,1.05895,1.05915,5.60,16.80
2010.04.16 14:17:33.252,1.059,1.05915,2.40,14.40
2010.04.16 14:17:33.575,1.0589,1.0591,10.80,1.10
2010.04.16 14:17:33.927,1.0589,1.0591,10.80,5.90
2010.04.16 14:17:36.203,1.0589,1.0591,9.60,10.90
2010.04.16 14:17:36.679,1.0589,1.05905,7.20,1.60
2010.04.16 14:17:37.303,1.0589,1.05905,2.40,1.60
2010.04.16 14:17:37.643,1.0589,1.05905,2.40,6.40
2010.04.16 14:17:37.984,1.05885,1.05905,9.60,17.20
2010.04.16 14:17:38.595,1.05885,1.05905,3.20,18.80
2010.04.16 14:17:38.922,1.0588,1.059,4.90,17.10
2010.04.16 14:17:39.250,1.0588,1.059,4.80,8.80
2010.04.16 14:17:40.143,1.0588,1.059,10.70,4.00
2010.04.16 14:17:41.902,1.05885,1.059,1.60,2.40
2010.04.16 14:17:42.178,1.0588,1.059,17.20,2.40
2010.04.16 14:17:43.107,1.0588,1.059,4.80,13.80
2010.04.16 14:17:43.449,1.0588,1.05895,1.00,2.40
2010.04.16 14:17:44.360,1.0588,1.059,3.30,18.00
2010.04.16 14:17:44.818,1.0588,1.059,4.90,14.40
2010.04.16 14:17:45.564,1.0588,1.059,4.80,15.20
2010.04.16 14:17:45.833,1.0588,1.059,3.20,12.00
2010.04.16 14:17:47.539,1.0588,1.059,3.30,12.00
2010.04.16 14:17:47.888,1.0588,1.059,3.30,11.20
2010.04.16 14:17:49.003,1.05875,1.05895,14.80,1.60
2010.04.16 14:17:49.168,1.05875,1.0589,6.40,2.40
2010.04.16 14:17:49.326,1.05875,1.0589,1.60,2.40
2010.04.16 14:17:50.014,1.05875,1.0589,4.80,2.40
2010.04.16 14:17:50.717,1.05875,1.0589,4.80,4.80
2010.04.16 14:17:51.316,1.0587,1.0589,15.20,4.80
2010.04.16 14:17:51.999,1.0587,1.0589,10.40,9.60
2010.04.16 14:17:53.242,1.0587,1.0589,10.40,4.80
2010.04.16 14:17:53.906,1.0587,1.0589,10.40,9.60
2010.04.16 14:17:54.659,1.0587,1.0589,10.40,4.80
2010.04.16 14:17:55.233,1.0587,1.0589,10.40,9.60
2010.04.16 14:17:56.133,1.0587,1.0589,10.40,4.80
2010.04.16 14:17:56.595,1.0587,1.0589,9.60,6.40
2010.04.16 14:17:57.398,1.0587,1.0589,5.60,11.20
2010.04.16 14:17:57.734,1.05865,1.0588,1.00,2.40
2010.04.16 14:17:58.637,1.05865,1.0588,1.00,3.20
2010.04.16 14:17:58.992,1.05865,1.0588,2.50,1.00
2010.04.16 14:17:59.343,1.05865,1.05885,3.30,16.00
2010.04.16 14:18:00.186,1.05865,1.05885,4.90,21.10
2010.04.16 14:18:00.534,1.05865,1.0588,2.40,3.20
2010.04.16 14:18:00.875,1.0586,1.0588,4.80,7.20
2010.04.16 14:18:01.540,1.0586,1.0588,10.40,7.20
2010.04.16 14:18:01.848,1.0586,1.0588,14.40,4.80
2010.04.16 14:18:02.155,1.0586,1.0588,8.80,11.20
2010.04.16 14:18:03.144,1.0587,1.0588,5.60,2.40
2010.04.16 14:18:03.377,1.0587,1.0588,7.20,2.40
2010.04.16 14:18:03.978,1.0587,1.05885,6.40,1.00
2010.04.16 14:18:04.227,1.0587,1.05885,1.00,1.60
2010.04.16 14:18:04.464,1.0587,1.0589,2.40,15.70
2010.04.16 14:18:05.198,1.0587,1.0589,1.60,13.60
2010.04.16 14:18:05.409,1.0587,1.05885,1.60,2.40
2010.04.16 14:18:05.755,1.0587,1.05885,1.60,7.20
2010.04.16 14:18:06.730,1.0587,1.0589,2.40,12.40
2010.04.16 14:18:07.073,1.05875,1.0589,1.60,2.40
2010.04.16 14:18:07.414,1.0587,1.0589,8.00,2.40
2010.04.16 14:18:08.492,1.0587,1.05885,8.00,1.00
2010.04.16 14:18:08.761,1.0587,1.05885,8.00,1.00
2010.04.16 14:18:10.180,1.0587,1.05885,8.10,1.00
2010.04.16 14:18:10.464,1.05875,1.05885,4.80,1.00
2010.04.16 14:18:11.122,1.05875,1.05885,6.40,1.00
2010.04.16 14:18:11.470,1.05875,1.0589,14.40,1.60
2010.04.16 14:18:12.401,1.05875,1.0589,8.80,2.40
2010.04.16 14:18:12.746,1.05875,1.0589,4.00,1.60
2010.04.16 14:18:13.437,1.05885,1.0589,2.40,1.60
2010.04.16 14:18:14.358,1.05885,1.059,4.00,1.00
2010.04.16 14:18:14.702,1.0588,1.059,10.40,10.40
2010.04.16 14:18:15.622,1.0589,1.05905,2.40,8.00
2010.04.16 14:18:15.832,1.0589,1.05905,7.20,3.20
2010.04.16 14:18:16.608,1.05895,1.0591,4.80,13.30
2010.04.16 14:18:16.942,1.05895,1.0591,7.20,4.30
2010.04.16 14:18:18.275,1.05895,1.05915,9.60,12.00
2010.04.16 14:18:18.554,1.059,1.05915,3.20,6.40
2010.04.16 14:18:19.282,1.059,1.05915,3.20,11.20
2010.04.16 14:18:19.591,1.059,1.05915,3.20,6.40
2010.04.16 14:18:19.900,1.059,1.05915,4.80,4.80
2010.04.16 14:18:20.906,1.059,1.0592,9.60,6.00
2010.04.16 14:18:21.248,1.059,1.0592,4.80,10.40
2010.04.16 14:18:22.530,1.059,1.0592,9.60,10.40
2010.04.16 14:18:23.983,1.05905,1.05925,6.40,19.60
2010.04.16 14:18:24.086,1.05905,1.05925,4.80,25.60
2010.04.16 14:18:24.188,1.05905,1.0592,2.40,2.40
2010.04.16 14:18:24.388,1.05905,1.0592,2.40,3.20
2010.04.16 14:18:25.404,1.05905,1.05925,4.80,12.80
2010.04.16 14:18:26.286,1.0591,1.05925,4.00,6.40
2010.04.16 14:18:26.631,1.0591,1.05925,1.60,1.60
2010.04.16 14:18:27.862,1.0591,1.05925,4.00,1.60
2010.04.16 14:18:28.220,1.05915,1.05935,12.40,5.60
2010.04.16 14:18:28.570,1.05915,1.05935,12.40,10.40
2010.04.16 14:18:29.346,1.05915,1.05935,10.00,10.40
2010.04.16 14:18:29.521,1.05915,1.05935,12.40,5.60
2010.04.16 14:18:30.197,1.05915,1.05935,9.20,10.40
2010.04.16 14:18:30.858,1.05915,1.05935,18.00,5.60
2010.04.16 14:18:31.021,1.0592,1.05935,8.80,1.60
2010.04.16 14:18:32.467,1.0592,1.05935,1.60,6.40
2010.04.16 14:18:33.898,1.0592,1.05935,1.70,4.00
2010.04.16 14:18:34.250,1.05925,1.0594,16.80,6.80
2010.04.16 14:18:34.934,1.05925,1.0594,21.60,2.00
2010.04.16 14:18:35.138,1.05925,1.0594,16.00,1.60
2010.04.16 14:18:35.338,1.05925,1.0594,15.20,1.60
2010.04.16 14:18:36.252,1.05925,1.0594,15.00,1.60
2010.04.16 14:18:36.603,1.0592,1.0594,9.60,12.00
2010.04.16 14:18:37.632,1.0592,1.0594,9.60,7.20
2010.04.16 14:18:37.932,1.0592,1.05935,12.50,2.40
2010.04.16 14:18:38.223,1.0592,1.0594,10.10,7.60
2010.04.16 14:18:38.811,1.0592,1.0594,10.10,7.20
2010.04.16 14:18:39.105,1.0592,1.05935,4.00,1.00
2010.04.16 14:18:40.260,1.05925,1.0594,2.40,8.80
2010.04.16 14:18:40.606,1.05925,1.0594,2.40,14.00
2010.04.16 14:18:40.956,1.0592,1.0594,6.00,16.80
2010.04.16 14:18:41.877,1.05925,1.0594,2.40,14.00
2010.04.16 14:18:42.228,1.05925,1.0594,4.00,12.00
2010.04.16 14:18:42.497,1.05925,1.0594,4.80,4.80
2010.04.16 14:18:43.086,1.05925,1.05945,4.80,33.00
2010.04.16 14:18:43.334,1.0593,1.05945,5.20,1.00
2010.04.16 14:18:43.576,1.0593,1.05945,2.40,4.80
2010.04.16 14:18:43.816,1.0593,1.05945,4.80,1.60
2010.04.16 14:18:44.627,1.0593,1.0595,9.20,6.40
2010.04.16 14:18:44.952,1.0593,1.0595,9.60,6.40
2010.04.16 14:18:45.915,1.0593,1.0595,9.60,11.20
2010.04.16 14:18:47.186,1.0593,1.05945,4.00,1.60
2010.04.16 14:18:48.937,1.05925,1.05945,6.40,13.20
2010.04.16 14:18:49.072,1.05925,1.05945,7.00,10.40
2010.04.16 14:18:49.213,1.0593,1.05945,2.40,8.00
2010.04.16 14:18:49.351,1.0593,1.05945,3.20,8.00
2010.04.16 14:18:50.064,1.0593,1.0595,10.80,11.20
2010.04.16 14:18:51.930,1.0593,1.05945,5.60,1.00
2010.04.16 14:18:52.278,1.05925,1.05945,12.60,6.50
2010.04.16 14:18:53.112,1.05925,1.0594,4.00,1.00
2010.04.16 14:18:53.411,1.05925,1.0594,2.40,12.00
2010.04.16 14:18:53.671,1.05925,1.05935,2.40,4.80
2010.04.16 14:18:53.925,1.0592,1.05935,4.00,4.80
2010.04.16 14:18:54.793,1.05915,1.05935,6.40,17.60
2010.04.16 14:18:55.066,1.05915,1.0593,1.60,11.70
2010.04.16 14:18:55.865,1.0591,1.05925,2.00,3.20
2010.04.16 14:18:56.205,1.0591,1.05925,1.60,16.00
2010.04.16 14:18:56.542,1.0591,1.05925,4.00,13.60
2010.04.16 14:18:56.876,1.0591,1.05925,1.60,4.80
2010.04.16 14:18:57.795,1.0591,1.0593,8.80,15.90
2010.04.16 14:18:58.139,1.0591,1.0593,8.80,9.10
2010.04.16 14:18:58.439,1.0591,1.0593,4.80,13.70
2010.04.16 14:18:59.150,1.0591,1.0593,4.80,14.00
2010.04.16 14:18:59.639,1.0591,1.0593,4.80,15.00
2010.04.16 14:18:59.768,1.0591,1.0593,4.80,20.10
2010.04.16 14:18:59.900,1.0591,1.0593,4.80,20.40
2010.04.16 14:19:00.604,1.0591,1.05925,4.80,9.60
2010.04.16 14:19:00.859,1.05905,1.05925,6.80,24.00
2010.04.16 14:19:01.112,1.05905,1.05925,6.40,8.40
2010.04.16 14:19:01.927,1.05905,1.0592,2.40,2.40
2010.04.16 14:19:02.272,1.05905,1.0592,1.60,4.00
2010.04.16 14:19:03.558,1.05905,1.0592,4.00,1.60
2010.04.16 14:19:03.905,1.0591,1.0593,4.80,21.60
2010.04.16 14:19:04.261,1.0591,1.05925,4.00,2.40
2010.04.16 14:19:04.410,1.05905,1.05925,9.20,14.40
2010.04.16 14:19:05.119,1.05905,1.05925,7.20,16.00
2010.04.16 14:19:05.274,1.05905,1.05925,7.20,17.60
2010.04.16 14:19:07.143,1.059,1.05915,12.80,3.20
2010.04.16 14:19:07.492,1.05895,1.0591,9.60,1.00
2010.04.16 14:19:08.148,1.05895,1.05915,4.00,26.80
2010.04.16 14:19:08.443,1.0589,1.05905,2.40,10.40
2010.04.16 14:19:08.734,1.0589,1.05905,5.60,9.60
2010.04.16 14:19:09.627,1.05895,1.0591,6.40,1.60
2010.04.16 14:19:09.911,1.05895,1.0591,16.00,1.60
2010.04.16 14:19:10.803,1.05895,1.0591,11.20,4.00
2010.04.16 14:19:11.113,1.059,1.05915,7.60,4.00
2010.04.16 14:19:11.370,1.05905,1.0592,4.00,4.40
2010.04.16 14:19:12.213,1.05905,1.0592,4.00,3.20
2010.04.16 14:19:12.560,1.05905,1.0592,9.60,1.60
2010.04.16 14:19:13.813,1.05905,1.0592,11.20,1.60
2010.04.16 14:19:15.780,1.05905,1.0592,11.20,2.40
2010.04.16 14:19:16.058,1.059,1.05915,16.60,2.40
2010.04.16 14:19:16.897,1.059,1.05915,10.80,3.20
2010.04.16 14:19:17.251,1.059,1.05915,1.60,5.60
2010.04.16 14:19:17.602,1.059,1.0592,9.90,10.80
2010.04.16 14:19:18.499,1.059,1.0592,17.60,4.40
2010.04.16 14:19:18.625,1.05905,1.0592,1.60,2.40
2010.04.16 14:19:20.724,1.05905,1.05925,4.00,18.40
2010.04.16 14:19:21.433,1.05905,1.05925,4.00,18.80
2010.04.16 14:19:21.793,1.05905,1.0592,1.60,16.50
2010.04.16 14:19:22.146,1.059,1.0592,4.80,29.90
2010.04.16 14:19:23.083,1.059,1.05915,1.60,7.20
2010.04.16 14:19:23.308,1.05895,1.05915,7.20,17.60
2010.04.16 14:19:24.832,1.05895,1.0591,4.80,1.60
2010.04.16 14:19:25.033,1.05895,1.0591,4.80,6.40
2010.04.16 14:19:26.261,1.05895,1.0591,3.20,6.40
2010.04.16 14:19:26.614,1.0589,1.05905,1.00,6.40
2010.04.16 14:19:27.523,1.0589,1.05905,1.00,1.60
2010.04.16 14:19:30.590,1.0589,1.05905,1.10,1.60
2010.04.16 14:19:31.424,1.05895,1.0591,2.40,7.20
2010.04.16 14:19:31.663,1.059,1.05915,3.20,4.80
2010.04.16 14:19:31.896,1.059,1.05915,3.20,11.20
2010.04.16 14:19:32.822,1.059,1.05915,2.40,11.20
2010.04.16 14:19:33.163,1.059,1.05915,4.80,6.40
2010.04.16 14:19:33.503,1.059,1.0592,4.80,29.90
2010.04.16 14:19:34.437,1.059,1.0592,5.60,29.90
2010.04.16 14:19:34.781,1.059,1.0592,5.60,29.90
2010.04.16 14:19:35.684,1.05905,1.05915,2.40,4.80
2010.04.16 14:19:35.968,1.05905,1.0592,2.40,27.50
2010.04.16 14:19:37.145,1.05905,1.05915,2.40,4.80
2010.04.16 14:19:37.496,1.05905,1.0592,1.60,27.50
2010.04.16 14:19:38.421,1.0591,1.0592,2.40,10.20
2010.04.16 14:19:38.640,1.0591,1.05925,4.00,1.60
2010.04.16 14:19:39.101,1.0591,1.05925,4.80,1.60
2010.04.16 14:19:39.911,1.0591,1.05925,9.60,1.60
2010.04.16 14:19:40.351,1.0591,1.05925,7.20,1.60
2010.04.16 14:19:40.572,1.0591,1.05925,6.40,1.60
2010.04.16 14:19:41.833,1.05905,1.05925,14.40,5.60
2010.04.16 14:19:42.184,1.05905,1.05925,8.80,14.40
2010.04.16 14:19:42.810,1.05905,1.0592,6.40,2.40
2010.04.16 14:19:43.157,1.05905,1.05925,10.80,3.20
2010.04.16 14:19:43.504,1.05915,1.05925,1.00,3.20
2010.04.16 14:19:44.400,1.05915,1.0593,1.00,5.60
2010.04.16 14:19:44.629,1.0591,1.0593,15.00,6.40
2010.04.16 14:19:44.859,1.0591,1.0593,13.60,8.30
2010.04.16 14:19:45.089,1.0591,1.05925,8.80,1.60
2010.04.16 14:19:45.889,1.0591,1.05925,4.00,1.60
2010.04.16 14:19:46.482,1.0591,1.05925,1.60,7.20
2010.04.16 14:19:47.390,1.05905,1.05925,16.80,8.80
2010.04.16 14:19:49.860,1.059,1.05915,22.20,3.20
2010.04.16 14:19:50.075,1.059,1.05915,4.80,1.60
2010.04.16 14:19:50.889,1.05895,1.05915,6.90,14.00
2010.04.16 14:19:51.182,1.05895,1.05915,2.40,26.80
2010.04.16 14:19:52.978,1.05895,1.05915,2.40,16.40
2010.04.16 14:19:53.139,1.05895,1.05915,4.80,12.80
2010.04.16 14:19:53.466,1.05895,1.05915,2.40,26.40
2010.04.16 14:19:54.135,1.05895,1.0591,2.40,1.00
2010.04.16 14:19:54.297,1.0589,1.0591,15.50,7.30
2010.04.16 14:19:54.577,1.0589,1.0591,10.80,8.90
2010.04.16 14:19:54.857,1.0589,1.0591,8.80,14.40
2010.04.16 14:19:55.555,1.0589,1.0591,4.00,18.40
2010.04.16 14:19:55.852,1.05885,1.05905,6.40,17.60
2010.04.16 14:19:56.440,1.0589,1.05905,2.40,4.00
2010.04.16 14:19:57.368,1.0589,1.05905,2.40,3.20
2010.04.16 14:19:57.721,1.05885,1.059,1.00,11.20
2010.04.16 14:19:58.352,1.05885,1.05895,1.00,2.40
2010.04.16 14:19:58.671,1.0588,1.05895,8.80,1.60
2010.04.16 14:19:58.977,1.0588,1.05895,10.40,1.60
2010.04.16 14:19:59.922,1.0588,1.05895,5.60,1.60
2010.04.16 14:20:01.762,1.0588,1.05895,4.80,1.60
2010.04.16 14:20:02.043,1.0587,1.05885,1.20,7.80
2010.04.16 14:20:02.317,1.0587,1.05885,3.20,13.60
2010.04.16 14:20:02.952,1.0587,1.05885,3.20,12.40
2010.04.16 14:20:03.301,1.0587,1.05885,3.20,7.60
2010.04.16 14:20:03.648,1.05865,1.05885,7.20,16.20
2010.04.16 14:20:04.499,1.05865,1.05885,7.20,15.60
2010.04.16 14:20:04.727,1.05865,1.05885,7.20,16.00
2010.04.16 14:20:05.172,1.05865,1.05885,7.20,16.20
2010.04.16 14:20:06.021,1.05865,1.05885,12.00,15.20
2010.04.16 14:20:06.297,1.05865,1.05885,7.20,16.30
2010.04.16 14:20:06.572,1.05865,1.05885,7.20,21.10
2010.04.16 14:20:07.429,1.05865,1.05885,7.20,15.60
2010.04.16 14:20:07.778,1.05865,1.05885,7.20,16.50
2010.04.16 14:20:08.123,1.05865,1.0588,7.20,1.00
2010.04.16 14:20:08.950,1.05865,1.0588,7.20,2.00
2010.04.16 14:20:09.211,1.0586,1.05875,1.00,10.80
2010.04.16 14:20:09.417,1.0586,1.05875,1.00,6.50
2010.04.16 14:20:09.614,1.0586,1.05875,1.00,4.00
2010.04.16 14:20:10.863,1.05855,1.0587,9.20,2.40
2010.04.16 14:20:11.668,1.05855,1.0587,8.80,2.40
2010.04.16 14:20:11.934,1.05845,1.05865,11.60,18.00
2010.04.16 14:20:12.183,1.05845,1.05865,6.80,19.60
2010.04.16 14:20:13.012,1.05855,1.05865,1.80,2.40
2010.04.16 14:20:13.356,1.0586,1.05875,2.80,10.10
2010.04.16 14:20:14.293,1.0586,1.05875,5.20,1.60
2010.04.16 14:20:15.191,1.0586,1.0588,5.20,16.00
2010.04.16 14:20:16.302,1.0586,1.05875,1.60,5.70
2010.04.16 14:20:16.656,1.05855,1.0587,6.40,1.60
2010.04.16 14:20:18.042,1.05855,1.0587,6.80,1.60
2010.04.16 14:20:18.712,1.0586,1.05875,5.20,10.80
2010.04.16 14:20:18.903,1.0586,1.05875,5.20,1.60
2010.04.16 14:20:19.105,1.0586,1.05875,1.00,5.50
2010.04.16 14:20:19.830,1.0586,1.05875,1.00,5.10
2010.04.16 14:20:20.165,1.0585,1.0587,16.10,4.80
2010.04.16 14:20:20.488,1.0585,1.0587,15.60,4.80
2010.04.16 14:20:21.374,1.0585,1.0587,15.60,4.80
2010.04.16 14:20:21.724,1.0586,1.05875,5.20,3.40
2010.04.16 14:20:22.071,1.0586,1.0588,5.60,11.30
2010.04.16 14:20:23.268,1.0586,1.0588,5.60,16.10
2010.04.16 14:20:24.967,1.0586,1.05875,1.60,16.00
2010.04.16 14:20:25.148,1.0586,1.05875,1.60,15.60
2010.04.16 14:20:25.508,1.0586,1.05875,1.60,10.80
2010.04.16 14:20:25.857,1.0586,1.05875,1.60,12.40
2010.04.16 14:20:26.037,1.0586,1.05875,4.00,9.90
2010.04.16 14:20:26.840,1.05865,1.05875,4.00,1.00
2010.04.16 14:20:27.181,1.0587,1.0588,4.80,1.00
2010.04.16 14:20:28.358,1.0587,1.05885,6.80,4.90
2010.04.16 14:20:28.685,1.05875,1.05885,2.40,6.80
2010.04.16 14:20:29.004,1.0587,1.05885,4.00,11.90
2010.04.16 14:20:29.792,1.0587,1.05885,1.60,24.70
2010.04.16 14:20:29.998,1.05865,1.05885,4.80,33.70
2010.04.16 14:20:30.208,1.05865,1.0588,5.60,5.60
2010.04.16 14:20:30.958,1.05865,1.0588,4.80,5.60
2010.04.16 14:20:33.445,1.05865,1.05885,7.20,19.80
2010.04.16 14:20:33.768,1.05865,1.05885,7.20,19.40
2010.04.16 14:20:34.146,1.05865,1.05885,6.40,19.40
2010.04.16 14:20:35.156,1.05865,1.0588,6.90,4.80
2010.04.16 14:20:35.417,1.05865,1.05885,8.00,18.50
2010.04.16 14:20:36.051,1.05865,1.05885,9.20,18.50
2010.04.16 14:20:36.299,1.05865,1.05885,8.80,18.50
2010.04.16 14:20:36.790,1.05865,1.05885,8.80,16.10
2010.04.16 14:20:37.431,1.05865,1.05885,8.80,9.70
2010.04.16 14:20:37.782,1.05875,1.05895,3.20,6.40
2010.04.16 14:20:39.656,1.05875,1.0589,4.00,4.00
2010.04.16 14:20:40.443,1.0587,1.05885,2.00,2.40
2010.04.16 14:20:40.705,1.0587,1.0589,9.60,10.40
2010.04.16 14:20:41.308,1.0587,1.05885,4.80,1.00
2010.04.16 14:20:41.616,1.0587,1.05885,4.80,1.70
2010.04.16 14:20:42.809,1.05875,1.05885,1.00,1.90
2010.04.16 14:20:43.106,1.0587,1.05885,4.80,3.30
2010.04.16 14:20:44.216,1.0587,1.05885,3.20,5.20
2010.04.16 14:20:47.761,1.0587,1.05885,1.00,15.90
2010.04.16 14:20:48.017,1.05875,1.05885,1.00,7.10
2010.04.16 14:20:48.264,1.05875,1.05885,1.00,11.90
2010.04.16 14:20:48.765,1.05875,1.05885,1.00,12.30
2010.04.16 14:20:49.716,1.0587,1.05885,1.00,16.30
2010.04.16 14:20:49.864,1.05875,1.05885,1.00,12.60
2010.04.16 14:20:50.144,1.05875,1.05885,1.00,2.50
2010.04.16 14:20:50.437,1.05875,1.05885,1.00,1.00
2010.04.16 14:20:51.198,1.05875,1.05885,1.00,3.20
2010.04.16 14:20:51.392,1.05885,1.0589,1.00,19.20
2010.04.16 14:20:51.593,1.05875,1.05885,7.20,1.00
2010.04.16 14:20:52.546,1.05875,1.05895,13.20,3.20
2010.04.16 14:20:52.896,1.05875,1.0589,1.60,8.80
2010.04.16 14:20:53.800,1.0587,1.05885,4.00,1.00
2010.04.16 14:20:54.481,1.05875,1.0589,1.60,9.60
2010.04.16 14:20:54.609,1.05875,1.0589,1.60,7.60
2010.04.16 14:20:54.740,1.05875,1.0589,1.60,7.20
2010.04.16 14:20:58.153,1.05885,1.05895,1.60,2.20
2010.04.16 14:20:58.378,1.05885,1.059,1.60,2.40
2010.04.16 14:20:59.475,1.05885,1.059,1.60,4.70
2010.04.16 14:20:59.772,1.05885,1.059,1.60,9.50
2010.04.16 14:21:00.070,1.0588,1.059,5.80,8.90
2010.04.16 14:21:02.092,1.0588,1.059,5.60,8.90
2010.04.16 14:21:02.957,1.0588,1.059,5.60,12.10
2010.04.16 14:21:03.309,1.05895,1.0592,1.00,17.10
2010.04.16 14:21:03.657,1.05895,1.0592,3.20,8.10
2010.04.16 14:21:04.577,1.059,1.05915,4.80,1.60
2010.04.16 14:21:04.835,1.059,1.0591,4.00,1.00
2010.04.16 14:21:05.552,1.059,1.0591,1.60,1.00
2010.04.16 14:21:06.036,1.059,1.0592,9.60,4.40
2010.04.16 14:21:06.319,1.05905,1.0592,1.60,4.00
2010.04.16 14:21:07.263,1.05905,1.0592,1.60,4.30
2010.04.16 14:21:07.621,1.059,1.05915,1.60,2.40
2010.04.16 14:21:07.975,1.0589,1.0591,18.80,1.60
2010.04.16 14:21:08.933,1.059,1.05915,4.80,1.60
2010.04.16 14:21:09.876,1.0591,1.0592,2.40,6.40
2010.04.16 14:21:10.104,1.0591,1.05925,4.80,1.60
2010.04.16 14:21:10.443,1.05905,1.0592,2.00,9.90
2010.04.16 14:21:11.318,1.059,1.0592,9.60,8.10
2010.04.16 14:21:11.533,1.059,1.0592,9.60,6.50
2010.04.16 14:21:11.746,1.059,1.0592,9.60,5.70
2010.04.16 14:21:12.669,1.05905,1.0592,1.60,4.00
2010.04.16 14:21:13.011,1.05905,1.05925,4.00,15.50
2010.04.16 14:21:14.290,1.05905,1.05925,4.40,15.50
2010.04.16 14:21:14.582,1.0591,1.0593,4.80,14.80
2010.04.16 14:21:15.223,1.0591,1.0593,4.80,11.20
2010.04.16 14:21:15.484,1.0592,1.05935,3.20,3.30
2010.04.16 14:21:15.738,1.0592,1.05935,3.20,1.60
2010.04.16 14:21:16.658,1.0592,1.0594,4.80,15.30
2010.04.16 14:21:17.347,1.0592,1.05935,2.40,1.60
2010.04.16 14:21:18.081,1.0592,1.0593,2.40,2.30
2010.04.16 14:21:18.402,1.0591,1.0593,4.80,18.50
2010.04.16 14:21:19.225,1.0591,1.05925,4.80,4.80
2010.04.16 14:21:19.378,1.0591,1.0593,4.80,20.70
2010.04.16 14:21:19.673,1.0591,1.0592,3.20,1.00
2010.04.16 14:21:20.250,1.0591,1.0592,1.00,1.00
2010.04.16 14:21:20.605,1.05905,1.0592,1.60,17.40
2010.04.16 14:21:20.948,1.059,1.0592,10.80,18.70
2010.04.16 14:21:21.302,1.059,1.0592,10.00,18.90
2010.04.16 14:21:22.613,1.059,1.0592,10.00,19.10
2010.04.16 14:21:22.729,1.059,1.0592,10.00,17.80
2010.04.16 14:21:22.847,1.059,1.05915,8.80,1.10
2010.04.16 14:21:22.966,1.059,1.05915,4.80,8.30
2010.04.16 14:21:23.625,1.05895,1.05915,8.50,14.70
2010.04.16 14:21:23.968,1.05895,1.0591,7.20,1.90
2010.04.16 14:21:24.314,1.05895,1.0591,6.40,1.90
2010.04.16 14:21:25.223,1.05895,1.0591,3.20,5.50
2010.04.16 14:21:25.438,1.0589,1.05905,2.40,4.00
2010.04.16 14:21:25.841,1.05895,1.0591,5.60,12.00
2010.04.16 14:21:26.420,1.05895,1.0591,5.60,11.60
2010.04.16 14:21:26.762,1.05895,1.05915,12.00,8.80
2010.04.16 14:21:27.235,1.05895,1.05915,16.80,8.80
2010.04.16 14:21:28.161,1.05895,1.05915,12.80,12.80
2010.04.16 14:21:28.511,1.05905,1.0592,1.60,2.40
2010.04.16 14:21:29.862,1.05905,1.0592,1.60,2.70
2010.04.16 14:21:30.032,1.059,1.0592,15.70,5.10
2010.04.16 14:21:30.203,1.059,1.0592,9.60,8.30
2010.04.16 14:21:30.372,1.059,1.05915,4.00,1.00
2010.04.16 14:21:31.049,1.059,1.05915,4.00,1.90
2010.04.16 14:21:31.397,1.059,1.0592,4.00,21.70
2010.04.16 14:21:31.745,1.059,1.0592,6.40,10.50
2010.04.16 14:21:32.418,1.059,1.0592,6.40,8.90
2010.04.16 14:21:32.768,1.05905,1.0592,1.60,4.10
2010.04.16 14:21:33.115,1.05905,1.0592,4.00,1.70
2010.04.16 14:21:33.471,1.0591,1.05925,2.40,3.20
2010.04.16 14:21:36.222,1.0591,1.0592,2.40,1.00
2010.04.16 14:21:37.025,1.0591,1.05925,2.40,3.20
2010.04.16 14:21:37.375,1.0591,1.0593,10.40,12.30
2010.04.16 14:21:37.991,1.0591,1.0593,10.40,11.50
2010.04.16 14:21:38.343,1.0592,1.05935,5.60,6.50
2010.04.16 14:21:38.661,1.0592,1.0594,5.60,15.30
2010.04.16 14:21:39.503,1.0592,1.0594,5.60,15.50
2010.04.16 14:21:39.689,1.05925,1.0594,2.40,4.30
2010.04.16 14:21:41.085,1.05925,1.0594,2.40,9.10
2010.04.16 14:21:42.655,1.05925,1.0594,4.90,1.70
2010.04.16 14:21:43.005,1.0593,1.0594,2.40,1.00
2010.04.16 14:21:43.191,1.0593,1.05945,5.60,9.60
2010.04.16 14:21:43.864,1.0593,1.05945,5.60,4.80
2010.04.16 14:21:44.056,1.05935,1.0595,1.60,9.10
2010.04.16 14:21:45.029,1.05935,1.0595,4.00,7.50
2010.04.16 14:21:45.316,1.05935,1.0595,5.20,5.60
2010.04.16 14:21:46.803,1.05935,1.0595,4.00,12.30
2010.04.16 14:21:47.151,1.05935,1.0595,4.00,8.30
2010.04.16 14:21:48.076,1.0593,1.0595,9.00,16.30
2010.04.16 14:21:48.411,1.0593,1.0595,7.20,16.30
2010.04.16 14:21:49.764,1.0593,1.0595,6.40,16.80
2010.04.16 14:21:50.487,1.0593,1.0595,4.80,16.80
2010.04.16 14:21:51.242,1.0593,1.0595,5.60,16.00
2010.04.16 14:21:51.425,1.0593,1.0595,5.60,11.20
2010.04.16 14:21:51.603,1.0593,1.0595,5.70,11.20
2010.04.16 14:21:52.252,1.0593,1.0595,6.00,11.20
2010.04.16 14:21:52.605,1.0594,1.0596,18.00,9.20
2010.04.16 14:21:53.555,1.05945,1.0596,1.60,4.00
2010.04.16 14:21:53.903,1.05945,1.0596,8.00,3.20
2010.04.16 14:21:54.250,1.05945,1.0596,3.20,3.20
2010.04.16 14:21:55.830,1.05945,1.0596,3.60,1.60
2010.04.16 14:21:56.106,1.0595,1.05965,2.40,2.40
2010.04.16 14:21:56.733,1.0595,1.0597,5.60,18.40
2010.04.16 14:21:56.977,1.0596,1.0598,5.60,12.00
2010.04.16 14:21:57.222,1.0596,1.0598,11.60,9.60
2010.04.16 14:21:58.152,1.0596,1.05975,2.40,1.60
2010.04.16 14:21:58.503,1.0596,1.05975,4.00,1.60
2010.04.16 14:21:59.312,1.0596,1.05975,4.80,1.60
2010.04.16 14:21:59.909,1.0596,1.05975,5.60,1.60
2010.04.16 14:22:00.208,1.0596,1.0598,6.90,8.80
2010.04.16 14:22:01.114,1.0595,1.0597,15.20,6.40
2010.04.16 14:22:01.411,1.0595,1.0597,10.40,6.40
2010.04.16 14:22:02.626,1.05955,1.05975,9.60,22.00
2010.04.16 14:22:02.955,1.05955,1.05975,9.60,22.80
2010.04.16 14:22:03.884,1.05955,1.0597,4.80,1.00
2010.04.16 14:22:08.479,1.05955,1.0597,3.20,2.40
2010.04.16 14:22:08.777,1.0595,1.0596,1.00,3.20
2010.04.16 14:22:09.402,1.05945,1.0596,1.60,3.20
2010.04.16 14:22:09.624,1.0595,1.05965,2.40,3.20
2010.04.16 14:22:09.837,1.0595,1.05965,4.00,1.00
2010.04.16 14:22:10.767,1.0595,1.05965,4.80,1.00
2010.04.16 14:22:11.119,1.0595,1.05965,5.60,1.00
2010.04.16 14:22:12.419,1.0595,1.05965,3.20,11.40
2010.04.16 14:22:12.766,1.05945,1.0596,4.80,5.60
2010.04.16 14:22:13.041,1.05945,1.0596,4.80,1.00
2010.04.16 14:22:13.639,1.05945,1.0596,2.40,3.20
2010.04.16 14:22:13.934,1.05945,1.0596,4.80,5.60
2010.04.16 14:22:14.294,1.05945,1.0596,4.80,4.80
2010.04.16 14:22:14.588,1.05945,1.05965,4.80,28.20
2010.04.16 14:22:16.010,1.05945,1.0596,4.80,1.00
2010.04.16 14:22:17.146,1.05945,1.05965,4.80,27.40
2010.04.16 14:22:17.495,1.05945,1.05965,4.80,20.40
2010.04.16 14:22:17.706,1.05945,1.05965,5.70,12.40
2010.04.16 14:22:18.470,1.05955,1.05965,2.40,1.00
2010.04.16 14:22:19.114,1.05955,1.0597,2.40,14.40
2010.04.16 14:22:19.965,1.05955,1.0597,2.40,15.20
2010.04.16 14:22:20.181,1.05955,1.0597,2.40,14.40
2010.04.16 14:22:21.978,1.0595,1.05965,4.80,8.80
2010.04.16 14:22:22.204,1.0595,1.05965,5.60,4.80
2010.04.16 14:22:22.842,1.0595,1.05965,6.40,4.80
2010.04.16 14:22:23.096,1.05955,1.0597,2.40,14.40
2010.04.16 14:22:23.783,1.05955,1.0597,2.40,13.60
2010.04.16 14:22:24.706,1.05955,1.05975,5.60,25.70
2010.04.16 14:22:24.992,1.05955,1.0597,4.80,1.00
2010.04.16 14:22:25.903,1.05955,1.0597,4.80,1.60
2010.04.16 14:22:26.241,1.05955,1.0597,7.20,6.40
2010.04.16 14:22:28.191,1.05955,1.0597,6.40,6.40
2010.04.16 14:22:28.368,1.0596,1.0597,1.00,6.40
2010.04.16 14:22:29.181,1.05955,1.0597,6.40,6.40
2010.04.16 14:22:29.385,1.05955,1.0597,7.20,6.40
2010.04.16 14:22:30.307,1.05955,1.0597,6.40,6.40
2010.04.16 14:22:35.618,1.0595,1.05965,10.80,5.10
2010.04.16 14:22:35.806,1.0595,1.05965,1.20,23.60
2010.04.16 14:22:36.717,1.0595,1.05965,1.00,27.90
2010.04.16 14:22:36.996,1.0595,1.05965,5.60,3.80
2010.04.16 14:22:38.030,1.0595,1.05965,1.60,21.40
2010.04.16 14:22:38.383,1.05945,1.05965,4.80,23.60
2010.04.16 14:22:39.190,1.05945,1.0596,2.40,4.80
2010.04.16 14:22:39.447,1.05945,1.0596,1.60,8.80
2010.04.16 14:22:39.718,1.0594,1.05955,5.60,1.00
2010.04.16 14:22:40.505,1.0594,1.0596,10.40,11.20
2010.04.16 14:22:40.850,1.0594,1.0596,5.60,16.00
2010.04.16 14:22:41.199,1.0594,1.0596,4.80,16.00
2010.04.16 14:22:42.143,1.0594,1.05955,2.40,6.40
2010.04.16 14:22:42.484,1.0594,1.05955,2.40,7.20
2010.04.16 14:22:44.149,1.0594,1.0596,4.90,16.00
2010.04.16 14:22:45.724,1.0594,1.0596,5.60,16.00
2010.04.16 14:22:46.967,1.0594,1.05955,4.00,1.60
2010.04.16 14:22:47.999,1.0594,1.05955,3.20,1.60
2010.04.16 14:22:48.671,1.0594,1.05955,3.20,1.70
2010.04.16 14:22:50.587,1.05935,1.05955,9.60,6.50
2010.04.16 14:22:50.934,1.05935,1.05955,9.60,7.30
2010.04.16 14:22:52.744,1.05935,1.05955,10.20,6.50
2010.04.16 14:22:54.826,1.05935,1.05955,9.80,6.50
2010.04.16 14:22:56.494,1.0594,1.05955,3.20,6.50
2010.04.16 14:22:56.761,1.0594,1.05955,3.20,1.70
2010.04.16 14:22:58.893,1.0594,1.05955,3.20,1.70
2010.04.16 14:23:02.119,1.0594,1.05955,1.00,8.90
2010.04.16 14:23:02.466,1.0594,1.05955,3.20,1.70
2010.04.16 14:23:03.559,1.0594,1.05955,3.20,1.60
2010.04.16 14:23:04.572,1.0594,1.05955,3.20,6.40
2010.04.16 14:23:05.232,1.0594,1.05955,3.20,14.40
2010.04.16 14:23:05.362,1.05935,1.0595,3.40,2.40
2010.04.16 14:23:06.248,1.0593,1.0595,11.20,10.40
2010.04.16 14:23:07.228,1.0593,1.0595,6.40,10.40
