2010.10.04 05:00:00.688,0.97775,0.978,1.60,2.40
2010.10.04 05:00:02.949,0.97775,0.978,7.20,2.40
2010.10.04 05:00:15.140,0.97775,0.97795,1.60,1.00
2010.10.04 05:00:16.884,0.97775,0.97795,1.60,2.40
2010.10.04 05:00:20.338,0.9777,0.97795,4.80,2.40
2010.10.04 05:00:23.784,0.9777,0.97795,10.40,2.40
2010.10.04 05:00:24.997,0.9777,0.97795,16.00,2.40
2010.10.04 05:00:25.342,0.9777,0.97795,16.00,1.60
2010.10.04 05:00:32.001,0.9777,0.97795,10.40,2.40
2010.10.04 05:00:34.299,0.9777,0.97795,10.40,1.60
2010.10.04 05:00:37.290,0.97775,0.97795,1.60,1.60
2010.10.04 05:00:40.954,0.9777,0.97795,10.40,1.60
2010.10.04 05:00:43.008,0.9777,0.97795,12.00,1.60
2010.10.04 05:00:44.588,0.9777,0.97795,10.40,1.60
2010.10.04 05:00:51.773,0.9777,0.97795,10.40,3.20
2010.10.04 05:01:12.777,0.9777,0.97795,17.60,1.60
2010.10.04 05:01:13.023,0.97775,0.97795,7.20,1.60
2010.10.04 05:01:13.839,0.97775,0.97795,4.00,1.60
2010.10.04 05:01:15.450,0.97775,0.97795,9.60,1.60
2010.10.04 05:01:15.999,0.97775,0.97795,4.00,1.60
2010.10.04 05:01:17.249,0.97775,0.97795,3.20,1.60
2010.10.04 05:01:56.044,0.97775,0.978,5.60,2.40
2010.10.04 05:01:57.049,0.9778,0.978,1.60,2.40
2010.10.04 05:02:00.598,0.97775,0.978,6.40,2.40
2010.10.04 05:02:00.700,0.97775,0.978,6.40,4.80
2010.10.04 05:02:02.482,0.97775,0.97795,5.60,1.00
2010.10.04 05:02:06.497,0.97775,0.97795,5.60,2.40
2010.10.04 05:02:12.040,0.9778,0.97795,1.60,2.40
2010.10.04 05:02:13.810,0.97775,0.97795,5.60,2.40
2010.10.04 05:02:22.619,0.9778,0.97795,1.60,2.40
2010.10.04 05:02:22.989,0.97775,0.97795,5.60,2.40
2010.10.04 05:02:23.239,0.97775,0.97795,3.20,2.40
2010.10.04 05:02:24.511,0.97775,0.97795,5.60,2.40
2010.10.04 05:02:24.765,0.9778,0.97795,1.60,1.60
2010.10.04 05:02:25.933,0.97775,0.97795,12.80,1.60
2010.10.04 05:02:26.101,0.97775,0.97795,4.00,1.60
2010.10.04 05:02:29.791,0.97775,0.978,4.00,2.40
2010.10.04 05:02:38.651,0.9778,0.978,1.60,2.40
2010.10.04 05:02:43.606,0.97775,0.978,10.40,2.40
2010.10.04 05:02:43.953,0.97775,0.978,4.80,2.40
2010.10.04 05:02:45.989,0.9778,0.978,1.60,2.40
2010.10.04 05:02:50.378,0.9778,0.978,3.20,2.40
2010.10.04 05:02:58.311,0.9778,0.978,1.60,2.40
2010.10.04 05:02:58.654,0.97775,0.97795,3.20,2.40
2010.10.04 05:03:00.719,0.97775,0.97795,1.60,2.40
2010.10.04 05:03:05.756,0.97775,0.97795,4.00,2.40
2010.10.04 05:03:05.915,0.97775,0.97795,3.20,2.40
2010.10.04 05:03:10.279,0.97775,0.97795,1.60,2.40
2010.10.04 05:03:13.603,0.9777,0.9779,4.80,1.60
2010.10.04 05:03:42.854,0.97775,0.9779,1.60,1.60
2010.10.04 05:03:51.017,0.9777,0.9779,6.40,1.60
2010.10.04 05:04:20.098,0.97775,0.9779,1.60,1.60
2010.10.04 05:04:36.620,0.9778,0.9779,1.00,1.60
2010.10.04 05:04:36.721,0.9778,0.978,1.40,12.40
2010.10.04 05:04:36.819,0.97785,0.978,1.00,3.20
2010.10.04 05:04:36.920,0.97785,0.978,1.00,1.60
2010.10.04 05:04:37.768,0.97785,0.978,1.40,1.60
2010.10.04 05:04:38.053,0.9779,0.97805,11.20,1.60
2010.10.04 05:04:40.011,0.97785,0.97805,12.60,1.60
2010.10.04 05:04:40.129,0.97785,0.97805,11.00,3.20
2010.10.04 05:04:42.549,0.97785,0.97805,5.40,3.20
2010.10.04 05:04:43.059,0.97785,0.97805,3.00,5.60
2010.10.04 05:04:43.733,0.97785,0.97805,1.40,5.60
2010.10.04 05:04:44.068,0.97785,0.978,1.40,1.60
2010.10.04 05:04:46.645,0.97785,0.978,3.00,1.60
2010.10.04 05:04:49.720,0.97785,0.978,3.00,3.20
2010.10.04 05:04:52.715,0.97785,0.978,3.00,1.60
2010.10.04 05:04:53.022,0.97785,0.97805,5.40,3.20
2010.10.04 05:04:54.108,0.97785,0.97805,3.00,5.60
2010.10.04 05:04:54.446,0.9778,0.978,1.40,5.60
2010.10.04 05:04:54.771,0.9778,0.97795,1.40,1.60
2010.10.04 05:04:56.391,0.9778,0.97795,1.00,1.60
2010.10.04 05:04:57.828,0.9778,0.97795,1.00,1.60
2010.10.04 05:05:01.210,0.9778,0.97795,1.00,3.20
2010.10.04 05:05:08.568,0.9778,0.97795,1.00,5.60
2010.10.04 05:05:08.639,0.97775,0.97795,4.80,6.40
2010.10.04 05:05:09.572,0.97775,0.97795,4.80,6.60
2010.10.04 05:05:13.702,0.97775,0.97795,5.00,6.60
2010.10.04 05:05:24.132,0.97775,0.9779,2.60,2.40
2010.10.04 05:05:24.209,0.97775,0.9779,1.60,3.20
2010.10.04 05:05:24.359,0.97775,0.9779,1.60,4.80
2010.10.04 05:05:24.440,0.9777,0.9779,2.40,4.80
2010.10.04 05:05:24.659,0.9777,0.9779,2.40,6.40
2010.10.04 05:05:26.049,0.9777,0.9779,2.40,6.60
2010.10.04 05:05:41.429,0.97765,0.97785,13.80,3.20
2010.10.04 05:05:41.641,0.97765,0.97785,8.20,3.20
2010.10.04 05:05:42.268,0.97765,0.97785,6.60,4.80
2010.10.04 05:05:44.390,0.97765,0.97785,6.60,5.00
2010.10.04 05:06:32.338,0.9777,0.97785,2.40,2.60
2010.10.04 05:06:32.499,0.9777,0.97785,2.40,2.40
2010.10.04 05:06:32.519,0.9777,0.97785,2.40,1.60
2010.10.04 05:06:33.234,0.9777,0.9779,2.40,6.60
2010.10.04 05:06:34.049,0.9777,0.9779,2.40,6.40
2010.10.04 05:06:38.019,0.9777,0.9779,2.40,6.60
2010.10.04 05:06:52.629,0.9777,0.9779,2.40,6.40
2010.10.04 05:06:58.379,0.97765,0.9779,19.80,6.40
2010.10.04 05:06:59.215,0.9777,0.9779,2.40,6.40
2010.10.04 05:07:03.232,0.97765,0.9779,19.80,6.40
2010.10.04 05:07:04.040,0.9777,0.9779,2.40,6.40
2010.10.04 05:07:22.262,0.97775,0.97795,3.20,8.00
2010.10.04 05:07:23.254,0.9778,0.978,2.40,6.40
2010.10.04 05:07:23.413,0.97785,0.978,1.00,4.00
2010.10.04 05:07:24.100,0.97785,0.978,2.60,1.00
2010.10.04 05:07:24.411,0.97785,0.97805,3.40,8.20
2010.10.04 05:07:27.579,0.97785,0.97805,1.00,8.20
2010.10.04 05:07:36.435,0.97785,0.978,1.00,1.60
2010.10.04 05:07:36.589,0.97785,0.97805,1.00,9.00
2010.10.04 05:07:37.817,0.97775,0.97795,5.00,6.60
2010.10.04 05:07:41.396,0.97775,0.97795,6.60,5.00
2010.10.04 05:07:41.850,0.97775,0.97795,5.00,6.60
2010.10.04 05:07:42.010,0.97775,0.97795,6.60,5.00
2010.10.04 05:07:42.170,0.97775,0.97795,5.00,6.60
2010.10.04 05:07:45.974,0.97775,0.97795,6.60,5.00
2010.10.04 05:07:46.470,0.97775,0.97795,5.00,6.60
2010.10.04 05:07:46.728,0.97775,0.97795,6.60,5.00
2010.10.04 05:07:47.704,0.97775,0.97795,5.00,6.60
2010.10.04 05:07:51.455,0.97775,0.97795,6.60,5.00
2010.10.04 05:07:51.635,0.97775,0.97795,7.00,1.60
2010.10.04 05:07:53.845,0.97775,0.97795,8.60,1.60
2010.10.04 05:07:54.448,0.97775,0.97795,14.20,1.60
2010.10.04 05:07:55.412,0.9778,0.97795,1.00,1.60
2010.10.04 05:07:56.956,0.97775,0.97795,14.20,1.60
2010.10.04 05:07:59.589,0.97775,0.97795,19.80,1.60
2010.10.04 05:08:01.645,0.9778,0.97795,2.40,1.60
2010.10.04 05:08:01.905,0.9778,0.97795,4.80,1.60
2010.10.04 05:08:02.822,0.9778,0.97795,10.40,1.60
2010.10.04 05:08:03.819,0.9778,0.97795,4.80,1.60
2010.10.04 05:08:05.721,0.9778,0.97795,5.40,1.60
2010.10.04 05:08:05.890,0.97785,0.97795,1.00,1.60
2010.10.04 05:08:06.059,0.97785,0.97805,4.80,3.20
2010.10.04 05:08:06.220,0.97785,0.97805,5.40,3.20
2010.10.04 05:08:06.489,0.97785,0.97805,7.00,3.20
2010.10.04 05:08:14.501,0.97785,0.97805,5.40,3.20
2010.10.04 05:08:15.298,0.97785,0.97805,3.00,5.60
2010.10.04 05:08:16.049,0.97785,0.978,3.00,1.60
2010.10.04 05:08:17.598,0.97785,0.978,2.60,1.60
2010.10.04 05:08:17.619,0.97785,0.978,1.00,1.60
2010.10.04 05:08:22.619,0.97785,0.978,12.20,1.60
2010.10.04 05:08:27.850,0.97785,0.97795,12.20,2.40
2010.10.04 05:08:27.941,0.97785,0.97795,5.60,3.20
2010.10.04 05:08:28.030,0.97785,0.978,1.00,1.80
2010.10.04 05:08:28.120,0.97785,0.978,1.00,3.40
2010.10.04 05:08:28.211,0.9778,0.978,7.20,6.60
2010.10.04 05:08:28.300,0.9778,0.978,5.60,6.60
2010.10.04 05:08:28.389,0.9778,0.978,11.20,6.60
2010.10.04 05:08:28.479,0.9778,0.978,5.60,6.60
2010.10.04 05:08:28.569,0.97775,0.978,19.80,6.60
2010.10.04 05:08:32.340,0.9778,0.978,1.00,5.60
2010.10.04 05:08:34.803,0.9778,0.978,1.00,5.60
2010.10.04 05:08:51.299,0.9778,0.978,1.00,4.00
2010.10.04 05:08:53.530,0.9778,0.978,1.00,5.60
2010.10.04 05:08:54.048,0.9778,0.978,6.40,5.60
2010.10.04 05:09:10.970,0.9778,0.978,5.40,1.60
2010.10.04 05:09:11.217,0.9778,0.978,11.00,1.60
2010.10.04 05:09:13.380,0.9778,0.978,10.60,1.60
2010.10.04 05:09:27.874,0.9778,0.978,10.40,1.60
2010.10.04 05:09:28.844,0.9778,0.978,12.00,1.60
2010.10.04 05:09:31.499,0.97785,0.978,1.60,1.60
2010.10.04 05:09:31.896,0.9779,0.97805,1.60,2.40
2010.10.04 05:09:32.771,0.978,0.9781,1.00,1.60
2010.10.04 05:09:33.113,0.978,0.9782,3.20,3.20
2010.10.04 05:09:33.961,0.978,0.9782,1.00,5.60
2010.10.04 05:09:36.117,0.978,0.9782,8.80,3.20
2010.10.04 05:09:36.461,0.978,0.9782,1.00,5.60
2010.10.04 05:09:40.391,0.97795,0.97815,7.20,1.60
2010.10.04 05:09:40.551,0.97795,0.97815,1.60,1.60
2010.10.04 05:09:43.329,0.97795,0.97815,1.60,3.20
2010.10.04 05:09:45.323,0.97795,0.97815,1.60,4.00
2010.10.04 05:09:50.329,0.9779,0.97815,17.60,4.00
2010.10.04 05:10:15.225,0.9779,0.97815,16.00,4.00
2010.10.04 05:10:15.413,0.9779,0.97815,10.40,4.00
2010.10.04 05:10:15.593,0.9779,0.9781,10.40,1.60
2010.10.04 05:10:16.475,0.9779,0.97815,12.00,4.00
2010.10.04 05:10:16.827,0.9779,0.9781,4.80,3.20
2010.10.04 05:10:21.860,0.9779,0.9781,10.40,3.20
2010.10.04 05:10:24.034,0.9779,0.9781,12.00,1.60
2010.10.04 05:10:24.315,0.9779,0.9781,17.60,1.60
2010.10.04 05:10:27.722,0.9779,0.9781,10.40,1.60
2010.10.04 05:10:28.159,0.9779,0.9781,10.40,3.20
2010.10.04 05:10:45.444,0.9779,0.9781,9.60,3.20
2010.10.04 05:11:09.882,0.9779,0.9781,11.20,1.60
2010.10.04 05:11:10.710,0.9779,0.9781,16.80,1.60
2010.10.04 05:11:10.909,0.9779,0.9781,17.60,1.60
2010.10.04 05:11:14.922,0.978,0.9781,1.00,1.60
2010.10.04 05:11:14.994,0.978,0.97815,1.00,1.60
2010.10.04 05:11:15.060,0.978,0.9782,1.00,5.60
2010.10.04 05:11:45.773,0.97805,0.97825,1.40,5.60
2010.10.04 05:11:55.066,0.97805,0.97825,3.00,5.60
2010.10.04 05:12:00.162,0.97805,0.97825,3.00,4.00
2010.10.04 05:12:01.875,0.97805,0.97825,4.60,4.00
2010.10.04 05:12:03.710,0.97805,0.97825,3.00,4.00
2010.10.04 05:12:03.971,0.97805,0.9783,7.00,8.00
2010.10.04 05:12:04.682,0.97805,0.9783,7.00,7.20
2010.10.04 05:12:04.987,0.9781,0.9783,1.00,7.20
2010.10.04 05:12:15.717,0.9781,0.9783,1.00,8.00
2010.10.04 05:12:15.817,0.97805,0.9783,8.60,8.00
2010.10.04 05:12:16.129,0.97805,0.97825,8.60,1.60
2010.10.04 05:12:17.100,0.97805,0.97825,7.00,1.60
2010.10.04 05:12:17.920,0.97805,0.97825,3.00,4.00
2010.10.04 05:12:20.169,0.97805,0.97825,1.40,4.00
2010.10.04 05:12:35.998,0.97805,0.97825,1.40,5.60
2010.10.04 05:13:34.568,0.97805,0.97825,3.00,5.60
2010.10.04 05:13:41.608,0.97805,0.97825,1.40,5.60
2010.10.04 05:13:42.668,0.97805,0.97825,3.00,5.60
2010.10.04 05:13:47.214,0.97805,0.97825,1.40,5.60
2010.10.04 05:13:48.520,0.97805,0.97825,3.00,5.60
2010.10.04 05:13:51.529,0.97805,0.97825,1.40,5.60
2010.10.04 05:14:15.229,0.9781,0.97825,1.00,5.60
2010.10.04 05:14:38.710,0.97805,0.97825,12.60,5.60
2010.10.04 05:14:39.494,0.97805,0.97825,11.80,7.20
2010.10.04 05:14:39.674,0.97805,0.9782,5.60,5.60
2010.10.04 05:14:39.863,0.978,0.9782,12.00,5.60
2010.10.04 05:14:40.595,0.978,0.9782,11.20,5.60
2010.10.04 05:14:40.942,0.97795,0.9781,14.40,2.40
2010.10.04 05:14:41.292,0.9779,0.97805,5.60,2.40
2010.10.04 05:14:41.994,0.97785,0.97805,15.20,2.40
2010.10.04 05:14:42.338,0.97785,0.97805,3.20,15.20
2010.10.04 05:14:44.047,0.97785,0.97805,1.60,7.20
2010.10.04 05:14:44.146,0.97785,0.97805,7.20,7.20
2010.10.04 05:14:44.242,0.97785,0.97805,1.60,12.80
2010.10.04 05:14:45.760,0.97785,0.97805,1.60,15.20
2010.10.04 05:14:47.241,0.97785,0.97805,7.20,7.20
2010.10.04 05:14:47.804,0.97785,0.97805,7.20,9.60
2010.10.04 05:14:48.788,0.97785,0.97805,1.60,15.20
2010.10.04 05:14:50.680,0.9778,0.97805,14.40,15.20
2010.10.04 05:14:50.972,0.97785,0.978,1.60,1.60
2010.10.04 05:14:55.115,0.9778,0.978,12.80,1.60
2010.10.04 05:14:57.277,0.9778,0.97795,1.60,1.60
2010.10.04 05:14:58.354,0.9778,0.97795,5.60,1.60
2010.10.04 05:14:59.940,0.97775,0.97795,15.20,1.60
2010.10.04 05:15:02.411,0.97775,0.97795,17.60,1.60
2010.10.04 05:15:03.319,0.9778,0.97795,5.60,1.60
2010.10.04 05:16:03.334,0.9778,0.97795,7.20,1.60
2010.10.04 05:16:05.589,0.9778,0.97795,12.80,1.60
2010.10.04 05:16:09.681,0.9778,0.97795,5.60,1.60
2010.10.04 05:16:09.814,0.97775,0.97795,15.20,1.60
2010.10.04 05:16:10.906,0.97775,0.97795,13.60,4.00
2010.10.04 05:16:51.692,0.9778,0.978,8.00,11.20
2010.10.04 05:16:51.903,0.9778,0.978,9.60,7.20
2010.10.04 05:16:52.111,0.9778,0.978,16.00,1.60
2010.10.04 05:16:52.972,0.9778,0.978,17.60,1.60
2010.10.04 05:17:03.063,0.97785,0.978,12.80,1.60
2010.10.04 05:17:07.884,0.97785,0.978,11.20,1.60
2010.10.04 05:17:24.776,0.97785,0.978,11.20,4.00
2010.10.04 05:17:24.932,0.9778,0.9779,11.20,2.40
2010.10.04 05:17:25.095,0.97775,0.9779,13.60,2.40
2010.10.04 05:17:26.098,0.97775,0.97795,13.60,1.60
2010.10.04 05:17:26.415,0.97775,0.97795,15.20,1.60
2010.10.04 05:17:29.430,0.97775,0.97795,13.60,1.60
2010.10.04 05:17:29.469,0.97775,0.97795,13.60,3.20
2010.10.04 05:17:30.206,0.97775,0.9779,12.00,2.40
2010.10.04 05:17:30.870,0.97775,0.9779,13.60,2.40
2010.10.04 05:17:31.200,0.97775,0.9779,12.00,2.40
2010.10.04 05:17:33.711,0.97775,0.9779,13.60,2.40
2010.10.04 05:17:33.820,0.9778,0.9779,5.60,2.40
2010.10.04 05:17:33.930,0.9778,0.97795,5.60,4.00
2010.10.04 05:17:34.690,0.9778,0.97795,6.40,4.00
2010.10.04 05:17:55.499,0.9778,0.97795,5.60,4.00
2010.10.04 05:17:55.570,0.9778,0.97795,5.60,4.40
2010.10.04 05:17:55.644,0.9778,0.97795,5.60,6.00
2010.10.04 05:17:56.410,0.97775,0.97795,11.20,4.80
2010.10.04 05:17:56.684,0.9778,0.97795,1.60,8.00
2010.10.04 05:17:57.733,0.9778,0.97795,1.60,2.40
2010.10.04 05:18:01.030,0.9778,0.97795,1.60,1.00
2010.10.04 05:18:04.239,0.97785,0.97795,1.60,1.00
2010.10.04 05:18:11.028,0.9778,0.978,8.80,8.00
2010.10.04 05:18:11.132,0.97785,0.978,1.60,2.40
2010.10.04 05:18:12.134,0.97785,0.978,1.60,8.00
2010.10.04 05:18:22.041,0.97785,0.978,1.60,13.60
2010.10.04 05:18:31.467,0.97785,0.978,1.60,8.00
2010.10.04 05:18:37.180,0.97785,0.978,1.60,13.60
2010.10.04 05:18:44.360,0.97785,0.978,1.60,8.00
2010.10.04 05:18:47.641,0.97785,0.978,1.60,13.60
2010.10.04 05:18:56.934,0.9778,0.978,3.20,13.60
2010.10.04 05:19:03.351,0.9778,0.97795,3.20,1.00
2010.10.04 05:19:05.131,0.97785,0.978,1.60,13.60
2010.10.04 05:19:15.141,0.9778,0.978,3.20,13.60
2010.10.04 05:19:16.518,0.9778,0.978,8.80,7.20
2010.10.04 05:19:19.321,0.9778,0.978,3.20,12.80
2010.10.04 05:19:19.610,0.9778,0.978,1.60,12.80
2010.10.04 05:19:26.534,0.97775,0.978,14.40,12.80
2010.10.04 05:19:26.855,0.97775,0.978,15.20,12.80
2010.10.04 05:19:30.492,0.97775,0.978,16.80,12.80
2010.10.04 05:19:30.590,0.9778,0.978,1.60,12.80
2010.10.04 05:19:31.344,0.9778,0.978,7.20,1.60
2010.10.04 05:19:31.687,0.9778,0.978,15.20,1.60
2010.10.04 05:19:32.032,0.9778,0.978,13.60,1.60
2010.10.04 05:19:37.520,0.9778,0.978,12.80,1.60
2010.10.04 05:19:38.447,0.9778,0.978,12.80,3.20
2010.10.04 05:19:38.730,0.9778,0.97805,13.60,16.80
2010.10.04 05:19:39.865,0.9778,0.978,7.20,5.60
2010.10.04 05:19:40.152,0.9778,0.978,1.60,11.20
2010.10.04 05:19:43.252,0.97785,0.97805,3.20,12.80
2010.10.04 05:19:43.599,0.9779,0.97805,1.60,1.00
2010.10.04 05:19:59.670,0.9779,0.9781,1.60,13.60
2010.10.04 05:20:00.659,0.9779,0.9781,1.60,15.20
2010.10.04 05:20:02.061,0.97785,0.9781,16.00,15.20
2010.10.04 05:20:03.217,0.97785,0.9781,16.80,15.20
2010.10.04 05:20:03.684,0.97785,0.9781,16.80,13.60
2010.10.04 05:20:06.286,0.97785,0.97805,16.00,1.00
2010.10.04 05:20:06.481,0.9779,0.97805,5.60,1.00
2010.10.04 05:20:07.404,0.9779,0.9781,13.60,1.00
2010.10.04 05:20:07.644,0.97795,0.97815,5.60,8.80
2010.10.04 05:20:07.884,0.97795,0.97815,6.40,7.20
2010.10.04 05:20:08.771,0.978,0.97815,11.20,1.60
2010.10.04 05:20:10.867,0.978,0.9782,11.20,1.60
2010.10.04 05:20:34.402,0.978,0.97805,11.20,2.40
2010.10.04 05:20:34.642,0.978,0.97815,13.60,2.00
2010.10.04 05:20:34.722,0.97805,0.97815,5.60,2.00
2010.10.04 05:20:34.802,0.97805,0.97815,5.60,1.60
2010.10.04 05:20:34.882,0.978,0.9782,11.20,6.40
2010.10.04 05:20:34.961,0.978,0.9782,11.20,1.60
2010.10.04 05:20:35.202,0.978,0.97815,11.20,1.60
2010.10.04 05:20:40.641,0.978,0.9782,11.20,1.60
2010.10.04 05:21:10.315,0.978,0.97815,11.20,1.60
2010.10.04 05:21:10.441,0.978,0.9781,11.20,1.60
2010.10.04 05:21:14.841,0.978,0.97815,11.20,1.60
2010.10.04 05:21:20.336,0.978,0.9782,11.20,1.60
2010.10.04 05:21:27.385,0.978,0.9782,12.80,1.60
2010.10.04 05:21:27.651,0.978,0.9782,11.20,1.60
2010.10.04 05:22:20.510,0.97795,0.9782,6.00,1.60
2010.10.04 05:22:27.714,0.978,0.9782,1.60,1.60
2010.10.04 05:22:29.413,0.978,0.9782,11.20,1.60
2010.10.04 05:22:33.600,0.97795,0.9782,17.20,1.60
2010.10.04 05:22:33.850,0.97795,0.9782,16.80,1.60
2010.10.04 05:22:36.975,0.97795,0.9782,16.00,1.60
2010.10.04 05:22:37.994,0.97795,0.9782,16.80,1.60
2010.10.04 05:23:05.992,0.97795,0.9782,16.00,1.60
2010.10.04 05:23:22.060,0.97795,0.9782,16.80,1.60
2010.10.04 05:23:23.271,0.97795,0.9782,16.00,1.60
2010.10.04 05:23:31.471,0.97795,0.9782,16.80,1.60
2010.10.04 05:23:34.704,0.97795,0.9782,16.00,1.60
2010.10.04 05:23:37.621,0.97795,0.9782,16.80,1.60
2010.10.04 05:23:58.830,0.97795,0.9782,16.00,1.60
2010.10.04 05:24:04.063,0.97795,0.9782,16.80,1.60
2010.10.04 05:24:09.034,0.9781,0.9782,1.60,4.80
2010.10.04 05:24:09.249,0.9781,0.9782,2.40,1.00
2010.10.04 05:24:10.131,0.97805,0.97825,1.80,1.60
2010.10.04 05:24:11.034,0.97805,0.97825,1.60,1.60
2010.10.04 05:24:11.331,0.9782,0.97825,2.40,1.60
2010.10.04 05:24:11.634,0.9782,0.97835,2.40,1.00
2010.10.04 05:24:11.742,0.9782,0.9783,2.40,1.00
2010.10.04 05:24:12.771,0.9782,0.9784,2.40,3.20
2010.10.04 05:24:15.212,0.9782,0.9784,3.20,3.20
2010.10.04 05:24:20.625,0.9782,0.9784,3.20,1.60
2010.10.04 05:24:20.860,0.9782,0.9784,4.80,1.60
2010.10.04 05:24:28.723,0.9782,0.9784,10.40,1.60
2010.10.04 05:24:29.012,0.9782,0.9784,4.80,1.60
2010.10.04 05:24:29.581,0.9782,0.9784,10.40,1.60
2010.10.04 05:24:35.041,0.9782,0.9784,4.80,1.60
2010.10.04 05:24:35.532,0.9782,0.9784,4.80,4.00
2010.10.04 05:24:36.623,0.9782,0.9784,3.20,1.60
2010.10.04 05:24:36.832,0.9782,0.97845,8.80,3.20
2010.10.04 05:24:37.857,0.9782,0.97845,3.20,3.20
2010.10.04 05:24:38.976,0.9782,0.97845,3.20,4.00
2010.10.04 05:24:40.771,0.9782,0.9784,3.20,1.60
2010.10.04 05:24:41.893,0.9782,0.9784,3.20,3.20
2010.10.04 05:24:41.994,0.9782,0.9784,3.20,5.60
2010.10.04 05:24:45.304,0.9782,0.9784,3.20,3.20
2010.10.04 05:24:47.543,0.9782,0.9784,14.40,3.20
2010.10.04 05:25:00.675,0.9782,0.9784,16.00,3.20
2010.10.04 05:25:09.301,0.9782,0.9784,16.20,3.20
2010.10.04 05:25:09.501,0.97825,0.9784,1.00,3.20
2010.10.04 05:25:10.892,0.9782,0.9784,16.20,3.20
2010.10.04 05:25:11.721,0.9782,0.9784,16.00,3.20
2010.10.04 05:25:11.793,0.97825,0.9784,1.00,3.20
2010.10.04 05:25:19.041,0.97825,0.9784,6.40,3.20
2010.10.04 05:25:33.633,0.97825,0.9784,6.40,1.60
2010.10.04 05:25:36.041,0.97825,0.9784,1.00,1.60
2010.10.04 05:25:47.984,0.97825,0.9784,1.00,3.20
2010.10.04 05:26:14.101,0.97825,0.9784,5.60,3.20
2010.10.04 05:26:14.261,0.9782,0.9784,16.00,3.20
2010.10.04 05:26:14.401,0.97825,0.9784,5.60,3.20
2010.10.04 05:26:14.470,0.97825,0.9784,11.20,3.20
2010.10.04 05:26:15.415,0.97825,0.9784,5.60,1.60
2010.10.04 05:26:15.526,0.9782,0.9784,17.60,1.60
2010.10.04 05:26:15.635,0.97825,0.9784,11.20,3.20
2010.10.04 05:26:16.141,0.97825,0.9784,5.60,3.20
2010.10.04 05:26:17.131,0.97825,0.9784,11.20,3.20
2010.10.04 05:26:18.052,0.97825,0.9784,5.60,3.20
2010.10.04 05:26:19.872,0.9782,0.9784,16.00,3.20
2010.10.04 05:26:22.194,0.9782,0.9784,17.60,1.60
2010.10.04 05:26:22.332,0.9782,0.9784,16.00,1.60
2010.10.04 05:26:25.171,0.9782,0.9784,17.60,1.60
2010.10.04 05:26:26.017,0.9782,0.9784,16.00,1.60
2010.10.04 05:26:40.203,0.9782,0.9784,16.20,1.60
2010.10.04 05:26:40.915,0.97835,0.9784,1.00,1.60
2010.10.04 05:26:40.982,0.97845,0.9786,1.00,1.60
2010.10.04 05:26:41.223,0.97845,0.9786,6.40,1.60
2010.10.04 05:26:41.401,0.97845,0.9786,6.40,3.20
2010.10.04 05:26:42.428,0.97845,0.9786,5.60,1.60
2010.10.04 05:26:43.435,0.9784,0.9786,15.20,3.20
2010.10.04 05:26:43.762,0.9784,0.9786,13.60,3.20
2010.10.04 05:26:44.092,0.9784,0.9786,15.20,3.20
2010.10.04 05:26:52.572,0.9784,0.9786,13.60,3.20
2010.10.04 05:26:53.081,0.9784,0.9786,15.20,3.20
2010.10.04 05:27:02.034,0.9784,0.97865,16.80,15.20
2010.10.04 05:27:03.369,0.9784,0.97865,15.20,17.60
2010.10.04 05:27:03.719,0.9784,0.9786,15.20,1.60
2010.10.04 05:27:05.936,0.9784,0.9786,11.20,5.60
2010.10.04 05:27:06.092,0.9784,0.9786,13.60,1.60
2010.10.04 05:27:06.239,0.9784,0.9786,15.20,1.60
2010.10.04 05:27:06.382,0.9784,0.9786,16.80,1.60
2010.10.04 05:27:08.701,0.9784,0.97865,16.80,15.20
2010.10.04 05:27:10.412,0.9784,0.9786,16.80,1.00
2010.10.04 05:27:10.723,0.9784,0.9786,11.20,8.80
2010.10.04 05:27:11.756,0.9784,0.9786,9.60,10.40
2010.10.04 05:27:15.064,0.9784,0.9786,9.60,12.00
2010.10.04 05:27:22.333,0.97845,0.9786,2.40,5.60
2010.10.04 05:27:22.523,0.9784,0.9786,12.60,8.00
2010.10.04 05:27:22.715,0.9784,0.9786,11.20,3.20
2010.10.04 05:27:23.738,0.9784,0.9786,11.20,4.80
2010.10.04 05:27:26.437,0.9784,0.9786,11.20,10.40
2010.10.04 05:27:27.544,0.9784,0.9786,9.60,12.00
2010.10.04 05:27:30.793,0.9784,0.9786,9.60,6.40
2010.10.04 05:27:39.642,0.9784,0.9786,11.20,4.80
2010.10.04 05:27:40.792,0.9784,0.9786,11.20,10.40
2010.10.04 05:27:48.172,0.9784,0.9786,11.20,16.00
2010.10.04 05:27:48.301,0.9784,0.9786,5.60,16.00
2010.10.04 05:28:22.813,0.9784,0.9786,5.60,15.20
2010.10.04 05:28:29.664,0.9784,0.9786,4.00,16.80
2010.10.04 05:28:29.781,0.9784,0.9786,4.00,15.20
2010.10.04 05:28:30.081,0.9784,0.9786,4.00,16.80
2010.10.04 05:28:31.021,0.9784,0.9786,4.00,15.20
2010.10.04 05:28:35.398,0.9784,0.9786,4.00,16.80
2010.10.04 05:28:35.525,0.9784,0.9786,4.00,15.20
2010.10.04 05:28:35.651,0.9784,0.9786,5.60,15.20
2010.10.04 05:28:39.950,0.97845,0.9786,1.00,15.20
2010.10.04 05:28:41.608,0.97845,0.9786,1.00,16.00
2010.10.04 05:28:41.648,0.9784,0.9786,5.60,16.00
2010.10.04 05:29:40.222,0.9784,0.97855,5.60,1.00
2010.10.04 05:29:40.371,0.97835,0.97855,18.40,3.20
2010.10.04 05:29:40.611,0.97835,0.97855,18.40,4.80
2010.10.04 05:29:40.751,0.97835,0.97855,18.60,4.80
2010.10.04 05:29:43.341,0.97835,0.97855,18.60,5.00
2010.10.04 05:29:43.622,0.97835,0.97855,7.40,5.00
2010.10.04 05:30:02.116,0.97835,0.97855,7.40,16.20
2010.10.04 05:30:11.032,0.97835,0.97855,5.80,17.80
2010.10.04 05:30:11.541,0.97835,0.97855,7.40,17.80
2010.10.04 05:30:12.906,0.9784,0.97855,2.40,14.60
2010.10.04 05:30:13.254,0.9784,0.9786,2.40,17.60
2010.10.04 05:30:14.236,0.9784,0.9786,4.00,17.60
2010.10.04 05:30:14.536,0.9784,0.9786,4.00,17.80
2010.10.04 05:30:20.235,0.9784,0.97855,1.60,1.00
2010.10.04 05:30:21.391,0.9784,0.9786,1.60,17.80
2010.10.04 05:30:23.683,0.9784,0.9786,1.60,17.60
2010.10.04 05:30:25.763,0.9784,0.9786,1.60,17.80
2010.10.04 05:30:26.102,0.9784,0.97855,1.60,7.20
2010.10.04 05:30:33.464,0.97835,0.97855,1.60,12.80
2010.10.04 05:30:38.607,0.97835,0.97855,4.00,12.80
2010.10.04 05:30:38.779,0.97835,0.97855,5.60,11.20
2010.10.04 05:30:38.954,0.97835,0.97855,11.20,5.60
2010.10.04 05:30:53.463,0.97835,0.97855,1.60,12.80
2010.10.04 05:31:00.419,0.97835,0.97855,7.20,12.80
2010.10.04 05:31:00.582,0.97835,0.97855,7.20,7.20
2010.10.04 05:31:01.699,0.97835,0.97855,1.60,12.80
2010.10.04 05:31:03.984,0.97835,0.97855,1.60,13.60
2010.10.04 05:31:05.712,0.9784,0.97855,2.40,13.60
2010.10.04 05:31:05.812,0.9784,0.97855,2.40,7.20
2010.10.04 05:31:05.912,0.9784,0.97855,2.40,1.60
2010.10.04 05:31:06.012,0.9784,0.9786,2.40,17.60
2010.10.04 05:31:07.103,0.9784,0.9786,4.00,17.60
2010.10.04 05:31:15.335,0.97845,0.9786,1.60,12.00
2010.10.04 05:31:15.503,0.97845,0.9786,1.60,14.40
2010.10.04 05:31:15.674,0.9784,0.9786,5.60,14.40
2010.10.04 05:31:17.392,0.9784,0.9786,5.60,16.00
2010.10.04 05:31:27.634,0.9784,0.9786,4.00,17.60
2010.10.04 05:31:28.151,0.9784,0.9786,5.60,16.00
2010.10.04 05:31:28.692,0.9784,0.9786,4.00,17.60
2010.10.04 05:31:45.683,0.9784,0.9786,5.60,16.00
2010.10.04 05:31:52.958,0.9784,0.9786,4.00,17.60
2010.10.04 05:31:57.232,0.9784,0.9786,5.60,16.00
2010.10.04 05:32:02.991,0.9784,0.9786,4.00,17.60
2010.10.04 05:32:06.171,0.9784,0.9786,5.60,16.00
2010.10.04 05:32:10.312,0.9784,0.9786,5.60,16.60
2010.10.04 05:32:10.552,0.9784,0.9786,4.00,18.20
2010.10.04 05:32:12.988,0.9784,0.9786,4.00,17.80
2010.10.04 05:32:14.612,0.9784,0.9786,4.00,17.60
2010.10.04 05:32:14.792,0.9784,0.9786,1.60,17.60
2010.10.04 05:32:15.151,0.97835,0.9786,18.40,17.80
2010.10.04 05:32:34.002,0.97835,0.9786,18.40,16.20
2010.10.04 05:32:34.402,0.97835,0.9786,18.40,16.00
2010.10.04 05:32:34.501,0.97835,0.9786,18.40,17.60
2010.10.04 05:32:35.764,0.97835,0.9786,18.40,16.00
2010.10.04 05:32:42.848,0.97835,0.9786,18.40,17.60
2010.10.04 05:32:48.292,0.97835,0.9786,18.40,25.60
2010.10.04 05:32:48.624,0.97835,0.9785,8.80,1.00
2010.10.04 05:32:49.280,0.97835,0.9785,3.20,1.00
2010.10.04 05:32:49.496,0.9783,0.9785,12.80,6.40
2010.10.04 05:32:50.472,0.9783,0.9785,18.40,6.40
2010.10.04 05:32:50.613,0.97835,0.9785,1.60,1.00
2010.10.04 05:32:51.376,0.97835,0.9785,4.00,1.00
2010.10.04 05:32:51.538,0.97835,0.9785,1.60,12.00
2010.10.04 05:32:52.202,0.97835,0.9785,1.60,6.40
2010.10.04 05:32:57.741,0.97835,0.9785,1.60,8.80
2010.10.04 05:32:58.681,0.9783,0.9785,12.00,8.80
2010.10.04 05:33:24.627,0.9783,0.9785,5.60,14.40
2010.10.04 05:33:25.572,0.9783,0.9785,4.00,16.00
2010.10.04 05:33:32.662,0.9783,0.9785,5.60,14.40
2010.10.04 05:33:32.784,0.9783,0.9785,4.00,13.60
2010.10.04 05:33:33.575,0.9783,0.9785,6.40,12.00
2010.10.04 05:33:33.836,0.9783,0.9785,6.40,14.40
2010.10.04 05:33:34.093,0.9783,0.9785,17.60,3.20
2010.10.04 05:33:40.448,0.9783,0.9785,16.00,4.80
2010.10.04 05:33:48.463,0.9783,0.9785,16.00,4.00
2010.10.04 05:33:59.365,0.97835,0.97855,3.40,19.20
2010.10.04 05:34:00.126,0.97835,0.97855,5.00,19.20
2010.10.04 05:34:00.652,0.97835,0.97855,5.00,19.40
2010.10.04 05:34:06.761,0.97835,0.97855,3.40,19.40
2010.10.04 05:34:06.962,0.97835,0.97855,5.00,19.40
2010.10.04 05:34:18.841,0.97835,0.97855,3.40,19.40
2010.10.04 05:34:27.832,0.97835,0.97855,9.00,19.40
2010.10.04 05:34:27.862,0.97835,0.97855,9.00,13.80
2010.10.04 05:34:27.982,0.97835,0.97855,3.40,13.80
2010.10.04 05:34:28.012,0.97835,0.97855,3.40,19.40
2010.10.04 05:34:36.455,0.97835,0.97855,5.00,19.40
2010.10.04 05:34:48.684,0.9783,0.9785,9.60,6.40
2010.10.04 05:34:49.905,0.9783,0.9785,15.20,6.60
2010.10.04 05:34:50.242,0.9783,0.9785,9.60,12.20
2010.10.04 05:34:50.585,0.9783,0.9785,4.00,17.80
2010.10.04 05:34:53.332,0.9783,0.9785,5.60,16.20
2010.10.04 05:34:53.505,0.97835,0.9785,3.20,7.20
2010.10.04 05:34:53.674,0.9783,0.9785,9.60,16.00
2010.10.04 05:34:54.013,0.9783,0.9785,4.00,17.60
2010.10.04 05:34:54.968,0.9783,0.9785,4.00,17.80
2010.10.04 05:35:01.151,0.9783,0.9785,4.00,16.20
2010.10.04 05:35:03.044,0.9783,0.97845,4.00,1.60
2010.10.04 05:35:03.362,0.9783,0.9785,4.00,16.20
2010.10.04 05:35:06.465,0.9783,0.9785,9.60,6.60
2010.10.04 05:35:06.722,0.9783,0.9785,4.00,17.80
2010.10.04 05:35:16.272,0.9783,0.9785,4.00,17.60
2010.10.04 05:35:33.892,0.9783,0.9785,9.60,12.00
2010.10.04 05:35:34.001,0.9783,0.9785,4.00,17.60
2010.10.04 05:35:40.334,0.9783,0.97845,4.00,1.60
2010.10.04 05:35:42.992,0.9783,0.97845,9.60,1.60
2010.10.04 05:35:43.252,0.9783,0.97845,4.00,1.60
2010.10.04 05:35:49.655,0.9783,0.9785,4.00,17.60
2010.10.04 05:35:49.740,0.9783,0.97845,1.60,1.60
2010.10.04 05:35:50.085,0.9783,0.9784,1.60,1.60
2010.10.04 05:35:50.427,0.97825,0.9784,12.80,1.60
2010.10.04 05:35:54.148,0.97825,0.97845,12.80,1.60
2010.10.04 05:35:54.591,0.97825,0.9784,12.80,1.60
2010.10.04 05:36:10.242,0.97825,0.9784,11.20,1.60
2010.10.04 05:36:37.994,0.9782,0.9784,16.00,1.60
2010.10.04 05:36:42.666,0.9782,0.9784,15.20,4.80
2010.10.04 05:36:42.875,0.9782,0.9784,9.80,4.80
2010.10.04 05:36:43.205,0.9782,0.9784,16.20,1.60
2010.10.04 05:36:44.187,0.9782,0.9784,16.20,3.20
2010.10.04 05:36:44.337,0.9782,0.9784,16.00,3.20
2010.10.04 05:36:44.487,0.9782,0.97835,16.00,1.60
2010.10.04 05:36:44.634,0.9782,0.9784,10.40,3.20
2010.10.04 05:36:50.392,0.9782,0.9784,10.40,1.60
2010.10.04 05:36:55.085,0.97825,0.9784,9.40,1.60
2010.10.04 05:36:55.283,0.97825,0.9784,16.60,1.60
2010.10.04 05:36:55.482,0.97825,0.97845,16.60,1.60
2010.10.04 05:37:04.832,0.97825,0.97845,18.20,1.60
2010.10.04 05:37:07.233,0.97825,0.97845,17.40,1.60
2010.10.04 05:37:07.297,0.97825,0.97845,11.20,7.20
2010.10.04 05:37:07.355,0.97825,0.97845,1.60,12.80
2010.10.04 05:37:07.412,0.97825,0.9784,1.60,1.60
2010.10.04 05:37:09.014,0.9783,0.97845,1.00,14.40
2010.10.04 05:37:09.885,0.9783,0.97845,10.40,1.60
2010.10.04 05:37:10.683,0.97835,0.97845,1.00,1.60
2010.10.04 05:37:11.563,0.97835,0.97845,1.00,1.60
2010.10.04 05:37:19.933,0.97835,0.97845,2.60,1.60
2010.10.04 05:37:29.863,0.97835,0.97845,5.00,1.60
2010.10.04 05:37:30.183,0.97835,0.97845,3.40,1.60
2010.10.04 05:37:32.531,0.97835,0.97845,5.00,1.60
2010.10.04 05:37:38.977,0.97835,0.97845,3.40,1.60
2010.10.04 05:37:40.302,0.97835,0.97845,5.00,1.60
2010.10.04 05:37:45.781,0.97835,0.97845,3.40,1.60
2010.10.04 05:37:48.112,0.97835,0.97845,5.00,1.60
2010.10.04 05:37:52.218,0.9784,0.97855,2.60,12.80
2010.10.04 05:37:53.095,0.97835,0.9785,3.40,1.60
2010.10.04 05:37:53.772,0.97835,0.9785,9.00,1.60
2010.10.04 05:37:55.136,0.97835,0.9785,3.40,1.60
2010.10.04 05:37:55.576,0.97835,0.97845,3.40,1.60
2010.10.04 05:37:56.596,0.97835,0.97845,1.00,1.60
2010.10.04 05:38:00.972,0.97835,0.9785,1.00,1.60
2010.10.04 05:38:01.761,0.97835,0.9785,3.40,1.60
2010.10.04 05:38:02.058,0.97835,0.97845,3.40,1.60
2010.10.04 05:38:03.657,0.97835,0.9785,3.40,1.60
2010.10.04 05:38:06.272,0.97835,0.97855,3.40,19.40
2010.10.04 05:38:07.318,0.9784,0.97855,2.40,13.00
2010.10.04 05:38:07.582,0.9784,0.97855,9.80,1.60
2010.10.04 05:38:08.551,0.9784,0.97855,4.00,1.60
2010.10.04 05:38:10.722,0.9784,0.9785,4.00,1.60
2010.10.04 05:38:11.692,0.9784,0.97855,4.00,1.60
2010.10.04 05:38:12.291,0.9784,0.97855,2.40,1.60
2010.10.04 05:38:16.391,0.9784,0.9786,2.40,12.20
2010.10.04 05:38:17.083,0.9784,0.9786,8.00,12.20
2010.10.04 05:38:17.224,0.9784,0.9786,2.40,16.20
2010.10.04 05:38:17.702,0.9784,0.9786,8.00,10.60
2010.10.04 05:38:21.403,0.9784,0.9786,2.40,16.20
2010.10.04 05:38:22.272,0.9784,0.9786,8.00,16.00
2010.10.04 05:38:22.326,0.9784,0.9786,8.00,10.40
2010.10.04 05:38:23.737,0.9784,0.9786,8.80,9.60
2010.10.04 05:38:24.356,0.9784,0.9786,11.20,9.60
2010.10.04 05:38:25.006,0.97845,0.97865,1.60,16.60
2010.10.04 05:38:25.308,0.97845,0.97865,7.20,7.20
2010.10.04 05:38:29.181,0.9785,0.97865,1.60,7.20
2010.10.04 05:38:30.900,0.97845,0.97865,7.20,7.20
2010.10.04 05:38:32.590,0.97845,0.97865,12.80,1.60
2010.10.04 05:38:36.204,0.97845,0.97865,7.20,7.20
2010.10.04 05:38:39.574,0.9784,0.97865,18.40,7.20
2010.10.04 05:38:40.276,0.9784,0.97865,18.40,12.80
2010.10.04 05:38:40.620,0.97845,0.97865,5.60,7.20
2010.10.04 05:38:44.950,0.97845,0.97865,5.60,8.80
2010.10.04 05:38:45.270,0.97845,0.97865,1.60,13.60
2010.10.04 05:38:45.586,0.97845,0.97865,7.20,8.00
2010.10.04 05:38:46.964,0.97845,0.97865,7.20,7.20
2010.10.04 05:38:50.551,0.97845,0.97865,12.80,1.60
2010.10.04 05:38:50.798,0.97845,0.97865,7.20,1.60
2010.10.04 05:38:51.042,0.97845,0.97865,7.20,7.20
2010.10.04 05:38:55.677,0.97845,0.97865,7.20,1.60
2010.10.04 05:38:56.022,0.97845,0.97865,13.60,1.60
2010.10.04 05:38:59.153,0.97845,0.97865,15.20,1.60
2010.10.04 05:39:00.415,0.97845,0.97865,13.60,1.60
2010.10.04 05:39:01.921,0.97845,0.97865,14.40,2.40
2010.10.04 05:39:02.184,0.97845,0.97865,8.80,8.00
2010.10.04 05:39:03.407,0.97845,0.97865,8.80,7.20
2010.10.04 05:39:04.678,0.97845,0.97865,14.40,1.60
2010.10.04 05:39:10.213,0.97845,0.97865,8.80,7.20
2010.10.04 05:39:12.954,0.97845,0.97865,14.40,1.60
2010.10.04 05:39:13.533,0.97845,0.97865,8.80,7.20
2010.10.04 05:39:13.792,0.97845,0.97865,14.40,1.60
2010.10.04 05:39:16.525,0.97845,0.97865,1.60,14.40
2010.10.04 05:39:17.202,0.97845,0.97865,1.60,15.20
2010.10.04 05:39:18.365,0.97845,0.97865,3.20,13.60
2010.10.04 05:39:18.645,0.97845,0.97865,8.80,8.00
2010.10.04 05:39:19.112,0.97845,0.97865,14.40,2.40
2010.10.04 05:39:20.565,0.97845,0.97865,12.80,4.00
2010.10.04 05:39:21.505,0.97845,0.97865,1.60,15.20
2010.10.04 05:39:23.127,0.9784,0.97865,16.00,18.00
2010.10.04 05:39:24.339,0.9784,0.9786,16.00,1.60
2010.10.04 05:39:26.564,0.9784,0.97865,16.00,18.00
2010.10.04 05:39:27.548,0.9784,0.9786,16.00,1.60
2010.10.04 05:39:27.852,0.9784,0.97865,16.00,18.00
2010.10.04 05:39:28.161,0.9784,0.9786,16.00,1.60
2010.10.04 05:39:29.617,0.9784,0.9786,12.00,4.00
2010.10.04 05:39:30.485,0.9784,0.97855,12.00,1.60
2010.10.04 05:39:31.162,0.9784,0.97855,6.40,1.60
2010.10.04 05:39:33.806,0.9784,0.97855,6.40,4.00
2010.10.04 05:39:35.815,0.9784,0.97855,6.40,1.60
2010.10.04 05:39:35.994,0.9784,0.97855,12.00,1.60
2010.10.04 05:39:37.126,0.9784,0.97855,12.00,4.00
2010.10.04 05:39:37.367,0.9784,0.97855,6.40,4.00
2010.10.04 05:39:38.107,0.9784,0.97855,6.40,5.60
2010.10.04 05:39:40.429,0.9784,0.97855,1.00,5.60
2010.10.04 05:39:40.760,0.9784,0.97855,6.40,5.60
2010.10.04 05:39:40.922,0.9784,0.97855,6.40,3.20
2010.10.04 05:39:44.252,0.9784,0.97855,6.40,1.60
2010.10.04 05:39:45.757,0.9784,0.97855,8.80,1.60
2010.10.04 05:39:46.787,0.9784,0.97855,14.40,1.60
2010.10.04 05:39:50.342,0.9784,0.9786,14.40,3.20
2010.10.04 05:40:01.557,0.9784,0.9786,14.40,1.60
2010.10.04 05:40:02.136,0.9784,0.9786,16.00,1.60
2010.10.04 05:40:02.426,0.9784,0.9786,14.40,1.60
2010.10.04 05:40:03.096,0.9784,0.9786,16.00,1.60
2010.10.04 05:40:04.773,0.9784,0.9786,16.00,3.20
2010.10.04 05:40:05.812,0.9784,0.9786,16.00,1.60
2010.10.04 05:40:06.112,0.9784,0.9786,17.60,1.60
2010.10.04 05:40:06.411,0.9784,0.9786,16.00,1.60
2010.10.04 05:40:11.199,0.9784,0.9786,16.00,3.20
2010.10.04 05:40:20.714,0.9784,0.9786,14.40,3.20
2010.10.04 05:40:24.623,0.9784,0.9786,13.60,6.40
2010.10.04 05:40:24.867,0.9784,0.9786,8.00,12.00
2010.10.04 05:40:40.459,0.97835,0.97855,1.60,11.20
2010.10.04 05:40:45.313,0.9784,0.97855,1.60,11.20
2010.10.04 05:40:46.862,0.97835,0.97855,1.60,11.20
2010.10.04 05:40:47.194,0.97835,0.97855,12.80,1.60
2010.10.04 05:40:52.651,0.97835,0.97855,7.20,7.20
2010.10.04 05:40:52.772,0.97835,0.97855,12.80,7.20
2010.10.04 05:40:52.831,0.97835,0.97855,12.80,1.60
2010.10.04 05:40:54.878,0.97835,0.97855,7.20,7.20
2010.10.04 05:40:56.459,0.97835,0.97855,7.20,8.80
2010.10.04 05:40:56.740,0.9783,0.97855,16.00,15.20
2010.10.04 05:40:58.982,0.9783,0.97855,16.00,17.60
2010.10.04 05:41:15.122,0.9783,0.97855,16.00,16.80
2010.10.04 05:41:15.940,0.9783,0.97855,16.00,14.40
2010.10.04 05:41:16.209,0.97835,0.97855,5.60,8.80
2010.10.04 05:41:16.414,0.97835,0.9785,5.60,3.20
2010.10.04 05:41:16.628,0.9783,0.9785,7.20,8.80
2010.10.04 05:41:16.832,0.9783,0.9785,7.20,10.40
2010.10.04 05:41:20.531,0.9783,0.9785,7.20,12.00
2010.10.04 05:41:20.819,0.97825,0.9785,14.40,17.60
2010.10.04 05:41:20.973,0.97825,0.97845,7.20,7.20
2010.10.04 05:41:21.285,0.97825,0.97845,5.60,7.20
2010.10.04 05:41:22.088,0.97825,0.9784,5.60,2.40
2010.10.04 05:41:22.380,0.9782,0.9784,16.00,1.60
2010.10.04 05:41:30.272,0.9782,0.97845,16.00,15.20
2010.10.04 05:41:31.607,0.9782,0.97845,16.00,9.60
2010.10.04 05:41:31.954,0.97825,0.97845,5.60,9.60
2010.10.04 05:41:33.305,0.97825,0.97845,5.60,8.80
2010.10.04 05:41:35.982,0.97825,0.9784,5.60,2.40
2010.10.04 05:41:36.834,0.9782,0.9784,13.60,5.60
2010.10.04 05:41:40.723,0.9782,0.9784,8.00,5.60
2010.10.04 05:41:43.389,0.9782,0.9784,2.40,17.60
2010.10.04 05:41:46.295,0.9782,0.97835,1.00,1.60
2010.10.04 05:41:53.789,0.97815,0.9783,16.80,1.00
2010.10.04 05:41:54.120,0.97805,0.9782,1.60,1.60
2010.10.04 05:42:07.002,0.97805,0.97825,1.60,16.80
2010.10.04 05:42:12.113,0.97805,0.9782,1.60,1.60
2010.10.04 05:42:13.996,0.97805,0.9782,1.60,7.20
2010.10.04 05:42:20.313,0.978,0.9782,7.20,7.20
2010.10.04 05:42:20.533,0.978,0.9782,7.20,8.80
2010.10.04 05:42:25.526,0.97795,0.9782,13.60,16.80
2010.10.04 05:42:27.104,0.97795,0.9782,13.60,14.40
2010.10.04 05:42:29.273,0.97795,0.9782,15.20,14.40
2010.10.04 05:42:29.552,0.978,0.9782,5.60,14.40
2010.10.04 05:42:29.692,0.978,0.9782,5.60,8.80
2010.10.04 05:42:31.774,0.978,0.9782,5.60,3.20
2010.10.04 05:42:32.506,0.978,0.9782,5.60,1.60
2010.10.04 05:42:36.573,0.978,0.9782,11.20,1.60
2010.10.04 05:42:52.533,0.978,0.9782,5.60,1.60
2010.10.04 05:43:02.112,0.97795,0.97815,13.60,1.60
2010.10.04 05:43:09.601,0.97795,0.97815,13.60,3.20
2010.10.04 05:43:13.112,0.97795,0.97815,13.60,1.60
2010.10.04 05:43:14.004,0.978,0.97815,5.60,1.60
2010.10.04 05:43:16.199,0.97795,0.97815,13.60,1.60
2010.10.04 05:43:23.107,0.9781,0.97815,2.40,1.60
2010.10.04 05:43:24.026,0.9781,0.97815,1.00,1.60
2010.10.04 05:43:24.096,0.97805,0.9782,1.60,1.60
2010.10.04 05:43:24.373,0.97805,0.9782,1.60,7.20
2010.10.04 05:43:24.582,0.97805,0.9782,1.60,1.60
2010.10.04 05:43:26.206,0.978,0.9781,11.20,4.00
2010.10.04 05:43:26.329,0.97795,0.9781,12.00,2.40
2010.10.04 05:43:26.455,0.97795,0.97815,12.00,3.20
2010.10.04 05:43:31.593,0.97795,0.9781,12.00,2.40
2010.10.04 05:43:35.345,0.97795,0.9781,6.40,5.60
2010.10.04 05:43:36.043,0.97795,0.9781,5.60,5.60
2010.10.04 05:43:46.654,0.97795,0.97805,5.60,1.60
2010.10.04 05:43:46.829,0.9779,0.97805,12.00,1.60
2010.10.04 05:44:06.027,0.97785,0.978,11.20,4.00
2010.10.04 05:44:16.033,0.97785,0.978,5.60,5.60
2010.10.04 05:44:16.943,0.97785,0.978,5.60,11.20
2010.10.04 05:44:17.097,0.97775,0.978,13.60,16.80
2010.10.04 05:44:19.561,0.97775,0.978,12.80,14.40
2010.10.04 05:44:21.070,0.97775,0.978,12.80,16.80
2010.10.04 05:44:21.754,0.97775,0.97795,12.80,1.60
2010.10.04 05:44:24.562,0.9778,0.97795,5.60,1.60
2010.10.04 05:44:25.459,0.97775,0.97795,12.80,1.60
2010.10.04 05:44:26.142,0.97775,0.97795,13.60,1.60
2010.10.04 05:44:39.085,0.97775,0.97795,12.80,1.60
2010.10.04 05:44:51.502,0.97775,0.9779,12.80,2.40
2010.10.04 05:44:51.813,0.97775,0.97785,5.60,1.00
2010.10.04 05:44:52.771,0.9776,0.9778,13.20,2.40
2010.10.04 05:44:53.048,0.9776,0.9778,1.60,13.60
2010.10.04 05:44:54.494,0.9776,0.9778,1.60,12.80
2010.10.04 05:44:54.771,0.9776,0.9778,7.20,7.20
2010.10.04 05:44:56.045,0.9776,0.9778,7.20,1.60
2010.10.04 05:44:56.773,0.9776,0.97785,7.20,15.20
2010.10.04 05:44:58.167,0.9776,0.97785,8.80,15.20
2010.10.04 05:45:01.602,0.9776,0.97785,7.20,15.20
2010.10.04 05:45:02.722,0.9776,0.9778,1.60,12.80
2010.10.04 05:45:02.979,0.9776,0.9778,1.60,14.40
2010.10.04 05:45:09.812,0.9776,0.9778,7.20,14.40
2010.10.04 05:45:09.854,0.9776,0.9778,7.20,8.80
2010.10.04 05:45:09.993,0.9776,0.9778,1.60,8.80
2010.10.04 05:45:11.008,0.97755,0.9778,15.20,14.40
2010.10.04 05:45:12.625,0.97755,0.9778,13.60,14.40
2010.10.04 05:45:12.896,0.97755,0.9778,15.20,14.40
2010.10.04 05:45:15.539,0.97755,0.9778,14.40,14.40
2010.10.04 05:45:15.936,0.97755,0.9778,17.60,14.40
2010.10.04 05:45:16.977,0.97755,0.9778,13.60,14.40
2010.10.04 05:45:17.326,0.97755,0.9778,12.80,14.40
2010.10.04 05:45:17.667,0.97755,0.9778,14.40,12.80
2010.10.04 05:45:20.608,0.97755,0.9778,15.20,12.80
2010.10.04 05:45:30.420,0.97755,0.9778,15.20,14.40
2010.10.04 05:45:30.844,0.97755,0.9778,17.60,14.40
2010.10.04 05:45:31.055,0.9776,0.9778,5.60,8.80
2010.10.04 05:45:32.291,0.97755,0.9778,14.40,14.40
2010.10.04 05:45:35.202,0.97755,0.9778,12.80,14.40
2010.10.04 05:45:35.547,0.97755,0.9777,1.60,11.20
2010.10.04 05:45:37.485,0.97755,0.9777,3.20,11.20
2010.10.04 05:45:38.635,0.97755,0.9777,8.80,5.60
2010.10.04 05:45:38.846,0.97755,0.9778,14.40,14.40
2010.10.04 05:45:40.877,0.97755,0.9778,15.20,14.40
2010.10.04 05:45:42.567,0.97765,0.9778,1.60,1.60
2010.10.04 05:45:43.697,0.97765,0.97785,12.80,1.60
2010.10.04 05:45:50.894,0.9777,0.9779,1.60,16.00
2010.10.04 05:45:51.241,0.97775,0.9779,1.60,12.80
2010.10.04 05:45:52.307,0.97775,0.9779,7.20,1.60
2010.10.04 05:45:52.649,0.97775,0.978,12.80,17.60
2010.10.04 05:45:53.662,0.97775,0.97795,12.80,1.60
2010.10.04 05:45:54.543,0.97775,0.97795,14.40,1.60
2010.10.04 05:45:55.222,0.97775,0.97795,3.20,12.80
2010.10.04 05:45:56.249,0.97775,0.97795,3.20,13.60
2010.10.04 05:46:01.579,0.97775,0.97795,1.60,13.60
2010.10.04 05:46:01.654,0.97775,0.97795,3.20,13.60
2010.10.04 05:46:02.534,0.97775,0.9779,1.60,5.60
2010.10.04 05:46:02.797,0.9777,0.9779,8.80,5.60
2010.10.04 05:46:03.138,0.9777,0.97795,8.80,15.20
2010.10.04 05:46:04.160,0.9777,0.97795,8.80,13.60
2010.10.04 05:46:04.854,0.9777,0.9779,8.80,1.60
2010.10.04 05:46:05.887,0.97775,0.9779,1.60,1.60
2010.10.04 05:46:08.293,0.97775,0.9779,1.60,7.20
2010.10.04 05:46:08.383,0.9778,0.9779,2.40,5.60
2010.10.04 05:46:08.473,0.9778,0.97795,2.40,11.20
2010.10.04 05:46:09.393,0.97775,0.9779,7.20,2.40
2010.10.04 05:46:09.588,0.97775,0.97795,1.60,12.20
2010.10.04 05:46:10.739,0.97775,0.97795,1.60,12.00
2010.10.04 05:46:11.713,0.97775,0.97795,1.60,13.60
2010.10.04 05:46:13.036,0.97775,0.97795,1.60,12.00
2010.10.04 05:46:20.592,0.97775,0.97795,1.60,13.60
2010.10.04 05:46:21.556,0.9777,0.97795,8.80,15.20
2010.10.04 05:46:21.985,0.97775,0.97795,1.60,13.60
2010.10.04 05:46:22.138,0.97775,0.97795,4.00,13.60
2010.10.04 05:46:23.114,0.9777,0.9779,8.80,5.60
2010.10.04 05:46:24.402,0.9777,0.9779,8.80,8.00
2010.10.04 05:46:24.736,0.9777,0.9779,1.60,16.00
2010.10.04 05:46:25.063,0.97765,0.9779,8.80,16.00
2010.10.04 05:46:25.402,0.97765,0.97785,8.80,5.60
2010.10.04 05:46:29.113,0.97765,0.97785,8.80,5.80
2010.10.04 05:46:29.193,0.97765,0.9778,8.80,1.00
2010.10.04 05:46:29.273,0.97765,0.9778,7.20,8.80
2010.10.04 05:46:29.356,0.97765,0.9778,1.60,14.40
2010.10.04 05:46:29.512,0.97765,0.9778,1.60,16.00
2010.10.04 05:46:32.212,0.97765,0.9778,1.60,16.60
2010.10.04 05:46:32.302,0.9776,0.9778,4.00,16.60
2010.10.04 05:46:32.645,0.9776,0.97775,1.60,5.60
2010.10.04 05:46:36.609,0.9776,0.97775,1.60,7.20
2010.10.04 05:46:44.105,0.97755,0.97775,8.80,7.20
2010.10.04 05:46:44.272,0.97755,0.97775,7.20,7.20
2010.10.04 05:46:45.396,0.97755,0.97775,1.60,7.20
2010.10.04 05:46:45.733,0.97755,0.97775,1.60,12.80
2010.10.04 05:46:47.337,0.97755,0.97775,1.60,13.60
2010.10.04 05:46:48.672,0.9776,0.97775,1.60,8.00
2010.10.04 05:46:51.565,0.9776,0.97775,1.60,13.60
2010.10.04 05:46:51.909,0.97755,0.97775,1.60,13.60
2010.10.04 05:46:52.255,0.9776,0.97775,1.60,13.60
2010.10.04 05:46:53.675,0.97755,0.97775,1.60,13.60
2010.10.04 05:46:58.638,0.97755,0.9777,1.60,12.00
2010.10.04 05:47:00.876,0.97755,0.9777,1.60,13.60
2010.10.04 05:47:01.433,0.9775,0.9777,3.20,13.60
2010.10.04 05:47:02.539,0.9775,0.9777,1.60,16.00
2010.10.04 05:47:02.599,0.9775,0.97765,1.60,1.00
2010.10.04 05:47:04.518,0.97755,0.9777,1.60,13.60
2010.10.04 05:47:04.748,0.97755,0.97765,1.60,1.60
2010.10.04 05:47:10.282,0.97755,0.9777,1.60,12.80
2010.10.04 05:47:32.706,0.97755,0.9777,1.60,13.60
2010.10.04 05:47:33.586,0.9775,0.97765,1.60,1.00
2010.10.04 05:47:33.906,0.9775,0.97765,1.60,2.40
2010.10.04 05:47:42.939,0.9775,0.97765,1.60,1.60
2010.10.04 05:47:45.400,0.97755,0.97765,1.60,1.60
2010.10.04 05:47:46.466,0.97755,0.9777,1.60,12.80
2010.10.04 05:48:09.246,0.97755,0.9777,1.60,7.20
2010.10.04 05:48:15.679,0.97755,0.9777,1.60,1.60
2010.10.04 05:48:24.352,0.97755,0.9777,1.60,7.20
2010.10.04 05:48:25.433,0.97755,0.9777,1.60,1.60
2010.10.04 05:48:28.283,0.97755,0.9777,1.60,7.20
2010.10.04 05:48:29.434,0.9775,0.9777,12.00,7.20
2010.10.04 05:48:34.186,0.9775,0.9777,6.40,12.80
2010.10.04 05:48:36.624,0.9775,0.9777,5.60,12.80
2010.10.04 05:48:38.961,0.9775,0.9777,6.40,12.80
2010.10.04 05:48:39.801,0.9775,0.9777,12.00,12.80
2010.10.04 05:48:39.987,0.9775,0.9777,12.00,7.20
2010.10.04 05:49:02.455,0.9775,0.97765,8.80,3.20
2010.10.04 05:49:02.655,0.9775,0.97765,5.60,3.20
2010.10.04 05:49:02.854,0.97745,0.97765,17.60,4.80
2010.10.04 05:49:04.923,0.97745,0.97765,17.60,5.00
2010.10.04 05:49:06.087,0.9775,0.9777,4.20,12.80
2010.10.04 05:49:07.361,0.9775,0.9777,10.60,7.20
2010.10.04 05:49:08.013,0.9775,0.9777,10.40,7.20
2010.10.04 05:49:08.764,0.9775,0.9777,9.60,9.60
2010.10.04 05:49:08.963,0.9775,0.9777,4.00,15.20
2010.10.04 05:49:09.923,0.9775,0.9777,4.00,16.00
2010.10.04 05:49:18.124,0.9775,0.9777,4.60,16.00
2010.10.04 05:49:18.295,0.9775,0.9777,4.00,13.60
2010.10.04 05:49:18.463,0.9775,0.9777,4.00,16.00
2010.10.04 05:49:22.772,0.9775,0.9777,4.60,16.00
2010.10.04 05:49:22.933,0.9775,0.9777,4.60,12.80
2010.10.04 05:49:23.103,0.9775,0.9777,4.20,12.80
2010.10.04 05:49:28.637,0.9775,0.9777,4.00,12.80
2010.10.04 05:49:35.355,0.9775,0.9777,2.40,17.60
2010.10.04 05:49:45.302,0.9775,0.9777,2.40,18.20
2010.10.04 05:49:45.993,0.9775,0.97765,2.40,1.00
2010.10.04 05:49:46.268,0.97735,0.97755,8.80,6.40
2010.10.04 05:49:46.523,0.97735,0.97755,3.20,12.00
2010.10.04 05:49:47.704,0.97735,0.9775,3.20,5.60
2010.10.04 05:50:00.283,0.97735,0.9775,1.60,5.60
2010.10.04 05:50:44.553,0.97735,0.97745,1.60,5.60
2010.10.04 05:50:44.833,0.9773,0.97745,6.40,5.60
2010.10.04 05:50:45.053,0.9773,0.97745,5.60,5.60
2010.10.04 05:50:46.156,0.97735,0.97745,1.60,11.20
2010.10.04 05:50:46.514,0.9773,0.97745,5.60,11.20
2010.10.04 05:50:54.937,0.97735,0.97745,1.60,11.20
2010.10.04 05:50:56.585,0.9773,0.97745,5.60,11.20
2010.10.04 05:50:56.724,0.97735,0.97745,1.60,11.20
2010.10.04 05:50:57.584,0.9773,0.97745,5.60,5.60
2010.10.04 05:51:05.243,0.97735,0.97745,1.60,5.60
2010.10.04 05:51:06.671,0.97735,0.97755,1.60,12.80
2010.10.04 05:51:08.008,0.97735,0.97755,2.40,12.80
2010.10.04 05:51:09.651,0.97735,0.97755,2.40,14.40
2010.10.04 05:51:09.915,0.97735,0.97755,2.40,12.80
2010.10.04 05:51:12.680,0.97735,0.97755,1.00,14.40
2010.10.04 05:51:14.483,0.9774,0.97755,1.00,14.40
2010.10.04 05:51:14.764,0.9773,0.9775,12.00,5.60
2010.10.04 05:51:15.689,0.9773,0.97755,14.60,13.60
2010.10.04 05:51:16.040,0.97735,0.9775,2.40,7.20
2010.10.04 05:51:19.193,0.97725,0.9774,3.10,5.60
2010.10.04 05:51:19.260,0.97725,0.9774,1.00,5.60
2010.10.04 05:51:19.326,0.97725,0.9774,1.00,13.60
2010.10.04 05:51:20.289,0.97725,0.9774,1.00,15.20
2010.10.04 05:51:20.652,0.9772,0.9774,3.20,16.20
2010.10.04 05:51:21.000,0.9772,0.97735,3.20,5.60
2010.10.04 05:51:22.004,0.97725,0.9774,1.60,2.40
2010.10.04 05:51:22.350,0.97725,0.9774,1.60,1.60
2010.10.04 05:51:23.672,0.9772,0.97745,14.40,15.20
2010.10.04 05:51:29.814,0.97725,0.97745,1.60,13.60
2010.10.04 05:51:32.894,0.97725,0.97745,4.00,12.80
2010.10.04 05:51:33.727,0.9773,0.97745,1.60,11.20
2010.10.04 05:51:35.284,0.9773,0.9775,1.60,24.20
2010.10.04 05:51:35.627,0.9773,0.9775,1.60,16.00
2010.10.04 05:51:45.789,0.9773,0.9775,4.00,16.00
2010.10.04 05:51:46.244,0.9773,0.9775,5.60,16.00
2010.10.04 05:51:51.346,0.9773,0.9775,1.60,16.00
2010.10.04 05:51:54.699,0.9773,0.9775,9.60,16.00
2010.10.04 05:51:54.936,0.9773,0.9775,11.20,10.40
2010.10.04 05:51:57.717,0.9773,0.9775,8.80,10.40
2010.10.04 05:51:58.757,0.9773,0.9775,3.20,16.00
2010.10.04 05:52:00.427,0.9773,0.9775,1.60,16.00
2010.10.04 05:52:02.685,0.97735,0.9775,1.60,16.00
2010.10.04 05:52:03.534,0.9773,0.9775,1.60,16.00
2010.10.04 05:52:04.342,0.9773,0.97745,1.60,5.60
2010.10.04 05:52:04.597,0.97725,0.97745,6.40,11.20
2010.10.04 05:52:08.153,0.97725,0.97745,6.40,5.60
2010.10.04 05:52:08.522,0.97725,0.97745,12.00,5.60
2010.10.04 05:52:11.015,0.9773,0.9775,4.00,12.00
2010.10.04 05:52:11.960,0.9773,0.9775,7.20,10.40
2010.10.04 05:52:14.812,0.9773,0.9775,1.60,10.40
2010.10.04 05:52:15.515,0.9773,0.9775,1.60,16.00
2010.10.04 05:52:15.932,0.9773,0.9775,7.20,16.00
2010.10.04 05:52:15.992,0.9773,0.9775,7.20,10.40
2010.10.04 05:52:26.673,0.97735,0.9775,1.60,10.40
2010.10.04 05:52:30.005,0.9773,0.9775,1.60,10.40
2010.10.04 05:52:30.951,0.9773,0.9775,1.60,16.00
2010.10.04 05:52:33.497,0.9773,0.9775,1.60,15.20
2010.10.04 05:52:35.884,0.9773,0.9775,1.60,16.00
2010.10.04 05:52:38.181,0.9773,0.9775,7.20,10.40
2010.10.04 05:52:39.806,0.9773,0.9775,5.60,12.00
2010.10.04 05:52:40.045,0.9773,0.9775,1.60,16.00
2010.10.04 05:52:40.939,0.9773,0.97745,1.60,1.60
2010.10.04 05:52:42.647,0.97725,0.97745,15.20,1.60
2010.10.04 05:52:50.627,0.9773,0.97745,5.60,1.60
2010.10.04 05:52:56.574,0.9773,0.97745,1.00,1.60
2010.10.04 05:52:58.567,0.9773,0.9775,6.40,12.80
2010.10.04 05:52:58.875,0.9773,0.9775,1.00,12.80
2010.10.04 05:53:01.283,0.9773,0.9775,2.40,11.20
2010.10.04 05:53:02.176,0.9773,0.9775,9.60,5.60
2010.10.04 05:53:05.929,0.9773,0.9775,2.40,11.20
2010.10.04 05:53:07.823,0.9773,0.9775,8.00,5.60
2010.10.04 05:53:08.224,0.9773,0.9775,9.60,5.60
2010.10.04 05:53:08.424,0.9773,0.97755,8.00,15.20
2010.10.04 05:53:08.624,0.9773,0.97755,6.40,23.20
2010.10.04 05:53:09.408,0.9773,0.9775,6.40,4.00
2010.10.04 05:53:09.649,0.9773,0.9775,1.00,15.20
2010.10.04 05:53:20.236,0.9773,0.9775,6.40,15.20
2010.10.04 05:53:21.722,0.9773,0.9775,1.00,15.20
2010.10.04 05:53:22.067,0.9773,0.9775,6.40,1.60
2010.10.04 05:53:22.743,0.9773,0.9775,8.00,1.60
2010.10.04 05:53:24.027,0.97735,0.9775,1.00,1.60
2010.10.04 05:53:24.674,0.97735,0.9775,1.00,12.80
2010.10.04 05:53:25.450,0.97735,0.9775,1.00,12.80
2010.10.04 05:53:25.730,0.97735,0.9775,1.00,1.60
2010.10.04 05:53:34.428,0.97735,0.97755,1.00,14.40
2010.10.04 05:53:37.763,0.97735,0.9775,1.00,5.60
2010.10.04 05:53:37.863,0.97735,0.9775,1.00,11.20
2010.10.04 05:53:38.414,0.97735,0.9775,1.00,5.60
2010.10.04 05:53:38.563,0.97735,0.97755,1.00,14.40
2010.10.04 05:53:40.804,0.97735,0.97755,6.50,8.80
2010.10.04 05:53:41.955,0.97735,0.97755,6.40,8.80
2010.10.04 05:53:42.246,0.97735,0.97755,12.00,3.20
2010.10.04 05:53:42.385,0.97745,0.97755,1.00,1.60
2010.10.04 05:53:42.524,0.97745,0.9776,1.00,16.80
2010.10.04 05:53:43.551,0.97745,0.97755,1.00,5.60
2010.10.04 05:53:52.094,0.9774,0.9776,1.00,16.80
2010.10.04 05:53:53.055,0.97745,0.9776,1.00,16.80
2010.10.04 05:53:59.057,0.97745,0.97755,1.00,5.60
2010.10.04 05:54:05.534,0.9774,0.97755,1.00,7.20
2010.10.04 05:54:05.724,0.9774,0.97755,1.00,12.80
2010.10.04 05:54:06.093,0.97735,0.97755,2.40,12.80
2010.10.04 05:54:11.243,0.97735,0.97755,4.00,12.80
2010.10.04 05:54:11.370,0.97735,0.97755,2.40,12.80
2010.10.04 05:54:24.294,0.9774,0.97755,1.00,12.80
2010.10.04 05:54:24.454,0.9774,0.97755,1.00,11.20
2010.10.04 05:54:34.924,0.97735,0.97755,2.40,12.80
2010.10.04 05:54:35.694,0.97735,0.97755,8.00,7.20
2010.10.04 05:54:35.893,0.9774,0.97755,4.00,5.60
2010.10.04 05:54:36.091,0.9774,0.97755,4.40,5.60
2010.10.04 05:54:36.664,0.97745,0.97755,1.00,5.60
2010.10.04 05:54:37.845,0.97745,0.97755,1.20,5.60
2010.10.04 05:54:37.965,0.97745,0.9776,3.60,12.80
2010.10.04 05:54:38.076,0.97745,0.9776,3.60,11.20
2010.10.04 05:54:38.190,0.9775,0.97765,3.00,8.80
2010.10.04 05:54:38.307,0.97755,0.97765,2.40,7.20
2010.10.04 05:54:38.415,0.97755,0.9777,2.40,2.40
2010.10.04 05:54:38.524,0.97755,0.97765,1.00,1.60
2010.10.04 05:54:39.300,0.9775,0.97765,1.60,3.20
2010.10.04 05:54:39.530,0.97755,0.97765,1.00,1.00
2010.10.04 05:54:41.579,0.97755,0.9777,1.00,13.60
2010.10.04 05:54:48.902,0.9776,0.97775,1.00,17.60
2010.10.04 05:54:49.358,0.97755,0.97775,5.00,19.20
2010.10.04 05:54:50.195,0.97755,0.97775,4.60,19.40
2010.10.04 05:54:50.534,0.97755,0.97775,6.20,17.80
2010.10.04 05:54:52.422,0.97755,0.9777,4.60,7.20
2010.10.04 05:54:52.571,0.9775,0.97765,4.40,12.00
2010.10.04 05:54:52.716,0.9775,0.97765,2.80,1.00
2010.10.04 05:54:52.856,0.9775,0.97765,4.40,1.00
2010.10.04 05:54:53.137,0.9775,0.9777,4.40,17.80
2010.10.04 05:54:53.274,0.9775,0.9777,4.40,17.60
2010.10.04 05:54:54.737,0.9775,0.9777,4.40,16.00
2010.10.04 05:54:55.215,0.9775,0.9777,6.00,13.80
2010.10.04 05:54:56.517,0.9775,0.9777,4.40,17.80
2010.10.04 05:55:03.653,0.9775,0.9777,4.40,16.20
2010.10.04 05:55:05.664,0.9775,0.9777,11.60,16.20
2010.10.04 05:55:05.963,0.9775,0.9777,11.60,10.60
2010.10.04 05:55:06.274,0.9775,0.9777,11.60,8.20
2010.10.04 05:55:08.001,0.9775,0.9777,11.60,8.00
2010.10.04 05:55:09.513,0.9775,0.9777,11.60,2.40
2010.10.04 05:55:09.873,0.9775,0.9777,11.60,8.00
2010.10.04 05:55:11.992,0.97755,0.9777,1.00,8.00
2010.10.04 05:55:12.553,0.97755,0.9777,3.00,7.20
2010.10.04 05:55:12.653,0.97755,0.9777,3.00,5.60
2010.10.04 05:55:12.744,0.97755,0.97775,3.00,19.20
2010.10.04 05:55:12.844,0.97755,0.97775,4.60,19.20
2010.10.04 05:55:14.713,0.97755,0.97775,4.60,19.40
2010.10.04 05:55:16.328,0.97755,0.97775,5.40,19.40
2010.10.04 05:55:18.323,0.97755,0.9777,4.60,1.00
2010.10.04 05:55:18.505,0.97755,0.9777,2.00,6.60
2010.10.04 05:55:18.664,0.97755,0.9777,2.00,12.20
2010.10.04 05:55:18.824,0.97755,0.9777,1.00,12.20
2010.10.04 05:55:19.775,0.9775,0.9777,4.00,12.20
2010.10.04 05:55:19.927,0.9775,0.9777,4.00,12.00
2010.10.04 05:55:20.227,0.9775,0.9777,4.00,14.60
2010.10.04 05:55:20.375,0.9775,0.9777,4.00,16.20
2010.10.04 05:55:21.651,0.9775,0.97765,4.00,8.00
2010.10.04 05:55:21.999,0.9775,0.97765,1.60,13.80
2010.10.04 05:55:22.423,0.9775,0.97765,1.60,13.60
2010.10.04 05:55:26.354,0.97745,0.97765,1.60,13.60
2010.10.04 05:55:29.558,0.97745,0.9776,1.60,1.60
2010.10.04 05:55:29.895,0.97745,0.97765,1.60,13.60
2010.10.04 05:55:31.511,0.97745,0.97765,1.60,15.20
2010.10.04 05:55:32.992,0.97745,0.97765,1.60,15.40
2010.10.04 05:55:33.759,0.97745,0.9776,1.60,1.00
2010.10.04 05:55:33.816,0.9774,0.9776,4.80,17.60
2010.10.04 05:56:22.864,0.9774,0.9776,1.60,17.60
2010.10.04 05:56:22.974,0.9774,0.97755,1.60,11.20
2010.10.04 05:56:30.244,0.97735,0.97755,4.00,11.20
2010.10.04 05:56:56.804,0.97735,0.97755,9.60,11.20
2010.10.04 05:56:57.024,0.97735,0.97755,9.60,5.60
2010.10.04 05:56:57.785,0.97735,0.97755,12.40,5.60
2010.10.04 05:56:57.984,0.9774,0.9776,1.00,17.60
2010.10.04 05:56:58.303,0.9774,0.9776,2.00,17.60
2010.10.04 05:57:03.412,0.9774,0.9776,1.60,17.60
2010.10.04 05:57:05.165,0.9774,0.9776,2.40,17.60
2010.10.04 05:57:07.514,0.9774,0.9776,1.60,17.60
2010.10.04 05:57:12.683,0.9774,0.9776,3.20,16.00
2010.10.04 05:57:13.443,0.9774,0.9776,1.60,16.00
2010.10.04 05:57:15.192,0.9774,0.9776,2.00,16.00
2010.10.04 05:57:18.518,0.9774,0.9776,1.60,17.60
2010.10.04 05:57:18.569,0.9774,0.9776,2.00,16.00
2010.10.04 05:57:18.587,0.9774,0.9776,3.60,14.40
2010.10.04 05:57:18.613,0.9774,0.9776,6.00,12.00
2010.10.04 05:57:20.731,0.97745,0.9776,1.00,12.00
2010.10.04 05:57:24.266,0.9774,0.9776,6.00,12.00
2010.10.04 05:57:26.257,0.9774,0.9776,6.00,14.40
2010.10.04 05:57:26.583,0.9774,0.9776,6.00,16.00
2010.10.04 05:57:38.654,0.9774,0.9776,4.40,16.00
2010.10.04 05:57:42.983,0.9774,0.9776,4.40,17.60
2010.10.04 05:57:57.055,0.9774,0.9776,1.60,17.60
2010.10.04 05:57:58.583,0.97735,0.9776,15.60,17.60
2010.10.04 05:57:59.185,0.97735,0.9776,15.60,15.20
2010.10.04 05:58:01.095,0.97735,0.9776,15.60,17.60
2010.10.04 05:58:16.295,0.97735,0.97755,14.00,1.60
2010.10.04 05:58:29.697,0.9774,0.97755,2.80,1.60
2010.10.04 05:58:29.804,0.9774,0.9776,4.40,17.60
2010.10.04 05:58:51.033,0.9774,0.97755,4.40,1.60
2010.10.04 05:58:51.097,0.97735,0.9775,11.20,1.60
2010.10.04 05:58:51.148,0.97735,0.9775,5.60,2.40
2010.10.04 05:58:51.200,0.9773,0.9775,8.00,2.40
2010.10.04 05:58:51.961,0.9773,0.9775,12.40,5.60
2010.10.04 05:58:52.785,0.97735,0.9775,1.60,5.60
2010.10.04 05:58:53.137,0.9774,0.97755,1.00,7.20
2010.10.04 05:58:53.378,0.97745,0.97755,1.00,5.60
2010.10.04 05:58:54.282,0.97745,0.9776,2.80,1.00
2010.10.04 05:58:54.586,0.9774,0.9776,18.00,1.00
2010.10.04 05:58:55.553,0.9774,0.9776,15.60,2.40
2010.10.04 05:58:58.057,0.9774,0.9776,1.60,15.20
2010.10.04 05:58:59.829,0.9774,0.9776,7.20,9.60
2010.10.04 05:59:00.105,0.9774,0.9776,9.60,9.60
2010.10.04 05:59:01.034,0.9774,0.97755,4.00,1.00
2010.10.04 05:59:01.355,0.9774,0.97755,2.00,1.00
2010.10.04 05:59:01.665,0.9774,0.97755,1.60,1.00
2010.10.04 05:59:03.424,0.9774,0.9776,1.60,15.20
2010.10.04 05:59:07.888,0.9774,0.9776,4.40,15.20
2010.10.04 05:59:07.996,0.9774,0.9776,4.40,9.60
2010.10.04 05:59:08.329,0.9774,0.9776,10.00,2.40
2010.10.04 05:59:09.180,0.97745,0.9776,1.00,2.40
2010.10.04 05:59:09.371,0.9774,0.9776,7.60,2.40
2010.10.04 05:59:09.557,0.9774,0.9776,7.60,8.00
2010.10.04 05:59:09.917,0.9774,0.9776,10.00,6.40
2010.10.04 05:59:10.926,0.97745,0.9776,1.00,1.00
2010.10.04 05:59:13.847,0.97745,0.9776,1.00,6.40
2010.10.04 05:59:14.047,0.9774,0.9776,10.00,6.40
2010.10.04 05:59:16.222,0.9774,0.9776,4.00,13.60
2010.10.04 05:59:17.156,0.9774,0.97755,1.60,12.80
2010.10.04 05:59:20.197,0.9773,0.97745,5.20,11.20
2010.10.04 05:59:21.046,0.97725,0.97745,4.00,11.20
2010.10.04 05:59:21.166,0.97725,0.97745,2.40,12.80
2010.10.04 05:59:22.292,0.97725,0.9774,1.60,11.20
2010.10.04 05:59:23.972,0.97725,0.9774,1.60,5.60
2010.10.04 05:59:24.066,0.97725,0.9774,4.00,5.60
2010.10.04 05:59:24.166,0.97725,0.9774,4.00,11.20
2010.10.04 05:59:24.947,0.97725,0.9774,1.60,11.20
2010.10.04 05:59:25.048,0.97725,0.9774,1.60,12.80
2010.10.04 05:59:25.387,0.97725,0.9774,1.60,11.20
2010.10.04 05:59:26.378,0.97725,0.9774,1.60,12.80
2010.10.04 05:59:26.654,0.97725,0.9774,1.60,11.20
2010.10.04 05:59:28.658,0.97725,0.9774,1.60,12.80
2010.10.04 05:59:29.014,0.97725,0.9774,1.60,11.20
2010.10.04 05:59:30.745,0.9772,0.9774,4.80,11.20
2010.10.04 05:59:31.929,0.9772,0.9774,6.80,11.20
2010.10.04 05:59:33.023,0.9772,0.9774,6.40,11.20
2010.10.04 05:59:33.373,0.9772,0.9774,4.80,14.40
2010.10.04 05:59:34.388,0.9772,0.9774,4.80,12.80
2010.10.04 05:59:34.688,0.9772,0.9774,5.20,12.80
2010.10.04 05:59:34.985,0.9772,0.9774,5.20,14.40
2010.10.04 05:59:39.841,0.9772,0.97735,3.20,1.60
2010.10.04 05:59:40.636,0.9772,0.97735,1.00,1.60
2010.10.04 05:59:40.891,0.97715,0.9773,12.00,1.60
2010.10.04 05:59:41.134,0.97715,0.9773,1.00,1.60
2010.10.04 05:59:42.528,0.97715,0.9773,1.00,9.60
2010.10.04 05:59:42.873,0.97705,0.9772,1.00,16.00
2010.10.04 05:59:43.195,0.97705,0.9772,1.00,10.40
2010.10.04 05:59:43.365,0.97705,0.9772,1.00,16.00
2010.10.04 05:59:45.074,0.977,0.9772,5.20,16.00
2010.10.04 05:59:45.221,0.977,0.9772,4.40,16.00
2010.10.04 05:59:45.369,0.977,0.9772,4.00,16.20
2010.10.04 05:59:46.162,0.97695,0.9772,14.00,16.20
2010.10.04 05:59:46.508,0.97695,0.97715,8.40,5.60
2010.10.04 05:59:48.524,0.97695,0.9772,8.40,17.80
2010.10.04 05:59:48.578,0.97695,0.9772,15.60,17.80
2010.10.04 05:59:48.626,0.97695,0.9772,10.00,17.80
2010.10.04 05:59:48.678,0.97695,0.97715,8.40,5.60
2010.10.04 05:59:49.442,0.97695,0.97715,14.00,1.60
2010.10.04 05:59:51.445,0.977,0.9772,1.00,17.80
2010.10.04 05:59:51.784,0.97695,0.9772,14.00,17.80
2010.10.04 05:59:52.840,0.97695,0.9771,1.00,3.20
2010.10.04 05:59:55.884,0.9769,0.9771,10.40,3.20
2010.10.04 05:59:56.744,0.9769,0.9771,10.40,5.60
2010.10.04 05:59:56.924,0.9769,0.9771,10.40,6.40
2010.10.04 05:59:58.215,0.9769,0.9771,10.80,6.40
