2011.04.18 08:00:00.015,0.89392,0.89409,3.80,2.25
2011.04.18 08:00:00.125,0.89393,0.89409,1.50,2.25
2011.04.18 08:00:00.688,0.89392,0.89406,3.00,2.10
2011.04.18 08:00:00.811,0.8938,0.89405,3.74,1.50
2011.04.18 08:00:00.929,0.89384,0.89404,1.11,1.50
2011.04.18 08:00:01.281,0.89382,0.89401,2.24,2.10
2011.04.18 08:00:01.969,0.89384,0.89399,1.49,1.50
2011.04.18 08:00:02.188,0.89387,0.89403,1.13,1.50
2011.04.18 08:00:02.417,0.89385,0.89401,2.25,1.50
2011.04.18 08:00:02.646,0.89383,0.89401,1.65,2.25
2011.04.18 08:00:02.763,0.89383,0.89401,2.03,1.50
2011.04.18 08:00:03.097,0.89382,0.89392,1.50,1.75
2011.04.18 08:00:03.217,0.89378,0.89392,1.50,1.50
2011.04.18 08:00:03.559,0.89375,0.89386,1.50,1.50
2011.04.18 08:00:03.787,0.89376,0.89392,1.50,2.25
2011.04.18 08:00:03.907,0.89376,0.89394,2.25,1.50
2011.04.18 08:00:04.026,0.89377,0.89394,1.50,1.50
2011.04.18 08:00:04.355,0.89379,0.89395,1.70,1.50
2011.04.18 08:00:04.871,0.89381,0.89395,1.70,1.50
2011.04.18 08:00:04.995,0.89386,0.89403,1.50,1.50
2011.04.18 08:00:05.108,0.89386,0.89403,1.50,2.25
2011.04.18 08:00:05.339,0.8939,0.89405,2.70,2.25
2011.04.18 08:00:05.458,0.89395,0.89409,1.50,1.50
2011.04.18 08:00:05.797,0.89401,0.89414,1.50,1.50
2011.04.18 08:00:06.028,0.89404,0.89417,1.50,1.93
2011.04.18 08:00:06.475,0.89403,0.89421,1.50,2.25
2011.04.18 08:00:07.029,0.894,0.89417,2.25,2.35
2011.04.18 08:00:07.478,0.89402,0.89421,3.05,1.50
2011.04.18 08:00:08.021,0.89402,0.89421,1.55,1.50
2011.04.18 08:00:08.137,0.89403,0.89421,1.50,1.50
2011.04.18 08:00:08.478,0.89405,0.89425,1.55,2.25
2011.04.18 08:00:08.601,0.89406,0.89426,2.25,2.25
2011.04.18 08:00:08.716,0.89407,0.89426,1.50,2.25
2011.04.18 08:00:09.266,0.89403,0.89408,1.55,3.75
2011.04.18 08:00:09.496,0.89397,0.89408,1.50,1.50
2011.04.18 08:00:09.610,0.89391,0.89403,5.40,1.50
2011.04.18 08:00:09.731,0.89389,0.89407,1.50,2.85
2011.04.18 08:00:09.958,0.89391,0.89402,1.50,1.35
2011.04.18 08:00:10.076,0.89387,0.89402,1.50,2.10
2011.04.18 08:00:10.188,0.89385,0.89401,1.50,1.35
2011.04.18 08:00:10.416,0.89387,0.89402,1.74,2.10
2011.04.18 08:00:10.963,0.89391,0.89404,1.35,1.50
2011.04.18 08:00:11.084,0.89395,0.8941,1.50,2.25
2011.04.18 08:00:11.308,0.89395,0.89413,1.55,1.50
2011.04.18 08:00:11.868,0.89396,0.8941,1.50,1.50
2011.04.18 08:00:12.205,0.89389,0.89401,1.50,3.00
2011.04.18 08:00:12.535,0.89387,0.89401,1.50,1.50
2011.04.18 08:00:13.305,0.89387,0.89402,1.50,1.50
2011.04.18 08:00:13.749,0.89389,0.89406,1.88,4.17
2011.04.18 08:00:13.869,0.89391,0.89407,1.50,4.89
2011.04.18 08:00:14.440,0.89393,0.89409,2.25,2.64
2011.04.18 08:00:14.556,0.89405,0.8942,1.50,5.40
2011.04.18 08:00:14.889,0.89405,0.89423,1.50,1.35
2011.04.18 08:00:15.994,0.89406,0.89419,1.50,1.35
2011.04.18 08:00:16.440,0.89405,0.89417,1.50,3.00
2011.04.18 08:00:16.560,0.89403,0.89417,1.50,3.00
2011.04.18 08:00:16.676,0.894,0.89417,1.50,1.50
2011.04.18 08:00:18.782,0.89403,0.8942,2.25,1.35
2011.04.18 08:00:20.548,0.89404,0.8942,1.50,1.35
2011.04.18 08:00:21.105,0.89406,0.89421,1.50,1.35
2011.04.18 08:00:21.656,0.89408,0.89422,1.88,1.35
2011.04.18 08:00:21.986,0.89409,0.89426,1.92,4.73
2011.04.18 08:00:22.096,0.89409,0.89426,1.92,3.98
2011.04.18 08:00:22.644,0.89409,0.89424,1.92,2.10
2011.04.18 08:00:23.481,0.8941,0.8942,1.50,1.50
2011.04.18 08:00:23.606,0.89401,0.89415,1.50,1.73
2011.04.18 08:00:23.837,0.89399,0.89414,3.00,1.13
2011.04.18 08:00:23.957,0.894,0.89415,1.50,1.50
2011.04.18 08:00:24.077,0.89401,0.8942,2.25,2.10
2011.04.18 08:00:24.197,0.89402,0.8942,1.50,2.10
2011.04.18 08:00:24.535,0.89405,0.89422,1.50,3.60
2011.04.18 08:00:25.083,0.89405,0.89422,1.50,3.60
2011.04.18 08:00:25.615,0.89405,0.89422,1.50,2.10
2011.04.18 08:00:26.165,0.89406,0.89422,1.50,1.35
2011.04.18 08:00:26.716,0.89406,0.89422,1.50,1.35
2011.04.18 08:00:27.158,0.89408,0.89414,1.50,3.23
2011.04.18 08:00:27.676,0.89398,0.8941,1.50,1.50
2011.04.18 08:00:27.900,0.894,0.89415,1.50,3.75
2011.04.18 08:00:28.128,0.89402,0.89416,1.13,2.25
2011.04.18 08:00:28.685,0.89402,0.8942,2.25,1.50
2011.04.18 08:00:28.796,0.89404,0.89421,1.50,1.50
2011.04.18 08:00:29.019,0.89406,0.89422,1.50,1.50
2011.04.18 08:00:29.137,0.89406,0.89423,1.50,1.50
2011.04.18 08:00:29.696,0.89407,0.89422,1.50,2.10
2011.04.18 08:00:29.917,0.89406,0.89422,1.50,2.10
2011.04.18 08:00:30.148,0.8941,0.89423,2.10,1.50
2011.04.18 08:00:30.377,0.89415,0.89431,1.50,3.00
2011.04.18 08:00:30.813,0.89416,0.89435,2.90,1.50
2011.04.18 08:00:30.932,0.89421,0.89438,1.50,2.25
2011.04.18 08:00:31.269,0.89423,0.89441,1.50,1.82
2011.04.18 08:00:31.937,0.89423,0.89438,1.50,1.50
2011.04.18 08:00:32.060,0.89423,0.8944,1.50,6.00
2011.04.18 08:00:32.178,0.89423,0.89438,1.50,2.25
2011.04.18 08:00:32.820,0.89428,0.89438,2.25,3.60
2011.04.18 08:00:33.170,0.89442,0.8946,2.25,1.50
2011.04.18 08:00:33.407,0.89444,0.89459,1.35,2.25
2011.04.18 08:00:33.748,0.89451,0.89466,1.50,1.50
2011.04.18 08:00:34.213,0.89453,0.89468,1.50,2.25
2011.04.18 08:00:34.656,0.89454,0.89468,1.50,1.50
2011.04.18 08:00:35.000,0.89444,0.89456,1.50,1.50
2011.04.18 08:00:35.123,0.89441,0.89448,1.50,1.50
2011.04.18 08:00:35.238,0.8944,0.89448,1.50,1.50
2011.04.18 08:00:35.356,0.89434,0.8945,1.50,2.25
2011.04.18 08:00:35.577,0.89433,0.89447,2.25,1.35
2011.04.18 08:00:35.807,0.89427,0.89442,2.25,2.25
2011.04.18 08:00:35.925,0.89424,0.89442,1.50,3.75
2011.04.18 08:00:36.146,0.89424,0.89441,1.50,4.01
2011.04.18 08:00:36.584,0.89421,0.89437,1.50,1.50
2011.04.18 08:00:37.244,0.89422,0.89437,1.50,1.50
2011.04.18 08:00:37.576,0.89417,0.89431,2.25,2.10
2011.04.18 08:00:38.016,0.89415,0.89431,2.25,2.85
2011.04.18 08:00:38.368,0.89415,0.89432,1.50,1.50
2011.04.18 08:00:38.596,0.89415,0.89432,2.25,1.50
2011.04.18 08:00:39.037,0.89416,0.89434,1.50,3.00
2011.04.18 08:00:39.376,0.89418,0.89434,1.50,2.25
2011.04.18 08:00:40.254,0.89418,0.89435,1.50,1.50
2011.04.18 08:00:40.805,0.89418,0.89433,1.50,1.50
2011.04.18 08:00:42.355,0.89418,0.89434,1.50,3.00
2011.04.18 08:00:42.921,0.89419,0.89435,2.25,1.50
2011.04.18 08:00:43.475,0.89419,0.89434,2.25,1.50
2011.04.18 08:00:44.026,0.89425,0.89437,1.50,2.85
2011.04.18 08:00:44.248,0.89426,0.89444,1.88,3.00
2011.04.18 08:00:44.365,0.89429,0.89444,1.50,1.50
2011.04.18 08:00:44.478,0.8943,0.89447,2.25,1.50
2011.04.18 08:00:44.925,0.89432,0.89449,1.50,3.60
2011.04.18 08:00:46.355,0.89432,0.89449,2.25,3.79
2011.04.18 08:00:46.467,0.89432,0.89449,2.25,2.10
2011.04.18 08:00:47.136,0.89434,0.8945,2.25,2.10
2011.04.18 08:00:47.579,0.89434,0.89443,1.50,2.10
2011.04.18 08:00:47.700,0.8943,0.89443,1.50,1.13
2011.04.18 08:00:47.818,0.89429,0.89442,1.13,3.00
2011.04.18 08:00:47.940,0.89433,0.89449,1.50,3.00
2011.04.18 08:00:48.056,0.89435,0.89449,3.00,1.50
2011.04.18 08:00:48.649,0.89434,0.8945,1.50,2.25
2011.04.18 08:00:49.537,0.89434,0.89448,2.25,4.50
2011.04.18 08:00:49.765,0.89432,0.89448,1.50,5.25
2011.04.18 08:00:50.097,0.89433,0.89449,1.50,1.13
2011.04.18 08:00:50.326,0.89435,0.89452,1.50,2.48
2011.04.18 08:00:50.874,0.89435,0.89452,1.50,2.48
2011.04.18 08:00:51.424,0.89435,0.89452,1.50,2.48
2011.04.18 08:00:52.085,0.89435,0.89451,1.50,1.50
2011.04.18 08:00:52.416,0.89433,0.89451,3.00,2.25
2011.04.18 08:00:52.526,0.89433,0.89452,2.25,3.98
2011.04.18 08:00:52.637,0.89433,0.89452,3.00,3.98
2011.04.18 08:00:52.964,0.89436,0.89455,2.25,2.25
2011.04.18 08:00:54.175,0.89438,0.89455,1.50,1.50
2011.04.18 08:00:54.504,0.89439,0.89457,2.25,2.85
2011.04.18 08:00:56.632,0.8944,0.89457,3.00,2.10
2011.04.18 08:00:56.969,0.89442,0.89457,4.50,2.10
2011.04.18 08:00:57.086,0.89439,0.89457,1.50,2.25
2011.04.18 08:00:57.635,0.8944,0.89457,1.50,2.85
2011.04.18 08:00:58.407,0.8944,0.89454,1.50,1.35
2011.04.18 08:00:58.529,0.89441,0.89449,2.25,6.00
2011.04.18 08:00:58.648,0.89441,0.89453,1.50,2.25
2011.04.18 08:00:58.768,0.89442,0.89455,2.25,2.25
2011.04.18 08:00:58.886,0.89443,0.89459,1.50,2.25
2011.04.18 08:00:59.107,0.89447,0.89459,2.25,1.50
2011.04.18 08:00:59.704,0.89448,0.89463,1.50,1.50
2011.04.18 08:00:59.826,0.89451,0.89467,2.25,1.50
2011.04.18 08:01:00.265,0.89455,0.8947,1.50,1.50
2011.04.18 08:01:00.598,0.89455,0.89468,1.50,1.50
2011.04.18 08:01:00.825,0.89455,0.89471,1.50,1.50
2011.04.18 08:01:01.160,0.89457,0.89471,1.50,1.50
2011.04.18 08:01:01.608,0.8946,0.89473,1.50,1.50
2011.04.18 08:01:01.947,0.89456,0.89461,1.50,3.75
2011.04.18 08:01:02.058,0.89458,0.89469,2.25,3.00
2011.04.18 08:01:02.175,0.89458,0.8947,2.25,3.00
2011.04.18 08:01:02.287,0.89459,0.89472,1.50,1.50
2011.04.18 08:01:02.407,0.89456,0.89472,3.00,2.25
2011.04.18 08:01:02.524,0.89456,0.89472,2.25,1.50
2011.04.18 08:01:02.964,0.89456,0.89472,2.25,1.50
2011.04.18 08:01:03.187,0.89455,0.89466,1.50,2.25
2011.04.18 08:01:03.418,0.89453,0.89468,2.63,2.25
2011.04.18 08:01:03.648,0.89457,0.89471,1.50,1.50
2011.04.18 08:01:04.117,0.89464,0.89476,1.50,1.50
2011.04.18 08:01:04.348,0.89463,0.89479,1.50,3.00
2011.04.18 08:01:04.465,0.89463,0.89478,1.50,1.50
2011.04.18 08:01:04.796,0.8946,0.89474,1.50,2.25
2011.04.18 08:01:04.905,0.8946,0.89474,1.50,2.25
2011.04.18 08:01:05.455,0.89462,0.89474,1.50,2.25
2011.04.18 08:01:06.134,0.89463,0.89474,1.50,2.25
2011.04.18 08:01:06.469,0.8947,0.89485,1.50,1.50
2011.04.18 08:01:06.588,0.89474,0.89492,2.25,2.10
2011.04.18 08:01:06.709,0.89474,0.89491,1.50,1.35
2011.04.18 08:01:06.936,0.89478,0.89492,1.50,1.50
2011.04.18 08:01:07.155,0.89477,0.89491,1.50,1.50
2011.04.18 08:01:07.377,0.89476,0.89489,2.25,1.50
2011.04.18 08:01:07.717,0.89475,0.89488,1.50,1.50
2011.04.18 08:01:08.056,0.8947,0.89483,2.25,2.25
2011.04.18 08:01:08.604,0.8947,0.89482,1.50,2.25
2011.04.18 08:01:11.506,0.8947,0.89479,1.50,1.35
2011.04.18 08:01:11.725,0.8947,0.89483,1.50,1.13
2011.04.18 08:01:12.276,0.8947,0.89484,1.50,1.35
2011.04.18 08:01:13.484,0.8947,0.89483,1.50,1.50
2011.04.18 08:01:13.706,0.89466,0.89479,2.25,1.50
2011.04.18 08:01:14.038,0.89464,0.89476,1.50,1.35
2011.04.18 08:01:14.156,0.89465,0.89478,1.50,2.48
2011.04.18 08:01:14.626,0.89466,0.89482,1.50,5.10
2011.04.18 08:01:14.742,0.89468,0.89481,1.50,1.50
2011.04.18 08:01:14.857,0.89469,0.89484,1.50,2.10
2011.04.18 08:01:15.405,0.89471,0.89484,1.50,1.35
2011.04.18 08:01:15.957,0.89468,0.89484,2.25,1.35
2011.04.18 08:01:17.277,0.89468,0.89484,2.25,1.73
2011.04.18 08:01:17.834,0.89467,0.89484,2.25,2.85
2011.04.18 08:01:18.055,0.89467,0.89483,1.50,1.50
2011.04.18 08:01:18.494,0.89466,0.89483,1.50,2.25
2011.04.18 08:01:21.259,0.89469,0.89484,1.50,2.85
2011.04.18 08:01:21.377,0.89469,0.89484,2.25,2.10
2011.04.18 08:01:22.484,0.89469,0.89479,1.50,1.50
2011.04.18 08:01:22.706,0.89468,0.89479,1.50,2.25
2011.04.18 08:01:22.815,0.89465,0.89479,1.50,1.50
2011.04.18 08:01:23.035,0.89465,0.89478,1.50,2.10
2011.04.18 08:01:23.368,0.89463,0.89476,1.50,1.50
2011.04.18 08:01:24.255,0.89463,0.89476,2.25,1.50
2011.04.18 08:01:24.586,0.8946,0.89472,2.25,2.85
2011.04.18 08:01:24.916,0.89458,0.89473,1.50,2.85
2011.04.18 08:01:25.576,0.89457,0.89468,1.50,3.00
2011.04.18 08:01:25.909,0.89451,0.89464,1.54,3.60
2011.04.18 08:01:26.027,0.89449,0.89464,1.57,3.60
2011.04.18 08:01:26.695,0.8945,0.89464,1.54,3.60
2011.04.18 08:01:27.026,0.8945,0.89464,1.54,2.25
2011.04.18 08:01:27.247,0.89453,0.89466,2.29,1.50
2011.04.18 08:01:27.575,0.89453,0.89461,2.25,3.00
2011.04.18 08:01:27.907,0.89448,0.89461,2.36,3.60
2011.04.18 08:01:28.030,0.89452,0.89463,1.50,2.25
2011.04.18 08:01:28.585,0.89452,0.89462,1.50,1.50
2011.04.18 08:01:28.916,0.89453,0.89464,1.50,1.50
2011.04.18 08:01:29.355,0.89452,0.89468,2.25,2.25
2011.04.18 08:01:29.465,0.89454,0.89468,1.50,1.50
2011.04.18 08:01:30.565,0.89454,0.89468,1.50,1.50
2011.04.18 08:01:30.896,0.89447,0.89461,1.61,2.25
2011.04.18 08:01:31.494,0.89443,0.89459,1.61,1.50
2011.04.18 08:01:31.715,0.89443,0.89459,1.54,2.25
2011.04.18 08:01:31.825,0.89442,0.89459,1.50,2.25
2011.04.18 08:01:32.484,0.89441,0.89459,2.25,2.25
2011.04.18 08:01:33.115,0.89441,0.89453,1.50,1.35
2011.04.18 08:01:33.445,0.89441,0.89458,1.50,1.35
2011.04.18 08:01:33.665,0.89442,0.89458,1.50,1.35
2011.04.18 08:01:34.214,0.89442,0.89457,1.50,1.50
2011.04.18 08:01:34.655,0.89441,0.8945,1.50,1.50
2011.04.18 08:01:34.987,0.89435,0.89448,1.54,1.50
2011.04.18 08:01:35.658,0.89437,0.89451,1.54,3.00
2011.04.18 08:01:35.996,0.89438,0.89452,1.50,1.50
2011.04.18 08:01:36.105,0.89436,0.89452,3.00,1.50
2011.04.18 08:01:36.218,0.89435,0.89451,1.50,5.25
2011.04.18 08:01:40.525,0.89435,0.89448,2.25,1.50
2011.04.18 08:01:41.075,0.89437,0.89448,1.50,1.50
2011.04.18 08:01:42.176,0.89437,0.89448,2.25,1.50
2011.04.18 08:01:42.287,0.89437,0.89451,1.50,2.25
2011.04.18 08:01:42.966,0.89439,0.89453,1.50,2.25
2011.04.18 08:01:43.296,0.89441,0.89452,1.50,1.50
2011.04.18 08:01:43.736,0.89439,0.89452,1.50,1.50
2011.04.18 08:01:45.946,0.89439,0.89449,1.50,1.50
2011.04.18 08:01:46.584,0.89433,0.89449,1.50,1.50
2011.04.18 08:01:46.811,0.89436,0.8945,1.50,3.00
2011.04.18 08:01:47.926,0.89433,0.89443,1.50,4.50
2011.04.18 08:01:48.037,0.89433,0.8944,1.50,1.35
2011.04.18 08:01:48.278,0.89429,0.89443,1.57,1.50
2011.04.18 08:01:48.397,0.89429,0.89442,1.57,1.50
2011.04.18 08:01:48.956,0.89427,0.89442,1.61,1.50
2011.04.18 08:01:49.397,0.89429,0.89445,2.21,2.25
2011.04.18 08:01:49.507,0.89429,0.89445,1.61,1.50
2011.04.18 08:01:49.835,0.89429,0.89444,1.50,1.50
2011.04.18 08:01:49.945,0.89429,0.89445,1.50,3.75
2011.04.18 08:01:50.054,0.89429,0.89445,1.50,4.50
2011.04.18 08:01:50.384,0.89429,0.89444,1.50,2.25
2011.04.18 08:01:50.935,0.89431,0.89444,1.50,2.25
2011.04.18 08:01:51.267,0.89432,0.89444,1.13,2.25
2011.04.18 08:01:51.380,0.89432,0.89444,1.88,1.50
2011.04.18 08:01:51.499,0.89435,0.89448,1.50,2.25
2011.04.18 08:01:51.898,0.89435,0.89448,1.50,1.50
2011.04.18 08:01:52.246,0.89442,0.89449,1.50,1.50
2011.04.18 08:01:52.465,0.89442,0.89451,1.50,1.50
2011.04.18 08:01:52.974,0.89442,0.89452,1.50,1.50
2011.04.18 08:01:53.197,0.89442,0.89452,1.50,1.50
2011.04.18 08:01:53.745,0.89442,0.89455,1.50,1.50
2011.04.18 08:01:54.185,0.8944,0.89451,3.00,1.50
2011.04.18 08:01:54.516,0.89442,0.89454,1.50,1.50
2011.04.18 08:01:55.966,0.89441,0.89454,1.50,1.50
2011.04.18 08:01:59.545,0.8944,0.89456,2.25,2.25
2011.04.18 08:02:01.325,0.8944,0.89456,1.50,3.00
2011.04.18 08:02:01.656,0.89452,0.89463,1.50,2.10
2011.04.18 08:02:01.767,0.89452,0.89463,1.50,1.35
2011.04.18 08:02:01.999,0.89444,0.89461,1.57,3.75
2011.04.18 08:02:02.226,0.89443,0.8946,1.61,1.50
2011.04.18 08:02:02.774,0.89441,0.89458,3.11,1.35
2011.04.18 08:02:03.326,0.89441,0.89456,3.11,1.50
2011.04.18 08:02:04.075,0.89438,0.89454,1.61,4.50
2011.04.18 08:02:04.195,0.89438,0.89451,1.50,3.00
2011.04.18 08:02:04.745,0.89438,0.89452,1.50,3.60
2011.04.18 08:02:06.567,0.89438,0.89452,1.50,2.85
2011.04.18 08:02:07.006,0.8944,0.89452,1.50,2.25
2011.04.18 08:02:07.335,0.8944,0.89452,1.50,1.50
2011.04.18 08:02:07.445,0.8944,0.89446,1.50,1.50
2011.04.18 08:02:10.378,0.8944,0.89452,1.50,1.50
2011.04.18 08:02:11.708,0.8944,0.89452,3.00,1.50
2011.04.18 08:02:11.826,0.89441,0.89455,1.50,1.50
2011.04.18 08:02:12.044,0.89441,0.89457,1.50,2.10
2011.04.18 08:02:12.375,0.89444,0.89457,1.50,2.10
2011.04.18 08:02:13.254,0.89444,0.89457,1.50,1.50
2011.04.18 08:02:13.584,0.89444,0.89457,1.50,2.25
2011.04.18 08:02:13.916,0.89442,0.89457,1.50,2.25
2011.04.18 08:02:14.026,0.89444,0.89457,1.50,1.50
2011.04.18 08:02:14.246,0.89444,0.89457,1.50,1.50
2011.04.18 08:02:14.574,0.89444,0.89457,1.50,1.50
2011.04.18 08:02:14.795,0.89444,0.89457,1.50,2.25
2011.04.18 08:02:15.125,0.89444,0.89451,1.50,3.00
2011.04.18 08:02:15.235,0.89444,0.89457,1.50,1.50
2011.04.18 08:02:15.785,0.89444,0.89456,1.50,1.50
2011.04.18 08:02:17.000,0.89444,0.89456,1.50,2.85
2011.04.18 08:02:20.415,0.89442,0.89456,2.25,2.85
2011.04.18 08:02:25.236,0.89442,0.89456,1.50,2.85
2011.04.18 08:02:25.794,0.89442,0.89456,1.50,2.85
2011.04.18 08:02:26.607,0.89443,0.89457,1.50,1.35
2011.04.18 08:02:27.165,0.89444,0.89458,1.50,1.50
2011.04.18 08:02:27.936,0.89446,0.8946,1.50,1.13
2011.04.18 08:02:28.155,0.89448,0.89464,3.00,1.50
2011.04.18 08:02:28.375,0.89448,0.89466,3.00,4.35
2011.04.18 08:02:29.845,0.8945,0.89465,1.50,2.10
2011.04.18 08:02:29.956,0.8945,0.89464,1.50,2.10
2011.04.18 08:02:30.067,0.89451,0.89466,1.50,4.13
2011.04.18 08:02:30.288,0.8945,0.89464,1.50,1.50
2011.04.18 08:02:34.042,0.89449,0.89464,1.50,2.25
2011.04.18 08:02:34.380,0.89449,0.89458,2.25,3.23
2011.04.18 08:02:34.607,0.89441,0.89452,3.00,13.01
2011.04.18 08:02:34.836,0.89443,0.89451,1.50,13.01
2011.04.18 08:02:35.383,0.89443,0.89455,1.50,2.10
2011.04.18 08:02:35.606,0.89443,0.89452,1.50,13.01
2011.04.18 08:02:36.154,0.89441,0.89451,1.50,13.01
2011.04.18 08:02:36.264,0.89441,0.89456,1.50,3.60
2011.04.18 08:02:37.064,0.89441,0.89454,1.50,1.35
2011.04.18 08:02:37.286,0.89438,0.8945,1.13,1.50
2011.04.18 08:02:37.396,0.89438,0.89449,1.13,1.35
2011.04.18 08:02:37.616,0.89438,0.89451,1.88,3.00
2011.04.18 08:02:37.725,0.89444,0.89451,1.50,1.50
2011.04.18 08:02:37.946,0.89443,0.89456,1.50,1.19
2011.04.18 08:02:38.385,0.89445,0.89457,1.50,2.98
2011.04.18 08:02:39.267,0.89443,0.89454,1.50,1.50
2011.04.18 08:02:39.499,0.89437,0.89449,1.50,1.50
2011.04.18 08:02:39.863,0.8944,0.8945,1.50,1.35
2011.04.18 08:02:40.099,0.89439,0.89454,1.50,1.35
2011.04.18 08:02:40.326,0.89438,0.89455,1.50,2.85
2011.04.18 08:02:40.765,0.89439,0.89454,1.50,2.10
2011.04.18 08:02:41.536,0.89439,0.89449,1.50,1.35
2011.04.18 08:02:41.867,0.89436,0.89448,2.25,1.35
2011.04.18 08:02:41.976,0.89436,0.89446,1.50,1.19
2011.04.18 08:02:42.304,0.89433,0.89445,2.25,1.42
2011.04.18 08:02:42.858,0.89434,0.89444,1.50,1.50
2011.04.18 08:02:42.977,0.89433,0.89444,1.50,1.50
2011.04.18 08:02:43.209,0.89432,0.89445,1.50,2.85
2011.04.18 08:02:43.546,0.89432,0.89445,1.50,1.50
2011.04.18 08:02:43.875,0.89432,0.89445,1.50,1.50
2011.04.18 08:02:44.774,0.89432,0.89445,1.50,1.50
2011.04.18 08:02:45.215,0.89432,0.89445,1.50,1.50
2011.04.18 08:02:45.656,0.89432,0.89445,1.50,2.25
2011.04.18 08:02:45.988,0.89427,0.89436,1.50,1.50
2011.04.18 08:02:46.107,0.89424,0.89436,1.50,1.50
2011.04.18 08:02:46.447,0.89428,0.89441,1.13,1.50
2011.04.18 08:02:46.678,0.89432,0.89442,1.50,2.25
2011.04.18 08:02:47.016,0.89435,0.89445,2.25,1.50
2011.04.18 08:02:47.127,0.89437,0.89445,1.50,1.50
2011.04.18 08:02:47.248,0.89437,0.89448,1.50,1.50
2011.04.18 08:02:47.367,0.89438,0.89448,1.50,1.50
2011.04.18 08:02:48.025,0.89441,0.89455,1.50,3.00
2011.04.18 08:02:48.896,0.89441,0.89448,1.50,1.50
2011.04.18 08:02:49.016,0.89427,0.89442,2.25,3.75
2011.04.18 08:02:49.130,0.89435,0.89447,1.50,3.00
2011.04.18 08:02:49.249,0.89435,0.89446,1.50,1.50
2011.04.18 08:02:49.368,0.89432,0.89447,1.50,1.50
2011.04.18 08:02:49.596,0.89433,0.8945,2.25,2.25
2011.04.18 08:02:49.928,0.89437,0.89449,2.10,1.50
2011.04.18 08:02:50.047,0.89439,0.89456,1.50,3.75
2011.04.18 08:02:50.158,0.8944,0.89456,3.00,3.00
2011.04.18 08:02:50.506,0.89443,0.89451,1.50,1.50
2011.04.18 08:02:50.617,0.8944,0.89451,1.13,2.25
2011.04.18 08:02:54.467,0.89436,0.89444,1.50,1.50
2011.04.18 08:02:54.586,0.89433,0.89444,2.70,1.35
2011.04.18 08:02:54.697,0.89431,0.89446,2.25,3.23
2011.04.18 08:02:55.035,0.89433,0.89445,1.50,1.50
2011.04.18 08:02:55.584,0.89436,0.89445,1.50,1.50
2011.04.18 08:02:55.695,0.89436,0.89447,1.50,1.50
2011.04.18 08:02:55.805,0.89437,0.89447,1.50,1.50
2011.04.18 08:02:56.135,0.89436,0.89448,1.50,1.50
2011.04.18 08:02:58.275,0.89437,0.89448,1.50,1.50
2011.04.18 08:02:58.605,0.89439,0.8945,1.50,1.50
2011.04.18 08:02:58.718,0.89439,0.8945,1.50,1.50
2011.04.18 08:02:58.945,0.89439,0.89452,1.50,1.50
2011.04.18 08:02:59.274,0.89439,0.89452,1.50,1.50
2011.04.18 08:02:59.609,0.89438,0.89452,1.50,2.25
2011.04.18 08:02:59.836,0.89437,0.89452,1.50,2.25
2011.04.18 08:03:00.490,0.89436,0.89449,1.50,1.50
2011.04.18 08:03:00.836,0.89434,0.89448,1.50,2.25
2011.04.18 08:03:00.947,0.89435,0.8945,1.50,3.75
2011.04.18 08:03:01.176,0.89436,0.89452,4.50,2.25
2011.04.18 08:03:01.506,0.8944,0.8945,1.50,1.50
2011.04.18 08:03:01.618,0.89439,0.89453,1.50,3.00
2011.04.18 08:03:01.846,0.89439,0.89453,1.50,3.75
2011.04.18 08:03:02.615,0.89438,0.89452,2.25,1.50
2011.04.18 08:03:02.837,0.89438,0.89451,3.00,2.10
2011.04.18 08:03:03.396,0.89438,0.89452,1.50,3.75
2011.04.18 08:03:03.616,0.89439,0.89452,1.50,1.50
2011.04.18 08:03:03.725,0.89439,0.8945,1.50,2.25
2011.04.18 08:03:03.947,0.89439,0.89452,1.50,1.50
2011.04.18 08:03:04.066,0.89439,0.89453,1.50,1.50
2011.04.18 08:03:04.662,0.89441,0.89452,1.50,1.50
2011.04.18 08:03:05.220,0.89438,0.89452,3.00,1.50
2011.04.18 08:03:05.776,0.89438,0.89452,2.25,2.25
2011.04.18 08:03:06.108,0.89441,0.89452,1.50,1.50
2011.04.18 08:03:06.448,0.8944,0.89455,3.00,1.50
2011.04.18 08:03:06.567,0.8944,0.89455,3.00,1.50
2011.04.18 08:03:06.676,0.89442,0.89457,1.50,3.00
2011.04.18 08:03:07.334,0.89442,0.89457,2.25,1.50
2011.04.18 08:03:07.996,0.89444,0.89458,3.38,1.50
2011.04.18 08:03:08.106,0.89445,0.89458,1.50,1.50
2011.04.18 08:03:08.219,0.89448,0.89462,1.50,2.10
2011.04.18 08:03:08.621,0.89447,0.89462,1.50,1.35
2011.04.18 08:03:08.740,0.89448,0.8946,1.50,1.50
2011.04.18 08:03:08.966,0.89448,0.8946,2.25,1.50
2011.04.18 08:03:09.296,0.89451,0.89463,1.50,2.10
2011.04.18 08:03:09.846,0.89451,0.89462,1.50,2.10
2011.04.18 08:03:10.948,0.89449,0.89462,1.50,2.85
2011.04.18 08:03:13.046,0.89447,0.89462,3.00,2.10
2011.04.18 08:03:16.215,0.89448,0.89462,1.50,3.60
2011.04.18 08:03:16.765,0.89449,0.89462,1.50,3.60
2011.04.18 08:03:17.315,0.89448,0.89462,1.50,2.85
2011.04.18 08:03:17.975,0.89448,0.89462,1.50,2.10
2011.04.18 08:03:18.966,0.89448,0.89461,1.50,1.50
2011.04.18 08:03:19.077,0.89445,0.8946,1.50,1.50
2011.04.18 08:03:19.418,0.89443,0.89456,1.50,2.25
2011.04.18 08:03:19.966,0.89436,0.8945,2.25,1.35
2011.04.18 08:03:22.216,0.89436,0.89451,1.50,1.35
2011.04.18 08:03:22.326,0.89435,0.89451,1.50,2.10
2011.04.18 08:03:22.436,0.89435,0.89448,1.50,1.50
2011.04.18 08:03:22.548,0.89433,0.89448,3.75,2.25
2011.04.18 08:03:23.105,0.89434,0.89451,1.50,1.35
2011.04.18 08:03:23.217,0.89436,0.89452,3.00,2.85
2011.04.18 08:03:23.545,0.89436,0.89452,3.00,2.85
2011.04.18 08:03:23.765,0.89436,0.89452,3.00,2.85
2011.04.18 08:03:24.096,0.89434,0.89448,1.50,1.50
2011.04.18 08:03:24.317,0.89434,0.89448,1.50,1.50
2011.04.18 08:03:24.436,0.89432,0.89448,1.50,1.50
2011.04.18 08:03:24.655,0.89437,0.8945,1.50,1.58
2011.04.18 08:03:24.984,0.89436,0.89449,1.50,2.25
2011.04.18 08:03:25.315,0.89435,0.89444,1.50,1.50
2011.04.18 08:03:25.796,0.89433,0.89446,2.25,1.35
2011.04.18 08:03:25.908,0.89432,0.89447,1.50,2.85
2011.04.18 08:03:26.459,0.89432,0.89447,2.25,2.25
2011.04.18 08:03:27.457,0.89432,0.89441,1.50,1.50
2011.04.18 08:03:27.566,0.89426,0.89439,1.50,1.50
2011.04.18 08:03:27.787,0.89424,0.89441,2.25,3.75
2011.04.18 08:03:28.009,0.89431,0.89441,1.50,2.25
2011.04.18 08:03:28.238,0.89431,0.89446,1.50,3.00
2011.04.18 08:03:28.358,0.89432,0.89446,1.50,2.25
2011.04.18 08:03:28.476,0.89432,0.89446,1.50,3.00
2011.04.18 08:03:29.025,0.89435,0.89446,1.50,3.00
2011.04.18 08:03:30.297,0.89439,0.89451,1.50,1.50
2011.04.18 08:03:30.419,0.89438,0.89452,1.50,1.50
2011.04.18 08:03:30.538,0.89438,0.8945,1.50,1.50
2011.04.18 08:03:30.885,0.89435,0.89449,1.13,1.50
2011.04.18 08:03:31.438,0.89438,0.89449,1.50,1.50
2011.04.18 08:03:33.315,0.89437,0.89452,1.50,1.50
2011.04.18 08:03:33.866,0.89437,0.89454,1.50,4.35
2011.04.18 08:03:33.975,0.89437,0.89454,1.50,2.85
2011.04.18 08:03:34.856,0.89439,0.89454,1.50,2.10
2011.04.18 08:03:36.750,0.89442,0.89454,1.50,1.50
2011.04.18 08:03:37.086,0.89445,0.89458,1.50,1.50
2011.04.18 08:03:37.306,0.89442,0.89458,1.50,2.25
2011.04.18 08:03:37.527,0.89444,0.89459,2.25,3.00
2011.04.18 08:03:37.745,0.89444,0.89459,2.25,2.25
2011.04.18 08:03:38.627,0.89443,0.89459,2.25,1.50
2011.04.18 08:03:38.855,0.89445,0.8946,1.50,3.75
2011.04.18 08:03:39.187,0.89446,0.8946,1.50,3.00
2011.04.18 08:03:39.308,0.89446,0.8946,2.25,1.50
2011.04.18 08:03:39.758,0.89445,0.8946,2.25,2.25
2011.04.18 08:03:40.608,0.89445,0.89459,2.25,1.50
2011.04.18 08:03:41.166,0.89447,0.8946,1.50,2.25
2011.04.18 08:03:41.606,0.89446,0.89459,1.50,1.50
2011.04.18 08:03:41.934,0.89444,0.89459,1.50,2.25
2011.04.18 08:03:42.377,0.89444,0.89459,2.25,1.50
2011.04.18 08:03:46.662,0.89444,0.89459,1.50,1.50
2011.04.18 08:03:46.776,0.89446,0.89459,1.50,1.50
2011.04.18 08:03:47.325,0.89446,0.8946,1.50,1.50
2011.04.18 08:03:47.987,0.89446,0.89461,2.25,1.50
2011.04.18 08:03:48.656,0.89446,0.89462,1.50,4.35
2011.04.18 08:03:49.095,0.89446,0.89459,1.50,1.50
2011.04.18 08:03:49.207,0.89443,0.89458,1.50,1.50
2011.04.18 08:03:49.425,0.89447,0.89462,1.50,2.85
2011.04.18 08:03:50.524,0.89447,0.89462,1.50,3.60
2011.04.18 08:03:51.076,0.89446,0.89462,1.50,5.48
2011.04.18 08:03:51.186,0.89448,0.89462,1.50,3.23
2011.04.18 08:03:51.734,0.89446,0.89462,2.25,2.10
2011.04.18 08:03:52.718,0.89446,0.89462,2.25,3.60
2011.04.18 08:03:53.167,0.89445,0.89461,1.50,2.25
2011.04.18 08:03:54.606,0.89445,0.89459,1.50,1.50
2011.04.18 08:03:54.935,0.89445,0.89457,1.50,1.50
2011.04.18 08:03:55.270,0.89444,0.89452,1.50,1.50
2011.04.18 08:03:55.497,0.89441,0.89451,1.50,1.50
2011.04.18 08:03:55.728,0.89438,0.89451,1.50,1.50
2011.04.18 08:03:56.617,0.89437,0.89448,1.88,1.50
2011.04.18 08:03:57.200,0.89434,0.89444,1.50,1.50
2011.04.18 08:03:57.537,0.89434,0.89448,1.50,2.25
2011.04.18 08:03:57.986,0.89435,0.89446,1.50,1.50
2011.04.18 08:03:58.318,0.89437,0.89447,1.50,1.50
2011.04.18 08:03:58.435,0.89432,0.89448,2.85,1.50
2011.04.18 08:03:58.984,0.89433,0.89448,1.35,1.50
2011.04.18 08:04:00.837,0.89432,0.89448,1.35,1.50
2011.04.18 08:04:01.395,0.89433,0.89449,1.35,1.50
2011.04.18 08:04:01.945,0.89433,0.89449,1.35,1.50
2011.04.18 08:04:02.275,0.89432,0.89449,1.50,1.50
2011.04.18 08:04:03.477,0.8943,0.89449,3.00,1.50
2011.04.18 08:04:04.357,0.89431,0.89449,1.50,1.50
2011.04.18 08:04:04.697,0.89433,0.89449,1.50,1.50
2011.04.18 08:04:04.818,0.89434,0.89449,2.25,1.50
2011.04.18 08:04:05.045,0.89434,0.89448,3.00,1.50
2011.04.18 08:04:05.376,0.89431,0.89447,1.50,1.50
2011.04.18 08:04:05.600,0.89433,0.8945,1.50,3.75
2011.04.18 08:04:05.826,0.89432,0.89448,2.25,1.50
2011.04.18 08:04:06.374,0.89432,0.89448,2.25,1.50
2011.04.18 08:04:06.894,0.89433,0.89448,1.50,1.50
2011.04.18 08:04:07.446,0.89433,0.89448,1.50,1.50
2011.04.18 08:04:07.666,0.89429,0.89444,3.60,1.50
2011.04.18 08:04:08.182,0.89429,0.89444,2.85,1.50
2011.04.18 08:04:08.296,0.89429,0.89443,2.10,1.50
2011.04.18 08:04:08.625,0.89429,0.89443,2.10,1.50
2011.04.18 08:04:09.405,0.89429,0.89443,1.35,1.50
2011.04.18 08:04:09.955,0.89429,0.89443,2.10,1.50
2011.04.18 08:04:10.177,0.89428,0.89443,4.50,1.50
2011.04.18 08:04:10.295,0.89428,0.89443,1.50,1.50
2011.04.18 08:04:10.845,0.89428,0.89443,1.50,1.50
2011.04.18 08:04:11.394,0.89428,0.89443,1.50,1.50
2011.04.18 08:04:11.725,0.89428,0.89443,1.50,1.50
2011.04.18 08:04:12.275,0.8943,0.89445,2.10,2.25
2011.04.18 08:04:12.497,0.89431,0.89448,4.50,1.50
2011.04.18 08:04:13.054,0.89432,0.89449,1.50,2.25
2011.04.18 08:04:14.226,0.89431,0.89448,4.50,1.50
2011.04.18 08:04:15.029,0.89433,0.89448,1.50,1.50
2011.04.18 08:04:15.586,0.89434,0.89449,1.50,1.50
2011.04.18 08:04:16.134,0.89434,0.8945,1.50,1.50
2011.04.18 08:04:16.805,0.89434,0.89451,1.50,3.75
2011.04.18 08:04:17.354,0.89434,0.89451,1.50,2.25
2011.04.18 08:04:18.717,0.89434,0.89449,1.50,3.00
2011.04.18 08:04:19.046,0.89431,0.89448,2.25,2.25
2011.04.18 08:04:19.265,0.89433,0.89448,1.50,2.25
2011.04.18 08:04:19.485,0.89432,0.89447,1.50,2.25
2011.04.18 08:04:19.705,0.89431,0.89447,1.50,2.25
2011.04.18 08:04:20.039,0.89431,0.89448,4.50,2.25
2011.04.18 08:04:20.266,0.89431,0.89448,1.50,2.25
2011.04.18 08:04:20.490,0.89429,0.89447,1.50,2.25
2011.04.18 08:04:21.057,0.89427,0.89441,1.50,1.50
2011.04.18 08:04:21.166,0.89425,0.89442,1.50,1.35
2011.04.18 08:04:21.276,0.89425,0.89442,3.75,2.10
2011.04.18 08:04:21.607,0.89424,0.8944,3.00,2.25
2011.04.18 08:04:22.047,0.89421,0.89438,2.25,1.50
2011.04.18 08:04:22.385,0.89423,0.89438,1.50,5.25
2011.04.18 08:04:22.935,0.89422,0.89437,1.50,3.00
2011.04.18 08:04:23.156,0.89421,0.89436,1.50,2.25
2011.04.18 08:04:23.595,0.89421,0.89437,1.50,4.50
2011.04.18 08:04:23.705,0.89421,0.89437,1.50,3.00
2011.04.18 08:04:24.036,0.89422,0.89437,1.50,1.50
2011.04.18 08:04:24.367,0.89419,0.89436,3.00,3.00
2011.04.18 08:04:24.705,0.89419,0.89433,1.50,1.50
2011.04.18 08:04:25.255,0.89416,0.89433,1.50,1.50
2011.04.18 08:04:26.245,0.89416,0.89432,3.00,1.50
2011.04.18 08:04:27.503,0.89418,0.89433,1.50,2.25
2011.04.18 08:04:27.835,0.89413,0.8943,1.50,3.60
2011.04.18 08:04:28.385,0.89414,0.89431,1.50,4.50
2011.04.18 08:04:28.605,0.89414,0.89431,1.50,4.50
2011.04.18 08:04:28.935,0.89414,0.8943,1.50,1.50
2011.04.18 08:04:29.265,0.89414,0.8943,1.50,1.50
2011.04.18 08:04:30.585,0.89413,0.8943,3.75,1.50
2011.04.18 08:04:31.465,0.89414,0.8943,1.50,3.60
2011.04.18 08:04:31.688,0.89414,0.89428,1.50,1.35
2011.04.18 08:04:32.135,0.89412,0.89423,1.50,1.50
2011.04.18 08:04:32.467,0.89406,0.89421,1.50,6.60
2011.04.18 08:04:32.587,0.89404,0.89419,1.50,1.50
2011.04.18 08:04:32.706,0.89404,0.89415,3.00,1.35
2011.04.18 08:04:32.816,0.89399,0.89417,3.80,1.50
2011.04.18 08:04:33.195,0.89401,0.89418,1.50,4.50
2011.04.18 08:04:33.666,0.89391,0.89407,3.80,1.50
2011.04.18 08:04:33.779,0.89391,0.89406,3.75,1.50
2011.04.18 08:04:33.899,0.89394,0.8941,1.50,1.50
2011.04.18 08:04:34.127,0.89391,0.89409,2.25,1.35
2011.04.18 08:04:34.356,0.89393,0.8941,3.80,1.50
2011.04.18 08:04:34.468,0.89397,0.89412,1.50,1.50
2011.04.18 08:04:34.917,0.89398,0.89413,1.50,1.50
2011.04.18 08:04:35.358,0.89398,0.89414,1.50,2.25
2011.04.18 08:04:35.808,0.89398,0.89413,2.30,1.35
2011.04.18 08:04:36.036,0.8939,0.8941,3.00,2.25
2011.04.18 08:04:36.367,0.89392,0.89406,1.50,1.50
2011.04.18 08:04:36.909,0.89392,0.89409,2.25,1.50
2011.04.18 08:04:37.033,0.89393,0.8941,1.50,1.50
2011.04.18 08:04:37.917,0.89391,0.89406,3.00,1.35
2011.04.18 08:04:38.258,0.89389,0.89404,2.25,1.50
2011.04.18 08:04:38.377,0.89385,0.89402,2.25,1.50
2011.04.18 08:04:38.705,0.89384,0.89403,1.50,4.50
2011.04.18 08:04:39.147,0.89386,0.89401,1.55,1.50
2011.04.18 08:04:39.367,0.89391,0.89404,1.50,1.50
2011.04.18 08:04:39.809,0.89391,0.89405,1.50,1.73
2011.04.18 08:04:40.160,0.89392,0.89408,2.25,1.54
2011.04.18 08:04:40.722,0.89396,0.89411,1.50,1.13
2011.04.18 08:04:40.842,0.89396,0.89411,1.50,1.13
2011.04.18 08:04:41.846,0.89397,0.89413,1.50,1.13
2011.04.18 08:04:42.176,0.89397,0.89413,1.50,1.13
2011.04.18 08:04:42.509,0.89399,0.89414,1.50,1.13
2011.04.18 08:04:42.846,0.89401,0.89418,1.50,1.58
2011.04.18 08:04:42.957,0.89402,0.89418,1.50,1.50
2011.04.18 08:04:43.505,0.89404,0.89419,1.50,1.50
2011.04.18 08:04:43.945,0.89404,0.89422,1.50,2.25
2011.04.18 08:04:44.495,0.89406,0.89422,1.50,2.25
2011.04.18 08:04:46.817,0.89407,0.89422,1.50,2.25
2011.04.18 08:04:47.051,0.89417,0.89426,1.50,2.63
2011.04.18 08:04:47.169,0.89417,0.89434,1.50,2.85
2011.04.18 08:04:47.287,0.89417,0.89433,1.50,2.10
2011.04.18 08:04:47.847,0.89414,0.89431,4.50,1.50
2011.04.18 08:04:48.407,0.89417,0.89433,1.50,1.50
2011.04.18 08:04:48.847,0.89412,0.89428,2.25,1.50
2011.04.18 08:04:49.076,0.89412,0.89428,2.25,1.50
2011.04.18 08:04:49.518,0.89412,0.89426,2.25,1.50
2011.04.18 08:04:49.638,0.89412,0.89426,2.25,1.50
2011.04.18 08:04:50.197,0.89411,0.89426,1.50,1.50
2011.04.18 08:04:50.305,0.89412,0.89429,1.50,1.50
2011.04.18 08:04:50.854,0.89413,0.89429,1.50,1.50
2011.04.18 08:04:51.185,0.89415,0.8943,2.25,1.50
2011.04.18 08:04:51.626,0.89415,0.89424,2.25,2.25
2011.04.18 08:04:52.149,0.89408,0.89424,3.75,2.25
2011.04.18 08:04:52.267,0.89406,0.89421,2.25,1.50
2011.04.18 08:04:52.926,0.89406,0.89421,2.25,1.50
2011.04.18 08:04:53.594,0.89406,0.89421,2.25,1.50
2011.04.18 08:04:54.146,0.89406,0.89421,3.00,1.50
2011.04.18 08:04:54.476,0.89403,0.8942,3.00,2.25
2011.04.18 08:04:54.587,0.89402,0.89419,2.25,1.50
2011.04.18 08:04:55.145,0.89402,0.89417,2.25,2.25
2011.04.18 08:04:56.135,0.894,0.89417,3.75,1.50
2011.04.18 08:04:56.687,0.89402,0.89419,3.05,1.50
2011.04.18 08:04:59.021,0.89402,0.89419,3.00,1.50
2011.04.18 08:04:59.467,0.89402,0.89418,2.25,1.50
2011.04.18 08:04:59.915,0.89402,0.89419,2.25,1.50
2011.04.18 08:05:00.365,0.89402,0.89419,2.25,1.50
2011.04.18 08:05:00.475,0.89402,0.89419,2.25,1.50
2011.04.18 08:05:00.805,0.89402,0.89418,2.25,1.50
2011.04.18 08:05:01.137,0.89402,0.89411,1.50,1.50
2011.04.18 08:05:01.256,0.89402,0.89419,2.25,5.85
2011.04.18 08:05:01.367,0.89402,0.89416,1.50,1.50
2011.04.18 08:05:01.926,0.89399,0.89417,1.50,3.00
2011.04.18 08:05:02.145,0.89399,0.89417,1.50,3.00
2011.04.18 08:05:02.805,0.89399,0.89417,1.50,3.00
2011.04.18 08:05:05.334,0.89401,0.89417,1.50,2.25
2011.04.18 08:05:05.884,0.89401,0.89415,1.50,1.50
2011.04.18 08:05:06.217,0.89393,0.89411,2.25,2.25
2011.04.18 08:05:06.675,0.89393,0.89411,3.00,2.25
2011.04.18 08:05:06.791,0.89393,0.89409,3.00,2.25
2011.04.18 08:05:06.906,0.89393,0.89409,3.00,1.50
2011.04.18 08:05:07.456,0.89393,0.89409,3.00,1.50
2011.04.18 08:05:07.895,0.89393,0.89409,3.00,1.50
2011.04.18 08:05:08.557,0.89392,0.89409,1.50,3.60
2011.04.18 08:05:09.118,0.89393,0.89408,1.50,1.50
2011.04.18 08:05:09.237,0.89392,0.89408,1.50,1.50
2011.04.18 08:05:09.907,0.89396,0.89409,1.50,2.85
2011.04.18 08:05:10.247,0.89397,0.89411,2.63,1.50
2011.04.18 08:05:10.367,0.89397,0.89413,1.88,1.50
2011.04.18 08:05:10.477,0.89395,0.89413,1.13,2.25
2011.04.18 08:05:10.596,0.89393,0.89412,3.75,1.50
2011.04.18 08:05:10.925,0.89395,0.89412,1.50,2.25
2011.04.18 08:05:11.418,0.89396,0.89412,1.50,2.25
2011.04.18 08:05:11.864,0.89393,0.89412,3.00,2.25
2011.04.18 08:05:13.075,0.89393,0.89411,3.00,1.50
2011.04.18 08:05:14.176,0.89393,0.8941,2.25,1.95
2011.04.18 08:05:14.726,0.89393,0.89408,2.25,1.07
2011.04.18 08:05:15.056,0.89398,0.89411,1.50,1.35
2011.04.18 08:05:15.391,0.89422,0.89429,4.50,1.50
2011.04.18 08:05:15.729,0.89423,0.89433,2.10,1.50
2011.04.18 08:05:15.957,0.89424,0.89438,1.13,1.50
2011.04.18 08:05:16.186,0.89422,0.89437,1.13,1.50
2011.04.18 08:05:16.625,0.89421,0.89437,1.50,1.50
2011.04.18 08:05:18.706,0.89421,0.89437,1.50,1.50
2011.04.18 08:05:20.136,0.89421,0.89437,1.50,3.00
2011.04.18 08:05:20.465,0.89419,0.89435,2.25,2.25
2011.04.18 08:05:20.798,0.89419,0.89435,2.25,1.50
2011.04.18 08:05:21.355,0.89418,0.89435,3.38,1.50
2011.04.18 08:05:21.465,0.89418,0.89435,3.38,1.50
2011.04.18 08:05:22.235,0.89424,0.89435,4.50,1.50
2011.04.18 08:05:22.957,0.89428,0.89437,4.13,1.30
2011.04.18 08:05:23.516,0.89428,0.89437,4.88,1.30
2011.04.18 08:05:24.286,0.89428,0.89439,4.88,1.30
2011.04.18 08:05:24.505,0.89429,0.89441,1.13,1.50
2011.04.18 08:05:25.055,0.89429,0.89441,1.13,1.50
2011.04.18 08:05:25.165,0.89428,0.89441,4.88,1.50
2011.04.18 08:05:25.497,0.8943,0.89441,4.88,1.50
2011.04.18 08:05:25.825,0.89431,0.89444,1.13,1.50
2011.04.18 08:05:26.375,0.89429,0.89445,1.88,1.50
2011.04.18 08:05:30.766,0.8943,0.89444,1.13,1.50
2011.04.18 08:05:31.125,0.8943,0.89444,1.88,1.50
2011.04.18 08:05:32.006,0.89429,0.89443,1.13,1.50
2011.04.18 08:05:32.227,0.89425,0.89441,1.50,1.50
2011.04.18 08:05:32.347,0.89426,0.89441,1.35,1.50
2011.04.18 08:05:32.690,0.89431,0.89443,3.38,1.50
2011.04.18 08:05:33.028,0.89436,0.89446,2.63,1.50
2011.04.18 08:05:33.365,0.89438,0.8945,1.13,1.50
2011.04.18 08:05:33.475,0.89438,0.8945,1.13,1.50
2011.04.18 08:05:34.026,0.89437,0.8945,1.13,2.25
2011.04.18 08:05:34.138,0.89434,0.8945,3.38,2.25
2011.04.18 08:05:34.564,0.89432,0.89449,2.25,1.61
2011.04.18 08:05:34.684,0.89432,0.89446,1.50,1.50
2011.04.18 08:05:35.016,0.89429,0.89445,3.38,1.50
2011.04.18 08:05:36.006,0.89434,0.89442,4.50,1.50
2011.04.18 08:05:36.115,0.89433,0.89447,2.25,2.25
2011.04.18 08:05:36.338,0.89429,0.89445,2.25,1.50
2011.04.18 08:05:36.677,0.89428,0.89445,1.13,1.50
2011.04.18 08:05:37.226,0.89424,0.89441,1.50,1.50
2011.04.18 08:05:37.336,0.89423,0.89441,1.50,1.50
2011.04.18 08:05:37.776,0.89423,0.8944,2.25,1.50
2011.04.18 08:05:38.326,0.89423,0.8944,2.25,1.50
2011.04.18 08:05:38.767,0.89434,0.8944,3.75,1.50
2011.04.18 08:05:38.878,0.89434,0.89444,4.13,1.50
2011.04.18 08:05:38.999,0.89435,0.89447,1.13,1.50
2011.04.18 08:05:39.227,0.89435,0.89445,1.13,1.09
2011.04.18 08:05:39.665,0.89433,0.89445,1.13,1.50
2011.04.18 08:05:39.885,0.89432,0.89447,2.25,1.50
2011.04.18 08:05:39.996,0.89432,0.89447,1.50,1.50
2011.04.18 08:05:40.216,0.8943,0.89447,10.13,1.50
2011.04.18 08:05:40.985,0.8943,0.89446,10.13,1.50
2011.04.18 08:05:41.855,0.8943,0.89446,4.13,1.50
2011.04.18 08:05:43.216,0.89429,0.89445,4.88,1.50
2011.04.18 08:05:43.986,0.8943,0.89446,3.38,1.50
2011.04.18 08:05:44.535,0.8943,0.89447,2.63,3.00
2011.04.18 08:05:45.638,0.89434,0.89447,1.50,1.50
2011.04.18 08:05:46.885,0.89433,0.89449,7.13,2.25
2011.04.18 08:05:49.526,0.89433,0.8945,8.63,1.98
2011.04.18 08:05:49.855,0.89434,0.8945,1.50,1.23
2011.04.18 08:05:50.415,0.89433,0.8945,7.88,1.98
2011.04.18 08:05:50.636,0.89434,0.8945,1.50,1.23
2011.04.18 08:05:51.077,0.89433,0.89449,4.88,1.50
2011.04.18 08:05:51.627,0.89432,0.89449,2.25,1.50
2011.04.18 08:05:52.250,0.8943,0.89448,1.50,3.00
2011.04.18 08:05:52.806,0.89429,0.89446,3.75,1.50
2011.04.18 08:05:53.029,0.89429,0.89446,4.50,1.50
2011.04.18 08:05:54.029,0.89431,0.89447,2.25,1.50
2011.04.18 08:05:56.574,0.89431,0.89447,1.50,1.50
2011.04.18 08:05:57.245,0.89431,0.89447,1.50,2.25
2011.04.18 08:05:57.358,0.89429,0.89445,2.25,1.50
2011.04.18 08:05:57.917,0.89432,0.89447,1.50,2.25
2011.04.18 08:05:58.585,0.89431,0.89445,1.50,1.50
2011.04.18 08:05:59.117,0.8943,0.89446,1.50,1.50
2011.04.18 08:06:00.326,0.8943,0.89447,3.05,2.25
2011.04.18 08:06:00.765,0.89432,0.89447,2.25,2.25
2011.04.18 08:06:01.557,0.89433,0.89448,2.25,1.50
2011.04.18 08:06:02.002,0.89436,0.8945,1.50,1.38
2011.04.18 08:06:03.066,0.89441,0.89456,1.50,1.50
2011.04.18 08:06:03.615,0.8944,0.89456,2.25,1.50
2011.04.18 08:06:04.166,0.89441,0.89457,1.50,3.00
2011.04.18 08:06:04.736,0.89441,0.89457,1.50,2.25
2011.04.18 08:06:05.728,0.89441,0.89457,1.50,3.00
2011.04.18 08:06:05.957,0.8944,0.89456,2.25,1.50
2011.04.18 08:06:06.407,0.89444,0.89457,1.13,1.50
2011.04.18 08:06:06.965,0.89445,0.89457,1.13,1.50
2011.04.18 08:06:07.626,0.89439,0.89456,2.25,1.50
2011.04.18 08:06:07.736,0.89438,0.89456,1.50,2.10
2011.04.18 08:06:08.175,0.89437,0.89454,1.50,1.50
2011.04.18 08:06:08.506,0.89437,0.89454,1.50,1.50
2011.04.18 08:06:09.384,0.89438,0.89454,1.50,1.50
2011.04.18 08:06:09.936,0.89439,0.89455,1.50,1.50
2011.04.18 08:06:10.484,0.89439,0.89454,3.00,1.50
2011.04.18 08:06:11.788,0.8944,0.89456,1.50,2.25
2011.04.18 08:06:12.238,0.8944,0.89456,1.50,1.50
2011.04.18 08:06:12.795,0.8944,0.89456,1.50,1.50
2011.04.18 08:06:13.344,0.8944,0.89456,2.25,1.50
2011.04.18 08:06:14.890,0.8944,0.89455,1.50,1.13
2011.04.18 08:06:15.009,0.89441,0.89458,3.75,2.25
2011.04.18 08:06:15.128,0.89442,0.89458,1.50,1.50
2011.04.18 08:06:15.795,0.89445,0.89461,2.25,1.50
2011.04.18 08:06:16.128,0.89446,0.89462,2.98,1.50
2011.04.18 08:06:16.466,0.89447,0.89458,1.50,1.75
2011.04.18 08:06:17.015,0.89445,0.89459,2.25,1.75
2011.04.18 08:06:18.396,0.89445,0.8946,2.25,1.60
2011.04.18 08:06:19.340,0.89445,0.8946,2.25,1.60
2011.04.18 08:06:19.785,0.89445,0.89462,2.25,1.50
2011.04.18 08:06:20.115,0.89445,0.89462,1.50,1.50
2011.04.18 08:06:20.994,0.89444,0.89459,3.00,1.50
2011.04.18 08:06:21.545,0.89442,0.89459,1.50,1.50
2011.04.18 08:06:21.765,0.89441,0.89457,1.50,1.50
2011.04.18 08:06:22.096,0.89442,0.89457,3.00,1.50
2011.04.18 08:06:22.864,0.89442,0.89457,3.38,1.50
2011.04.18 08:06:23.694,0.89443,0.89459,1.50,2.25
2011.04.18 08:06:24.161,0.89443,0.89459,2.25,1.50
2011.04.18 08:06:24.497,0.89443,0.89461,3.00,1.50
2011.04.18 08:06:25.504,0.89444,0.89461,1.50,1.50
2011.04.18 08:06:28.585,0.89444,0.89461,1.50,1.50
2011.04.18 08:06:32.029,0.89446,0.89461,1.50,1.50
2011.04.18 08:06:32.604,0.89446,0.89464,1.50,3.75
2011.04.18 08:06:34.714,0.89446,0.89464,1.50,3.75
2011.04.18 08:06:35.927,0.89445,0.89462,1.50,1.50
2011.04.18 08:06:36.475,0.89444,0.89462,1.50,1.50
2011.04.18 08:06:36.697,0.89443,0.8946,3.00,1.50
2011.04.18 08:06:36.916,0.89443,0.8946,1.50,1.50
2011.04.18 08:06:38.965,0.89444,0.89462,1.50,1.50
2011.04.18 08:06:39.295,0.89446,0.89463,1.50,1.50
2011.04.18 08:06:39.844,0.89446,0.89463,1.50,1.50
2011.04.18 08:06:40.067,0.89443,0.89462,3.00,2.25
2011.04.18 08:06:40.615,0.89443,0.89462,1.50,2.25
2011.04.18 08:06:41.166,0.89442,0.89459,2.25,1.50
2011.04.18 08:06:41.714,0.89441,0.89459,3.00,1.50
2011.04.18 08:06:42.267,0.8944,0.89455,2.63,1.50
2011.04.18 08:06:42.604,0.89438,0.89454,1.50,1.50
2011.04.18 08:06:43.678,0.89436,0.89454,5.10,1.50
2011.04.18 08:06:44.125,0.89438,0.89454,1.50,1.50
2011.04.18 08:06:44.344,0.89436,0.89454,5.10,1.50
2011.04.18 08:06:46.425,0.89437,0.89454,1.50,1.50
2011.04.18 08:06:46.646,0.89436,0.89454,4.35,1.50
2011.04.18 08:06:47.194,0.89436,0.89453,3.00,1.50
2011.04.18 08:06:47.635,0.89436,0.89452,1.50,1.50
2011.04.18 08:06:48.626,0.89435,0.89451,2.25,1.50
2011.04.18 08:06:49.716,0.89435,0.89451,2.25,1.50
2011.04.18 08:06:49.968,0.89434,0.89452,6.60,1.50
2011.04.18 08:06:50.312,0.89427,0.89444,1.50,3.60
2011.04.18 08:06:50.429,0.89426,0.89441,2.25,1.35
2011.04.18 08:06:50.546,0.89425,0.89439,1.50,2.25
2011.04.18 08:06:50.768,0.89421,0.89437,1.50,2.10
2011.04.18 08:06:50.887,0.89419,0.89436,2.25,2.25
2011.04.18 08:06:51.106,0.89419,0.89435,1.50,1.50
2011.04.18 08:06:51.548,0.89418,0.89435,3.00,1.50
2011.04.18 08:06:52.105,0.89418,0.89434,2.25,1.50
2011.04.18 08:06:52.974,0.89417,0.89434,3.00,1.50
2011.04.18 08:06:53.310,0.89417,0.89432,2.25,1.50
2011.04.18 08:06:53.537,0.89416,0.89433,3.00,1.50
2011.04.18 08:06:53.868,0.89416,0.89432,1.50,1.50
2011.04.18 08:06:54.328,0.89412,0.89432,4.50,1.50
2011.04.18 08:06:54.886,0.89414,0.89429,1.50,1.50
2011.04.18 08:06:54.996,0.89413,0.89428,1.50,1.50
2011.04.18 08:06:55.215,0.89413,0.89428,2.25,1.50
2011.04.18 08:06:55.764,0.89414,0.8943,1.50,1.50
2011.04.18 08:06:56.314,0.89414,0.89431,1.50,1.50
2011.04.18 08:06:57.417,0.89415,0.89432,1.50,4.35
2011.04.18 08:06:57.745,0.89417,0.89432,1.50,2.85
2011.04.18 08:06:58.516,0.89416,0.89432,1.50,2.10
2011.04.18 08:06:59.212,0.89418,0.89432,1.50,1.35
2011.04.18 08:06:59.561,0.89415,0.89432,1.50,2.85
2011.04.18 08:06:59.785,0.89414,0.89431,2.25,1.50
2011.04.18 08:07:00.335,0.89414,0.8943,1.50,2.25
2011.04.18 08:07:00.555,0.89414,0.89431,2.25,3.00
2011.04.18 08:07:02.205,0.89416,0.89431,1.50,2.25
2011.04.18 08:07:02.647,0.89417,0.89432,1.50,2.85
2011.04.18 08:07:03.196,0.89418,0.89433,2.25,1.50
2011.04.18 08:07:03.787,0.89418,0.89433,1.50,1.50
2011.04.18 08:07:04.007,0.89417,0.89432,1.50,1.50
2011.04.18 08:07:04.224,0.89415,0.89432,3.00,1.50
2011.04.18 08:07:04.560,0.89411,0.89421,1.50,6.75
2011.04.18 08:07:04.682,0.89411,0.89429,2.25,2.10
2011.04.18 08:07:04.908,0.89413,0.89431,1.50,1.35
2011.04.18 08:07:05.249,0.89417,0.89432,1.50,2.25
2011.04.18 08:07:05.587,0.89414,0.89431,2.25,1.50
2011.04.18 08:07:05.975,0.89415,0.89432,1.50,3.00
2011.04.18 08:07:06.525,0.89414,0.8943,1.50,1.50
2011.04.18 08:07:07.075,0.89414,0.89431,2.25,2.25
2011.04.18 08:07:11.458,0.89416,0.89431,1.50,2.25
2011.04.18 08:07:11.799,0.89422,0.89435,1.50,1.50
2011.04.18 08:07:11.918,0.89419,0.89436,1.50,2.25
2011.04.18 08:07:12.036,0.89417,0.89434,1.13,2.25
2011.04.18 08:07:12.256,0.89419,0.89434,1.50,2.25
2011.04.18 08:07:12.805,0.89418,0.89434,1.50,2.25
2011.04.18 08:07:13.026,0.89416,0.89433,1.50,1.50
2011.04.18 08:07:13.574,0.89416,0.89434,1.50,3.75
2011.04.18 08:07:13.934,0.89417,0.89434,1.50,4.50
2011.04.18 08:07:14.595,0.89417,0.89434,1.50,3.75
2011.04.18 08:07:16.134,0.89419,0.89434,2.25,2.25
2011.04.18 08:07:19.395,0.89419,0.89434,3.00,1.50
2011.04.18 08:07:19.726,0.89419,0.89433,2.25,1.50
2011.04.18 08:07:20.256,0.89419,0.89431,1.50,1.50
2011.04.18 08:07:21.466,0.89419,0.89431,1.50,1.50
2011.04.18 08:07:21.906,0.89419,0.89432,1.50,1.50
2011.04.18 08:07:24.989,0.89419,0.89432,1.50,1.13
2011.04.18 08:07:25.216,0.89417,0.89431,1.50,1.50
2011.04.18 08:07:25.766,0.89415,0.89431,2.25,1.50
2011.04.18 08:07:26.536,0.89415,0.89432,2.25,2.10
2011.04.18 08:07:29.176,0.89415,0.89432,2.25,1.50
2011.04.18 08:07:29.905,0.89419,0.89432,1.50,1.50
2011.04.18 08:07:30.456,0.89419,0.89432,1.50,1.50
2011.04.18 08:07:30.787,0.89416,0.8943,1.50,1.50
2011.04.18 08:07:30.896,0.89416,0.89431,1.50,1.50
2011.04.18 08:07:31.445,0.89415,0.8943,1.50,1.50
2011.04.18 08:07:37.317,0.89417,0.89431,1.50,1.50
2011.04.18 08:07:37.645,0.89416,0.89431,2.25,1.50
2011.04.18 08:07:41.025,0.89416,0.89431,2.25,1.50
2011.04.18 08:07:42.866,0.89416,0.89432,2.25,1.50
2011.04.18 08:07:43.526,0.89416,0.89431,2.25,1.50
2011.04.18 08:07:44.075,0.89416,0.89432,2.25,1.50
2011.04.18 08:07:44.188,0.89417,0.89434,1.50,2.25
2011.04.18 08:07:45.555,0.89417,0.89434,1.50,2.25
2011.04.18 08:07:46.105,0.89417,0.89434,1.50,2.25
2011.04.18 08:07:46.875,0.89417,0.89434,1.50,2.25
2011.04.18 08:07:47.345,0.89417,0.89434,1.50,2.25
2011.04.18 08:07:47.785,0.89417,0.89434,1.50,1.50
2011.04.18 08:07:48.522,0.89418,0.89435,1.50,3.00
2011.04.18 08:07:51.278,0.89418,0.89435,1.50,3.00
2011.04.18 08:07:51.875,0.89418,0.89435,1.50,1.50
2011.04.18 08:07:52.865,0.89418,0.89435,1.50,2.25
2011.04.18 08:07:57.467,0.89418,0.89434,1.50,1.50
2011.04.18 08:07:58.565,0.89417,0.89434,1.50,2.25
2011.04.18 08:07:59.115,0.89417,0.89432,1.50,1.50
2011.04.18 08:07:59.665,0.89417,0.89433,1.50,1.50
2011.04.18 08:08:00.215,0.89417,0.89433,1.50,3.00
2011.04.18 08:08:00.546,0.89417,0.89433,1.50,2.25
2011.04.18 08:08:00.659,0.8942,0.89435,1.50,2.25
2011.04.18 08:08:00.779,0.89422,0.89437,1.50,2.25
2011.04.18 08:08:01.227,0.8942,0.89433,3.75,1.50
2011.04.18 08:08:01.446,0.89419,0.89433,1.50,1.50
2011.04.18 08:08:01.994,0.89419,0.89432,1.50,1.50
2011.04.18 08:08:08.039,0.89419,0.8943,1.50,1.50
2011.04.18 08:08:08.378,0.89417,0.8943,1.50,2.25
2011.04.18 08:08:08.606,0.89416,0.89428,1.50,1.50
2011.04.18 08:08:13.365,0.89416,0.89427,1.50,1.50
2011.04.18 08:08:17.477,0.89416,0.89426,1.50,1.50
2011.04.18 08:08:18.026,0.89415,0.89424,1.50,1.50
2011.04.18 08:08:18.357,0.89411,0.89422,1.50,3.00
2011.04.18 08:08:19.335,0.89406,0.89419,1.50,1.50
2011.04.18 08:08:21.317,0.89409,0.89421,1.50,1.50
2011.04.18 08:08:21.437,0.89409,0.89422,1.50,1.50
2011.04.18 08:08:21.988,0.8941,0.89423,1.50,1.50
2011.04.18 08:08:22.546,0.8941,0.89423,1.50,1.50
2011.04.18 08:08:22.985,0.8941,0.89423,1.50,1.50
2011.04.18 08:08:24.537,0.89413,0.89428,1.50,1.50
2011.04.18 08:08:24.651,0.89416,0.89428,1.50,1.50
2011.04.18 08:08:24.880,0.89412,0.89428,2.25,1.50
2011.04.18 08:08:25.426,0.89412,0.89429,2.25,1.50
2011.04.18 08:08:28.019,0.89412,0.89429,5.25,1.50
2011.04.18 08:08:28.658,0.89412,0.89429,5.25,1.50
2011.04.18 08:08:29.539,0.89414,0.89429,3.00,1.50
2011.04.18 08:08:29.995,0.89415,0.8943,3.00,1.50
2011.04.18 08:08:30.502,0.89415,0.8943,3.00,1.50
2011.04.18 08:08:31.177,0.89417,0.8943,2.25,1.50
2011.04.18 08:08:31.397,0.89421,0.89434,1.50,1.50
2011.04.18 08:08:31.509,0.89422,0.89436,2.25,1.50
2011.04.18 08:08:31.627,0.89422,0.89437,2.25,3.00
2011.04.18 08:08:31.859,0.89423,0.89438,1.50,1.50
2011.04.18 08:08:32.200,0.89425,0.89441,1.55,2.25
2011.04.18 08:08:32.537,0.8943,0.89444,2.25,1.50
2011.04.18 08:08:32.758,0.89432,0.89447,1.50,2.25
2011.04.18 08:08:32.877,0.89433,0.89447,1.50,2.25
2011.04.18 08:08:33.425,0.89431,0.89447,2.25,1.82
2011.04.18 08:08:33.976,0.89431,0.89444,2.25,2.10
2011.04.18 08:08:34.398,0.8943,0.89444,1.50,1.35
2011.04.18 08:08:34.522,0.89428,0.89444,3.00,1.50
2011.04.18 08:08:34.746,0.89429,0.89444,1.50,1.50
2011.04.18 08:08:35.186,0.8943,0.89444,1.50,1.50
2011.04.18 08:08:35.844,0.8943,0.89444,1.50,1.50
2011.04.18 08:08:36.070,0.8943,0.89447,2.25,1.82
2011.04.18 08:08:36.515,0.89433,0.89447,1.50,1.07
2011.04.18 08:08:37.507,0.89433,0.89446,1.50,1.50
2011.04.18 08:08:37.836,0.89429,0.89446,1.50,1.50
2011.04.18 08:08:39.378,0.89426,0.89442,3.00,1.35
2011.04.18 08:08:39.937,0.89426,0.89444,3.75,2.25
2011.04.18 08:08:40.046,0.89426,0.89442,3.00,1.50
2011.04.18 08:08:40.598,0.89424,0.89442,2.25,1.69
2011.04.18 08:08:40.938,0.89423,0.89439,1.50,1.50
2011.04.18 08:08:41.467,0.89422,0.89442,3.00,1.13
2011.04.18 08:08:44.310,0.89423,0.89442,1.50,1.13
2011.04.18 08:08:45.196,0.89423,0.89443,3.00,2.25
2011.04.18 08:08:48.147,0.89423,0.89443,3.00,2.25
2011.04.18 08:08:48.366,0.89424,0.89443,1.50,2.25
2011.04.18 08:08:48.805,0.89424,0.89443,1.50,2.25
2011.04.18 08:08:49.404,0.89425,0.89443,1.50,2.25
2011.04.18 08:08:51.497,0.89425,0.89443,1.50,2.25
2011.04.18 08:08:51.721,0.89428,0.89442,1.50,1.50
2011.04.18 08:08:51.841,0.8943,0.89446,2.25,2.25
2011.04.18 08:08:52.290,0.89428,0.89446,1.88,1.35
2011.04.18 08:08:52.845,0.89429,0.89448,1.50,2.57
2011.04.18 08:08:56.405,0.89429,0.89447,2.25,1.07
2011.04.18 08:09:00.685,0.89429,0.89448,1.50,2.57
2011.04.18 08:09:00.906,0.89428,0.89448,2.25,2.57
2011.04.18 08:09:01.237,0.89429,0.89448,2.25,2.25
2011.04.18 08:09:01.685,0.89429,0.89448,3.00,3.00
2011.04.18 08:09:01.905,0.89429,0.89448,3.00,1.50
2011.04.18 08:09:03.244,0.89429,0.8945,5.25,2.10
2011.04.18 08:09:03.575,0.89431,0.8945,1.50,2.10
2011.04.18 08:09:07.925,0.89431,0.8945,1.50,2.10
2011.04.18 08:09:08.935,0.8943,0.89449,1.50,1.50
2011.04.18 08:09:09.485,0.89431,0.8945,1.50,2.10
2011.04.18 08:09:14.149,0.89433,0.8945,1.50,1.50
2011.04.18 08:09:14.269,0.89434,0.89451,3.80,2.25
2011.04.18 08:09:14.386,0.89437,0.89454,1.50,2.25
2011.04.18 08:09:14.607,0.89434,0.8945,2.25,2.25
2011.04.18 08:09:14.726,0.89434,0.89447,1.50,1.50
2011.04.18 08:09:15.058,0.89432,0.89447,1.50,2.25
2011.04.18 08:09:15.285,0.8943,0.89446,1.50,1.50
2011.04.18 08:09:15.506,0.89429,0.89444,1.50,1.50
2011.04.18 08:09:15.838,0.8943,0.89436,1.50,1.50
2011.04.18 08:09:16.276,0.89428,0.89436,1.50,1.50
2011.04.18 08:09:16.508,0.8942,0.89431,1.50,1.50
2011.04.18 08:09:16.629,0.89419,0.89431,1.50,1.50
2011.04.18 08:09:17.185,0.89416,0.89432,1.50,1.50
2011.04.18 08:09:17.739,0.89416,0.89433,1.50,2.25
2011.04.18 08:09:18.185,0.89416,0.89433,1.50,1.50
2011.04.18 08:09:18.737,0.89419,0.89435,1.50,2.25
2011.04.18 08:09:19.513,0.89416,0.89436,2.25,2.85
2011.04.18 08:09:19.736,0.89417,0.89436,2.25,2.10
2011.04.18 08:09:21.386,0.89418,0.89436,2.25,1.50
2011.04.18 08:09:21.496,0.89419,0.89438,1.50,2.10
2011.04.18 08:09:21.829,0.89421,0.89439,1.50,1.35
2011.04.18 08:09:22.276,0.89421,0.89439,1.50,1.35
2011.04.18 08:09:22.605,0.89423,0.8944,2.25,3.60
2011.04.18 08:09:22.716,0.89423,0.89441,1.50,2.25
2011.04.18 08:09:24.795,0.89424,0.89443,1.88,2.25
2011.04.18 08:09:26.647,0.89424,0.89443,2.25,3.00
2011.04.18 08:09:27.196,0.89425,0.89444,2.25,1.50
2011.04.18 08:09:27.744,0.89424,0.89444,2.25,1.50
2011.04.18 08:09:29.796,0.89425,0.89445,2.25,5.10
2011.04.18 08:09:30.015,0.89425,0.89445,4.50,2.85
2011.04.18 08:09:30.127,0.89427,0.89445,1.50,2.85
2011.04.18 08:09:30.346,0.89426,0.89445,1.88,3.60
2011.04.18 08:09:30.895,0.89426,0.89445,2.63,3.60
2011.04.18 08:09:31.005,0.89427,0.89445,1.50,3.60
2011.04.18 08:09:31.445,0.89427,0.89445,1.50,3.60
2011.04.18 08:09:31.965,0.89427,0.89439,1.50,1.50
2011.04.18 08:09:32.516,0.89425,0.89437,3.75,1.50
2011.04.18 08:09:33.065,0.89425,0.89437,3.00,1.50
2011.04.18 08:09:33.615,0.89425,0.89437,3.75,1.50
2011.04.18 08:09:34.186,0.89427,0.89437,2.25,1.50
2011.04.18 08:09:34.531,0.89426,0.89435,3.00,1.50
2011.04.18 08:09:34.649,0.89428,0.89439,1.50,2.10
2011.04.18 08:09:34.987,0.89428,0.89439,3.75,1.50
2011.04.18 08:09:36.087,0.89428,0.89442,1.50,2.25
2011.04.18 08:09:36.966,0.89429,0.89442,2.30,1.50
2011.04.18 08:09:37.187,0.8943,0.89447,1.50,1.35
2011.04.18 08:09:37.296,0.89434,0.89449,1.50,2.85
2011.04.18 08:09:37.408,0.89432,0.89449,1.50,1.50
2011.04.18 08:09:37.745,0.89433,0.89452,1.50,3.00
2011.04.18 08:09:38.474,0.89436,0.89452,1.50,1.50
2011.04.18 08:09:38.592,0.89436,0.89455,2.25,3.17
2011.04.18 08:09:39.145,0.89437,0.89455,1.50,2.85
2011.04.18 08:09:39.694,0.89436,0.89455,2.25,2.10
2011.04.18 08:09:40.245,0.89437,0.89455,1.50,2.10
2011.04.18 08:09:40.875,0.89437,0.89454,3.00,1.50
2011.04.18 08:09:45.031,0.89439,0.89454,1.50,1.50
2011.04.18 08:09:45.591,0.89441,0.89456,4.50,1.07
2011.04.18 08:09:45.818,0.89444,0.89458,1.50,1.07
2011.04.18 08:09:46.046,0.89444,0.8946,1.50,3.60
2011.04.18 08:09:46.594,0.89446,0.8946,1.50,2.10
2011.04.18 08:09:47.257,0.89446,0.8946,1.50,2.10
2011.04.18 08:09:47.919,0.89449,0.89463,1.50,1.07
2011.04.18 08:09:50.457,0.89449,0.89464,1.50,1.07
2011.04.18 08:09:51.004,0.89449,0.89463,1.50,1.07
2011.04.18 08:09:51.555,0.89449,0.89464,1.50,1.07
2011.04.18 08:09:51.776,0.89449,0.89464,1.50,1.07
2011.04.18 08:09:51.997,0.89449,0.89463,1.50,1.50
2011.04.18 08:09:52.544,0.89447,0.89463,3.75,1.82
2011.04.18 08:09:53.096,0.89447,0.89463,3.75,1.50
2011.04.18 08:09:53.536,0.89448,0.89463,1.50,1.07
2011.04.18 08:09:53.869,0.89449,0.89464,1.50,1.82
2011.04.18 08:09:54.207,0.89447,0.89462,3.00,2.25
2011.04.18 08:09:54.760,0.89447,0.89458,1.50,1.50
2011.04.18 08:09:54.876,0.89444,0.89458,1.50,1.50
2011.04.18 08:09:55.096,0.89441,0.89458,2.25,1.50
2011.04.18 08:09:55.207,0.89441,0.89458,3.00,2.25
2011.04.18 08:09:55.868,0.89441,0.89458,1.50,1.50
2011.04.18 08:09:56.321,0.89444,0.8946,3.00,1.50
2011.04.18 08:09:56.861,0.89446,0.89461,2.25,1.50
2011.04.18 08:09:59.948,0.89446,0.89461,1.50,2.25
2011.04.18 08:10:01.267,0.89445,0.89459,1.50,2.25
2011.04.18 08:10:01.854,0.89445,0.89458,1.50,1.50
2011.04.18 08:10:02.846,0.89444,0.89457,1.50,1.50
2011.04.18 08:10:03.420,0.89442,0.89457,1.50,2.25
2011.04.18 08:10:03.755,0.89442,0.89456,1.50,2.25
2011.04.18 08:10:04.315,0.89439,0.89456,3.00,1.50
2011.04.18 08:10:04.538,0.89439,0.89456,3.75,1.50
2011.04.18 08:10:05.208,0.89439,0.89456,3.00,1.50
2011.04.18 08:10:05.875,0.89439,0.89456,3.75,1.50
2011.04.18 08:10:07.296,0.8944,0.89456,2.25,1.50
2011.04.18 08:10:07.845,0.89441,0.89458,2.25,2.44
2011.04.18 08:10:08.396,0.89441,0.89458,1.50,2.44
2011.04.18 08:10:09.356,0.89441,0.89458,1.50,1.77
2011.04.18 08:10:10.320,0.89439,0.89454,2.25,2.25
2011.04.18 08:10:10.667,0.89434,0.89446,1.50,1.50
2011.04.18 08:10:10.887,0.89434,0.89445,1.50,1.50
2011.04.18 08:10:11.111,0.89434,0.89444,1.50,1.50
2011.04.18 08:10:13.502,0.8943,0.89445,1.50,1.50
2011.04.18 08:10:13.727,0.89431,0.89445,2.25,1.50
2011.04.18 08:10:15.377,0.89431,0.89447,2.25,1.50
2011.04.18 08:10:15.821,0.89435,0.8945,3.00,1.50
2011.04.18 08:10:16.159,0.8944,0.89451,1.50,1.50
2011.04.18 08:10:16.605,0.89436,0.89453,2.25,1.50
2011.04.18 08:10:16.717,0.89436,0.89453,2.25,1.50
2011.04.18 08:10:17.326,0.89435,0.89452,3.75,2.25
2011.04.18 08:10:17.876,0.89435,0.89451,4.50,1.50
2011.04.18 08:10:22.636,0.89435,0.89451,1.50,1.50
2011.04.18 08:10:23.627,0.89435,0.89451,1.50,1.50
2011.04.18 08:10:23.849,0.89435,0.89451,2.25,1.50
2011.04.18 08:10:24.628,0.89437,0.89452,2.25,1.50
2011.04.18 08:10:24.859,0.89438,0.89454,2.25,1.50
2011.04.18 08:10:25.086,0.89439,0.89454,1.50,1.50
2011.04.18 08:10:25.578,0.89446,0.89458,2.25,1.50
2011.04.18 08:10:25.811,0.89449,0.89462,1.50,1.50
2011.04.18 08:10:25.932,0.89445,0.8946,1.50,1.50
2011.04.18 08:10:26.159,0.89445,0.8946,2.25,1.50
2011.04.18 08:10:26.498,0.89445,0.8946,1.50,1.50
2011.04.18 08:10:26.615,0.89445,0.8946,1.50,1.50
2011.04.18 08:10:27.386,0.89446,0.89461,1.50,1.50
2011.04.18 08:10:28.376,0.89446,0.89459,1.50,1.50
2011.04.18 08:10:31.226,0.89445,0.89457,1.50,1.50
2011.04.18 08:10:31.337,0.89443,0.89457,3.00,1.50
2011.04.18 08:10:31.450,0.89443,0.89455,2.25,1.50
2011.04.18 08:10:31.796,0.89441,0.89454,1.50,1.50
2011.04.18 08:10:31.906,0.89441,0.89454,1.50,1.50
2011.04.18 08:10:32.455,0.89441,0.89453,2.25,1.50
2011.04.18 08:10:33.005,0.89441,0.89454,2.25,2.25
2011.04.18 08:10:42.246,0.8944,0.89454,1.50,1.50
2011.04.18 08:10:42.796,0.8944,0.89455,2.25,1.50
2011.04.18 08:10:43.348,0.89442,0.89456,1.50,1.50
2011.04.18 08:10:43.930,0.89442,0.89457,1.50,2.25
2011.04.18 08:10:45.469,0.89444,0.89457,1.50,2.25
2011.04.18 08:10:45.697,0.89444,0.89458,1.50,1.50
2011.04.18 08:10:46.548,0.89444,0.8946,1.50,1.50
2011.04.18 08:10:47.546,0.89443,0.8946,3.00,1.50
2011.04.18 08:10:48.095,0.89443,0.8946,1.50,1.50
2011.04.18 08:10:48.646,0.89442,0.89458,3.00,1.50
2011.04.18 08:10:49.086,0.89442,0.89458,3.75,1.50
2011.04.18 08:10:53.296,0.89444,0.8946,1.50,1.50
2011.04.18 08:10:53.627,0.89443,0.89457,3.00,3.00
2011.04.18 08:10:53.736,0.89443,0.89457,3.00,3.75
2011.04.18 08:10:53.955,0.8944,0.89457,2.25,4.35
2011.04.18 08:10:54.175,0.8944,0.89457,2.25,5.10
2011.04.18 08:10:54.395,0.89439,0.89456,3.75,2.25
2011.04.18 08:10:54.967,0.89441,0.89458,1.50,1.50
2011.04.18 08:10:55.415,0.89441,0.89456,1.50,5.25
2011.04.18 08:10:55.750,0.89441,0.89454,1.50,1.50
2011.04.18 08:10:55.867,0.89439,0.89455,2.25,1.50
2011.04.18 08:10:55.978,0.8944,0.89456,1.50,2.25
2011.04.18 08:10:56.206,0.89441,0.89455,1.50,1.50
2011.04.18 08:10:56.756,0.89441,0.89455,1.50,1.50
2011.04.18 08:10:57.306,0.89441,0.89457,1.50,1.50
2011.04.18 08:10:57.967,0.89441,0.89457,1.50,1.50
2011.04.18 08:10:58.295,0.89441,0.89457,1.50,1.50
2011.04.18 08:11:05.157,0.89441,0.89457,1.50,1.50
2011.04.18 08:11:08.255,0.89443,0.89459,1.50,2.25
2011.04.18 08:11:08.908,0.89443,0.89459,2.25,2.25
2011.04.18 08:11:09.466,0.89445,0.89459,1.50,1.50
2011.04.18 08:11:09.576,0.89445,0.89459,1.50,1.50
2011.04.18 08:11:10.240,0.89445,0.89459,1.50,1.50
2011.04.18 08:11:12.025,0.89445,0.89459,1.50,1.50
2011.04.18 08:11:14.327,0.89445,0.89459,1.50,1.50
2011.04.18 08:11:15.097,0.89445,0.8946,1.50,1.50
2011.04.18 08:11:15.645,0.89446,0.89464,1.50,1.82
2011.04.18 08:11:20.207,0.89446,0.89463,2.25,1.07
2011.04.18 08:11:20.756,0.89447,0.89462,1.50,1.35
2011.04.18 08:11:21.156,0.89446,0.89462,3.00,1.35
2011.04.18 08:11:21.487,0.89446,0.89462,1.50,1.35
2011.04.18 08:11:24.775,0.89446,0.89462,1.50,1.35
2011.04.18 08:11:31.016,0.89446,0.89461,1.50,1.50
2011.04.18 08:11:33.516,0.89446,0.89464,1.50,2.19
2011.04.18 08:11:34.071,0.89445,0.89464,1.50,2.19
2011.04.18 08:11:36.079,0.89444,0.89463,1.50,1.50
2011.04.18 08:11:36.635,0.89443,0.89463,3.00,3.00
2011.04.18 08:11:38.646,0.89443,0.89463,1.50,4.07
2011.04.18 08:11:39.357,0.89443,0.89463,1.50,1.82
2011.04.18 08:11:51.024,0.89443,0.89462,1.50,1.50
2011.04.18 08:11:51.465,0.89443,0.89462,1.50,1.50
2011.04.18 08:11:55.606,0.89443,0.89462,3.75,1.50
2011.04.18 08:11:56.814,0.89443,0.89462,3.75,2.25
2011.04.18 08:11:58.747,0.89443,0.8946,2.25,1.50
2011.04.18 08:12:01.077,0.89443,0.89458,2.25,1.50
2011.04.18 08:12:01.740,0.89443,0.89456,2.25,1.50
2011.04.18 08:12:01.968,0.89443,0.89456,2.25,1.50
2011.04.18 08:12:02.536,0.89441,0.8945,2.25,1.50
2011.04.18 08:12:02.653,0.89434,0.8945,2.25,1.50
2011.04.18 08:12:03.207,0.89433,0.8945,2.25,1.50
2011.04.18 08:12:04.736,0.89434,0.89451,1.50,1.35
2011.04.18 08:12:08.436,0.89432,0.89449,3.00,1.50
2011.04.18 08:12:09.213,0.89434,0.89449,3.00,1.50
2011.04.18 08:12:09.329,0.89435,0.89454,1.50,3.00
2011.04.18 08:12:09.560,0.89436,0.89451,1.50,1.50
2011.04.18 08:12:09.899,0.89437,0.89451,1.50,1.50
2011.04.18 08:12:10.455,0.89437,0.89454,1.50,1.50
2011.04.18 08:12:11.005,0.89437,0.89454,1.50,1.50
2011.04.18 08:12:11.685,0.89437,0.89454,1.50,1.50
2011.04.18 08:12:12.897,0.89436,0.89454,3.00,1.50
2011.04.18 08:12:15.140,0.89436,0.89453,3.00,1.50
2011.04.18 08:12:15.479,0.89436,0.89452,3.00,1.50
2011.04.18 08:12:18.846,0.89436,0.89452,3.00,1.50
2011.04.18 08:12:21.419,0.89436,0.89453,5.25,1.50
2011.04.18 08:12:21.760,0.89438,0.89454,3.00,1.50
2011.04.18 08:12:21.987,0.8944,0.89455,1.50,1.50
2011.04.18 08:12:22.535,0.89443,0.89457,1.50,1.50
2011.04.18 08:12:22.645,0.89443,0.89457,1.50,1.50
2011.04.18 08:12:28.765,0.89443,0.89457,1.50,1.50
2011.04.18 08:12:29.315,0.89443,0.89455,1.50,2.25
2011.04.18 08:12:29.909,0.89443,0.89453,1.50,1.50
2011.04.18 08:12:30.028,0.8944,0.89453,2.25,1.50
2011.04.18 08:12:30.587,0.89439,0.89453,3.00,1.50
2011.04.18 08:12:31.137,0.8944,0.89455,3.00,1.50
2011.04.18 08:12:31.249,0.89445,0.89457,1.50,1.50
2011.04.18 08:12:31.371,0.89445,0.89457,1.50,1.50
2011.04.18 08:12:31.718,0.89441,0.89461,3.75,2.25
2011.04.18 08:12:32.275,0.89443,0.89461,1.50,2.25
2011.04.18 08:12:34.594,0.89443,0.89461,2.25,2.25
2011.04.18 08:12:35.537,0.89443,0.89461,1.50,2.25
2011.04.18 08:12:36.087,0.89443,0.89459,1.50,1.50
2011.04.18 08:12:36.637,0.89443,0.89459,1.50,1.50
2011.04.18 08:12:37.329,0.89443,0.89459,1.50,1.50
2011.04.18 08:12:37.944,0.89443,0.89459,1.50,1.50
2011.04.18 08:12:38.495,0.89442,0.89459,2.25,1.50
2011.04.18 08:12:38.939,0.89444,0.89461,2.25,1.50
2011.04.18 08:12:39.497,0.89445,0.89462,3.00,2.25
2011.04.18 08:12:40.046,0.89446,0.89463,1.50,2.57
2011.04.18 08:12:40.727,0.89449,0.89464,2.25,2.85
2011.04.18 08:12:40.946,0.89449,0.89464,2.25,1.50
2011.04.18 08:12:41.056,0.8945,0.89466,1.50,1.50
2011.04.18 08:12:41.276,0.8945,0.89465,1.50,1.50
2011.04.18 08:12:41.606,0.8945,0.89465,1.50,1.50
2011.04.18 08:12:44.128,0.8945,0.89465,1.50,2.25
2011.04.18 08:12:44.686,0.89448,0.89464,1.50,2.25
2011.04.18 08:12:45.235,0.89447,0.89464,2.25,2.25
2011.04.18 08:12:46.011,0.89447,0.89462,1.50,1.50
2011.04.18 08:12:46.129,0.89445,0.89459,2.25,1.50
2011.04.18 08:12:46.681,0.89447,0.89461,1.50,2.25
2011.04.18 08:12:47.137,0.89444,0.89459,3.00,1.50
2011.04.18 08:12:50.166,0.89444,0.89458,1.50,1.35
2011.04.18 08:12:50.495,0.89441,0.89457,1.50,1.35
2011.04.18 08:12:51.264,0.89441,0.89458,1.50,2.10
2011.04.18 08:12:51.816,0.89441,0.89458,1.50,2.10
2011.04.18 08:12:52.695,0.89441,0.89458,1.50,2.10
2011.04.18 08:12:53.541,0.89441,0.89458,1.50,1.35
2011.04.18 08:12:53.877,0.89441,0.89458,1.50,1.35
2011.04.18 08:12:55.109,0.89438,0.8945,1.50,2.50
2011.04.18 08:12:55.230,0.89439,0.89456,1.50,2.25
2011.04.18 08:12:55.460,0.89439,0.89456,1.50,4.13
2011.04.18 08:12:56.017,0.89438,0.89452,1.50,1.50
2011.04.18 08:12:58.852,0.89437,0.89452,2.25,3.00
2011.04.18 08:12:59.189,0.89437,0.8945,2.25,1.50
2011.04.18 08:12:59.526,0.89435,0.89448,1.50,1.50
2011.04.18 08:13:01.127,0.89433,0.89445,1.50,1.50
2011.04.18 08:13:01.459,0.89433,0.89445,1.50,1.50
2011.04.18 08:13:04.958,0.89433,0.89446,1.50,1.50
2011.04.18 08:13:05.738,0.89433,0.89446,1.50,1.50
2011.04.18 08:13:06.407,0.89433,0.89448,1.50,2.25
2011.04.18 08:13:06.848,0.89433,0.89448,1.50,2.25
2011.04.18 08:13:07.066,0.89433,0.89448,2.25,1.50
2011.04.18 08:13:07.616,0.89433,0.89449,2.25,1.50
2011.04.18 08:13:08.182,0.89434,0.8945,1.50,2.33
2011.04.18 08:13:08.307,0.89436,0.8945,1.50,1.50
2011.04.18 08:13:08.532,0.89439,0.89455,1.50,2.42
2011.04.18 08:13:09.085,0.89439,0.89455,1.50,2.10
2011.04.18 08:13:11.625,0.89439,0.89455,1.50,2.10
2011.04.18 08:13:12.066,0.89439,0.89455,2.25,1.82
2011.04.18 08:13:13.056,0.89439,0.89455,1.50,2.25
2011.04.18 08:13:13.606,0.89439,0.89455,1.50,3.32
2011.04.18 08:13:14.155,0.89439,0.89454,1.50,1.50
2011.04.18 08:13:14.705,0.89439,0.89455,1.50,3.32
2011.04.18 08:13:14.930,0.89445,0.89454,1.50,1.50
2011.04.18 08:13:15.049,0.8944,0.89454,1.50,1.50
2011.04.18 08:13:15.506,0.89439,0.89454,1.50,1.50
2011.04.18 08:13:15.625,0.89442,0.89455,1.50,1.50
2011.04.18 08:13:16.726,0.89441,0.89455,1.50,1.07
2011.04.18 08:13:18.028,0.89439,0.89455,3.00,1.07
2011.04.18 08:13:20.645,0.8944,0.89456,1.50,1.38
2011.04.18 08:13:21.196,0.8944,0.89456,2.25,1.07
2011.04.18 08:13:21.636,0.89441,0.89456,1.50,1.07
2011.04.18 08:13:21.859,0.89442,0.89459,2.25,1.50
2011.04.18 08:13:21.976,0.89444,0.8946,1.50,1.50
2011.04.18 08:13:22.439,0.89443,0.89459,1.50,1.50
2011.04.18 08:13:22.995,0.89443,0.8946,3.00,1.50
2011.04.18 08:13:24.907,0.89443,0.89459,1.50,1.50
2011.04.18 08:13:26.299,0.89442,0.89459,1.50,1.50
2011.04.18 08:13:26.856,0.89442,0.89458,2.25,1.50
2011.04.18 08:13:27.192,0.8944,0.89458,3.00,1.50
2011.04.18 08:13:27.748,0.8944,0.89455,1.50,1.50
2011.04.18 08:13:28.307,0.8944,0.89453,1.50,1.50
2011.04.18 08:13:28.748,0.89437,0.89452,1.50,1.50
2011.04.18 08:13:29.892,0.89437,0.89452,1.50,1.50
2011.04.18 08:13:30.232,0.89437,0.8945,1.50,1.50
2011.04.18 08:13:30.574,0.89436,0.89449,1.50,2.25
2011.04.18 08:13:30.688,0.89431,0.89447,1.50,1.50
2011.04.18 08:13:31.137,0.89433,0.89447,1.50,1.50
2011.04.18 08:13:32.275,0.89433,0.89447,1.50,1.50
2011.04.18 08:13:32.608,0.8943,0.89445,2.25,1.50
2011.04.18 08:13:32.835,0.8943,0.89446,2.25,1.50
2011.04.18 08:13:33.385,0.8943,0.89447,1.50,1.50
2011.04.18 08:13:34.668,0.89429,0.89447,4.50,1.50
2011.04.18 08:13:35.197,0.8943,0.89448,1.50,1.50
2011.04.18 08:13:35.746,0.89431,0.89448,1.50,2.25
2011.04.18 08:13:37.887,0.89431,0.89448,1.50,1.50
2011.04.18 08:13:38.218,0.89432,0.89449,2.25,1.50
2011.04.18 08:13:38.449,0.89434,0.89451,1.50,1.50
2011.04.18 08:13:38.786,0.89434,0.89452,1.50,3.00
2011.04.18 08:13:39.226,0.89435,0.89452,2.25,1.50
2011.04.18 08:13:39.775,0.89436,0.89452,1.50,2.25
2011.04.18 08:13:40.325,0.89436,0.89452,1.50,1.50
2011.04.18 08:13:40.656,0.89436,0.89452,1.50,1.50
2011.04.18 08:13:41.654,0.89436,0.89454,1.50,3.00
2011.04.18 08:13:41.773,0.89439,0.89455,1.50,1.50
2011.04.18 08:13:44.321,0.89438,0.89456,1.50,1.50
2011.04.18 08:13:44.439,0.89437,0.89454,3.75,2.25
2011.04.18 08:13:44.779,0.89437,0.89452,2.25,2.25
2011.04.18 08:13:45.334,0.89437,0.89452,2.25,2.25
2011.04.18 08:13:47.168,0.89437,0.89452,2.25,1.50
2011.04.18 08:13:58.626,0.89437,0.89453,2.25,1.50
2011.04.18 08:14:00.366,0.89437,0.89453,2.25,2.25
2011.04.18 08:14:00.916,0.89437,0.89452,2.25,1.50
2011.04.18 08:14:04.986,0.89437,0.89454,2.25,2.25
2011.04.18 08:14:05.535,0.89437,0.89454,2.25,2.25
2011.04.18 08:14:05.756,0.89437,0.89454,2.25,2.25
2011.04.18 08:14:06.305,0.89437,0.89453,2.25,1.50
2011.04.18 08:14:07.765,0.89437,0.89454,2.25,2.25
2011.04.18 08:14:08.408,0.89437,0.89454,2.25,2.25
2011.04.18 08:14:08.955,0.89437,0.89454,3.00,1.50
2011.04.18 08:14:09.670,0.89437,0.89454,3.00,2.25
2011.04.18 08:14:10.115,0.89437,0.89454,3.00,2.25
2011.04.18 08:14:10.887,0.89437,0.89453,3.00,1.50
2011.04.18 08:14:11.656,0.89437,0.89454,1.50,2.25
2011.04.18 08:14:12.204,0.89437,0.89454,2.25,1.50
2011.04.18 08:14:13.819,0.89436,0.89452,3.00,1.50
2011.04.18 08:14:14.377,0.89436,0.89452,3.00,1.50
2011.04.18 08:14:14.925,0.89436,0.89452,3.00,1.50
2011.04.18 08:14:16.714,0.89436,0.89452,3.00,1.50
2011.04.18 08:14:17.729,0.89437,0.89452,1.50,1.50
2011.04.18 08:14:17.961,0.89436,0.89452,2.25,1.50
2011.04.18 08:14:18.516,0.89436,0.89452,2.25,1.50
2011.04.18 08:14:19.065,0.89436,0.89452,2.25,1.50
2011.04.18 08:14:19.174,0.89436,0.89452,2.25,1.50
2011.04.18 08:14:19.725,0.89436,0.89452,2.25,1.50
2011.04.18 08:14:20.385,0.89436,0.89452,2.25,2.25
2011.04.18 08:14:23.198,0.89438,0.89452,1.50,1.50
2011.04.18 08:14:23.536,0.89438,0.89454,1.50,1.50
2011.04.18 08:14:25.165,0.89438,0.89454,1.50,1.50
2011.04.18 08:14:25.929,0.89438,0.89454,1.50,1.50
2011.04.18 08:14:26.485,0.89438,0.89454,1.50,2.25
2011.04.18 08:14:28.898,0.89436,0.89453,3.00,1.50
2011.04.18 08:14:29.456,0.89436,0.89453,3.00,1.50
2011.04.18 08:14:30.227,0.89436,0.8945,2.25,1.50
2011.04.18 08:14:41.448,0.89436,0.89452,2.25,1.50
2011.04.18 08:14:42.655,0.89436,0.89451,2.25,1.50
2011.04.18 08:14:44.756,0.89436,0.89452,2.25,1.50
2011.04.18 08:14:54.239,0.89437,0.89453,1.50,1.50
2011.04.18 08:14:54.817,0.89437,0.89452,1.50,1.50
2011.04.18 08:14:55.257,0.89437,0.89454,3.00,2.25
2011.04.18 08:14:55.806,0.89437,0.89454,3.00,2.25
2011.04.18 08:14:57.275,0.89437,0.89453,2.25,1.50
2011.04.18 08:15:00.225,0.89437,0.89453,3.00,1.50
2011.04.18 08:15:00.748,0.89437,0.89454,3.00,2.25
2011.04.18 08:15:02.935,0.89437,0.89454,2.25,2.25
2011.04.18 08:15:03.265,0.89437,0.89454,4.50,2.25
2011.04.18 08:15:03.816,0.89439,0.89454,2.25,1.50
2011.04.18 08:15:04.808,0.89439,0.89455,3.00,1.50
2011.04.18 08:15:05.366,0.89439,0.89456,3.00,3.00
2011.04.18 08:15:09.708,0.8944,0.89456,2.25,2.25
2011.04.18 08:15:10.258,0.8944,0.89456,2.25,3.00
2011.04.18 08:15:10.806,0.8944,0.89455,1.50,1.50
2011.04.18 08:15:11.355,0.89438,0.89454,2.25,1.50
2011.04.18 08:15:12.765,0.89438,0.89454,2.25,1.50
2011.04.18 08:15:13.278,0.89438,0.89454,2.25,1.50
2011.04.18 08:15:13.718,0.89438,0.89453,2.25,1.50
2011.04.18 08:15:13.829,0.89435,0.89452,2.25,2.25
2011.04.18 08:15:14.057,0.89435,0.89452,1.50,1.50
2011.04.18 08:15:14.607,0.89435,0.89452,1.50,1.50
2011.04.18 08:15:15.046,0.89435,0.8945,1.50,1.50
2011.04.18 08:15:15.268,0.89434,0.8945,2.25,2.25
2011.04.18 08:15:15.816,0.89431,0.89448,3.00,1.50
2011.04.18 08:15:16.258,0.8943,0.89447,1.50,2.25
2011.04.18 08:15:16.931,0.89428,0.89444,1.50,1.50
2011.04.18 08:15:19.507,0.89428,0.89444,1.50,1.50
2011.04.18 08:15:19.729,0.89429,0.89446,1.50,1.50
2011.04.18 08:15:20.069,0.8943,0.89448,1.50,2.25
2011.04.18 08:15:20.297,0.8943,0.89446,1.50,1.50
2011.04.18 08:15:20.846,0.89429,0.89446,2.25,1.50
2011.04.18 08:15:21.286,0.89429,0.89446,1.50,1.50
2011.04.18 08:15:21.836,0.89429,0.89446,1.50,1.50
2011.04.18 08:15:22.619,0.89428,0.89439,2.10,2.25
2011.04.18 08:15:22.736,0.89424,0.89438,1.50,3.60
2011.04.18 08:15:22.850,0.89425,0.89442,2.10,4.50
2011.04.18 08:15:23.406,0.89427,0.89445,1.88,1.50
2011.04.18 08:15:23.519,0.89427,0.89445,1.88,1.50
2011.04.18 08:15:24.076,0.89429,0.89446,2.25,1.50
2011.04.18 08:15:25.176,0.89429,0.89445,2.25,1.50
2011.04.18 08:15:25.292,0.89429,0.89444,1.50,2.25
2011.04.18 08:15:25.516,0.89427,0.89443,1.50,1.50
2011.04.18 08:15:25.627,0.89427,0.89444,1.50,1.50
2011.04.18 08:15:25.956,0.89427,0.89445,1.50,2.25
2011.04.18 08:15:26.535,0.89427,0.89445,1.50,2.25
2011.04.18 08:15:28.316,0.89426,0.89445,4.13,2.25
2011.04.18 08:15:28.894,0.89426,0.89445,4.13,2.25
2011.04.18 08:15:29.013,0.89426,0.89445,4.13,1.50
2011.04.18 08:15:30.336,0.89429,0.89446,1.50,1.50
2011.04.18 08:15:30.887,0.89429,0.89446,1.50,2.25
2011.04.18 08:15:31.216,0.89427,0.89444,1.50,1.50
2011.04.18 08:15:31.767,0.89427,0.89444,1.50,1.50
2011.04.18 08:15:32.406,0.89427,0.89444,1.50,1.50
2011.04.18 08:15:34.002,0.89428,0.89444,1.50,1.50
2011.04.18 08:15:34.557,0.89432,0.89444,1.50,1.50
2011.04.18 08:15:36.220,0.89432,0.8944,1.50,1.50
2011.04.18 08:15:36.666,0.89427,0.8944,1.50,1.50
2011.04.18 08:15:38.209,0.89426,0.8944,1.50,3.75
2011.04.18 08:15:38.549,0.89422,0.89438,3.00,2.25
2011.04.18 08:15:38.776,0.89423,0.89438,1.50,2.25
2011.04.18 08:15:38.995,0.89423,0.89437,1.50,1.50
2011.04.18 08:15:40.539,0.89422,0.89439,3.00,2.25
2011.04.18 08:15:40.664,0.89426,0.89439,2.25,1.50
2011.04.18 08:15:40.997,0.89429,0.89445,1.50,2.25
2011.04.18 08:15:41.107,0.89431,0.89445,1.50,1.50
2011.04.18 08:15:41.668,0.89432,0.89447,1.50,1.82
2011.04.18 08:15:42.107,0.89431,0.89447,1.50,1.82
2011.04.18 08:15:42.329,0.89431,0.89447,1.50,2.25
2011.04.18 08:15:42.777,0.8943,0.89444,1.50,1.58
2011.04.18 08:15:43.108,0.89426,0.89441,2.25,1.13
2011.04.18 08:15:43.714,0.89425,0.89441,1.50,2.25
2011.04.18 08:15:43.834,0.89427,0.89442,1.50,1.35
2011.04.18 08:15:44.060,0.89429,0.89443,1.50,1.50
2011.04.18 08:15:44.288,0.89428,0.89446,3.00,3.75
2011.04.18 08:15:44.838,0.89431,0.89446,2.25,3.00
2011.04.18 08:15:45.177,0.89432,0.89448,2.25,1.50
2011.04.18 08:15:45.287,0.89432,0.89448,2.25,1.50
2011.04.18 08:15:45.840,0.89433,0.89448,1.50,1.50
2011.04.18 08:15:46.176,0.89434,0.8945,1.50,3.00
2011.04.18 08:15:46.287,0.89434,0.8945,1.50,2.25
2011.04.18 08:15:46.728,0.89437,0.8945,1.50,2.25
2011.04.18 08:15:47.055,0.89437,0.89452,1.50,3.00
2011.04.18 08:15:47.166,0.89437,0.89452,1.50,3.00
2011.04.18 08:15:47.936,0.89436,0.89452,2.25,1.50
2011.04.18 08:15:48.377,0.89438,0.89452,1.50,1.50
2011.04.18 08:15:48.926,0.89439,0.89452,1.50,1.50
2011.04.18 08:15:49.475,0.89439,0.89452,1.50,1.50
2011.04.18 08:15:51.897,0.89439,0.89451,1.50,2.25
2011.04.18 08:16:01.686,0.89439,0.89449,1.50,1.50
2011.04.18 08:16:02.126,0.89435,0.89448,1.50,1.50
2011.04.18 08:16:03.771,0.89434,0.89448,2.25,2.25
2011.04.18 08:16:06.776,0.89435,0.89448,1.50,1.50
2011.04.18 08:16:08.536,0.89432,0.89448,1.50,1.50
2011.04.18 08:16:08.647,0.89432,0.89448,1.50,1.50
2011.04.18 08:16:08.757,0.89433,0.89448,1.50,1.50
2011.04.18 08:16:10.426,0.89433,0.89448,1.50,1.50
2011.04.18 08:16:15.069,0.89433,0.89446,1.50,2.25
2011.04.18 08:16:15.845,0.89433,0.89444,1.50,1.50
2011.04.18 08:16:16.068,0.89429,0.89442,1.50,1.50
2011.04.18 08:16:16.647,0.89429,0.89442,1.50,3.45
2011.04.18 08:16:16.776,0.89423,0.8944,1.50,2.25
2011.04.18 08:16:19.600,0.89423,0.8944,2.25,2.25
2011.04.18 08:16:20.157,0.89425,0.89442,2.25,1.88
2011.04.18 08:16:20.815,0.89425,0.89442,2.25,1.88
2011.04.18 08:16:21.365,0.89425,0.89442,2.25,2.63
2011.04.18 08:16:21.585,0.89425,0.89442,2.25,2.63
2011.04.18 08:16:22.671,0.89425,0.89441,2.25,1.50
2011.04.18 08:16:24.306,0.89424,0.89441,2.25,1.50
2011.04.18 08:16:26.368,0.89424,0.89441,1.50,2.25
2011.04.18 08:16:26.806,0.89423,0.89439,1.50,1.50
2011.04.18 08:16:27.465,0.89422,0.89437,2.25,2.25
2011.04.18 08:16:36.199,0.89419,0.89433,1.50,1.50
2011.04.18 08:16:36.427,0.89419,0.89434,1.50,2.10
2011.04.18 08:16:37.199,0.89419,0.89435,1.50,1.50
2011.04.18 08:16:37.317,0.8942,0.89436,1.50,1.50
2011.04.18 08:16:40.467,0.8942,0.89437,1.50,3.75
2011.04.18 08:16:41.017,0.8942,0.89437,1.50,3.00
2011.04.18 08:16:41.347,0.89422,0.89437,1.50,2.25
2011.04.18 08:16:41.458,0.89422,0.89439,1.50,2.25
2011.04.18 08:16:41.946,0.89426,0.89443,1.50,1.50
2011.04.18 08:16:42.500,0.89426,0.89443,3.00,2.25
2011.04.18 08:16:42.726,0.89427,0.89443,1.50,2.25
2011.04.18 08:16:43.058,0.89426,0.8944,1.50,1.50
2011.04.18 08:16:43.277,0.89424,0.89441,1.50,3.23
2011.04.18 08:16:43.608,0.89421,0.89439,2.25,2.25
2011.04.18 08:16:43.936,0.89423,0.89439,1.50,1.50
2011.04.18 08:16:44.488,0.89423,0.89438,1.50,3.60
2011.04.18 08:16:45.036,0.89418,0.89437,4.50,1.50
2011.04.18 08:16:47.415,0.89419,0.89436,2.25,1.50
2011.04.18 08:16:48.567,0.89419,0.89435,2.25,1.50
2011.04.18 08:16:48.786,0.89417,0.89435,3.00,1.50
2011.04.18 08:16:49.335,0.89417,0.89435,3.00,1.50
2011.04.18 08:16:53.347,0.89421,0.89435,1.50,1.50
2011.04.18 08:16:54.897,0.89421,0.89436,1.50,2.25
2011.04.18 08:16:55.786,0.89423,0.89436,1.50,2.25
2011.04.18 08:16:56.997,0.89421,0.89436,1.50,2.25
2011.04.18 08:16:57.218,0.89422,0.89438,1.50,1.50
2011.04.18 08:16:57.438,0.89423,0.89438,1.50,1.50
2011.04.18 08:16:57.777,0.89426,0.89442,2.25,1.50
2011.04.18 08:16:58.773,0.89426,0.8944,1.50,2.25
2011.04.18 08:16:59.011,0.8942,0.89435,3.75,1.50
2011.04.18 08:16:59.565,0.8942,0.89436,3.00,2.25
2011.04.18 08:17:00.115,0.89419,0.89436,1.50,1.50
2011.04.18 08:17:00.885,0.8942,0.89436,1.50,2.25
2011.04.18 08:17:01.879,0.89419,0.89433,1.50,2.25
2011.04.18 08:17:03.566,0.89419,0.89431,1.50,1.50
2011.04.18 08:17:04.229,0.89414,0.89424,1.50,1.88
2011.04.18 08:17:04.350,0.89409,0.89426,1.50,4.73
2011.04.18 08:17:04.905,0.89409,0.89425,1.50,1.50
2011.04.18 08:17:05.895,0.89409,0.89425,1.50,1.50
2011.04.18 08:17:06.445,0.89409,0.89425,1.50,1.50
2011.04.18 08:17:07.377,0.89409,0.89426,1.50,5.63
2011.04.18 08:17:07.925,0.89409,0.89425,1.50,1.50
2011.04.18 08:17:08.475,0.89409,0.89424,1.50,1.50
2011.04.18 08:17:09.026,0.89409,0.89424,1.50,2.25
2011.04.18 08:17:09.467,0.89408,0.89424,1.50,3.23
2011.04.18 08:17:11.445,0.89407,0.89423,1.50,1.50
2011.04.18 08:17:11.900,0.89406,0.89419,2.25,1.50
2011.04.18 08:17:12.014,0.89407,0.8942,1.50,1.35
2011.04.18 08:17:12.130,0.89405,0.89419,1.50,1.88
2011.04.18 08:17:12.356,0.89401,0.89417,1.50,3.23
2011.04.18 08:17:12.797,0.89402,0.89419,1.50,3.00
2011.04.18 08:17:13.018,0.89405,0.8942,1.50,3.00
2011.04.18 08:17:13.347,0.89403,0.89422,1.50,1.50
2011.04.18 08:17:13.456,0.89404,0.89422,2.25,1.50
2011.04.18 08:17:13.569,0.89404,0.89422,2.25,2.25
2011.04.18 08:17:13.796,0.89404,0.89422,2.25,1.50
2011.04.18 08:17:14.129,0.89404,0.89419,1.50,1.69
2011.04.18 08:17:14.356,0.89405,0.8942,1.50,1.50
2011.04.18 08:17:14.577,0.89403,0.8942,1.50,2.33
2011.04.18 08:17:15.015,0.89403,0.8942,1.50,2.25
2011.04.18 08:17:15.349,0.89401,0.89413,3.00,1.13
2011.04.18 08:17:15.579,0.89401,0.89416,2.25,2.48
2011.04.18 08:17:15.699,0.894,0.89414,1.50,2.25
2011.04.18 08:17:16.146,0.89401,0.89417,1.50,1.50
2011.04.18 08:17:16.366,0.89401,0.89418,1.50,2.25
2011.04.18 08:17:17.156,0.894,0.89417,1.50,2.63
2011.04.18 08:17:17.266,0.894,0.89417,1.50,3.38
2011.04.18 08:17:17.816,0.894,0.89417,2.25,3.38
2011.04.18 08:17:18.365,0.894,0.89415,2.25,1.50
2011.04.18 08:17:18.925,0.894,0.89416,2.25,1.50
2011.04.18 08:17:19.475,0.89398,0.89415,2.25,2.63
2011.04.18 08:17:20.135,0.89398,0.89414,1.50,1.88
2011.04.18 08:17:20.686,0.89398,0.89412,1.50,1.35
2011.04.18 08:17:21.235,0.89398,0.89413,1.50,1.35
2011.04.18 08:17:21.785,0.89398,0.89413,1.50,2.10
2011.04.18 08:17:24.163,0.89395,0.89412,2.25,1.35
2011.04.18 08:17:24.717,0.89395,0.89413,2.25,2.85
2011.04.18 08:17:24.937,0.89394,0.8941,3.75,1.50
2011.04.18 08:17:25.485,0.89394,0.8941,2.25,1.58
2011.04.18 08:17:26.258,0.89394,0.89409,1.50,1.50
2011.04.18 08:17:26.585,0.89394,0.8941,1.50,2.25
2011.04.18 08:17:27.135,0.89396,0.89411,1.50,2.25
2011.04.18 08:17:34.085,0.89397,0.89412,1.50,2.10
2011.04.18 08:17:34.635,0.89397,0.89412,2.25,1.35
2011.04.18 08:17:35.887,0.89397,0.89412,1.50,1.35
2011.04.18 08:17:36.224,0.89398,0.89414,1.50,1.50
2011.04.18 08:17:36.735,0.89399,0.89418,1.88,2.63
2011.04.18 08:17:36.852,0.894,0.89418,2.25,1.88
2011.04.18 08:17:37.083,0.89402,0.8942,1.13,1.50
2011.04.18 08:17:37.420,0.89404,0.89421,1.50,1.50
2011.04.18 08:17:37.974,0.89404,0.89421,2.25,1.50
2011.04.18 08:17:39.747,0.89404,0.89421,2.25,1.50
2011.04.18 08:17:40.816,0.89404,0.89421,1.50,1.50
2011.04.18 08:17:42.026,0.89403,0.89421,1.50,1.50
2011.04.18 08:17:42.576,0.89402,0.89419,3.00,1.50
2011.04.18 08:17:45.135,0.89403,0.8942,2.25,1.50
2011.04.18 08:17:45.247,0.89403,0.8942,2.25,1.50
2011.04.18 08:17:45.357,0.89403,0.89421,2.10,1.50
2011.04.18 08:17:45.577,0.89406,0.89421,1.50,1.50
2011.04.18 08:17:45.799,0.89406,0.89424,1.50,1.82
2011.04.18 08:17:45.916,0.89406,0.89424,1.50,1.07
2011.04.18 08:17:46.465,0.89408,0.89424,1.50,1.07
2011.04.18 08:17:47.235,0.89408,0.89424,1.50,1.82
2011.04.18 08:17:47.787,0.89408,0.89424,1.50,1.07
2011.04.18 08:17:48.776,0.89408,0.89424,1.50,1.07
2011.04.18 08:17:49.985,0.8941,0.89424,1.50,1.07
2011.04.18 08:17:50.538,0.8941,0.89426,1.50,1.50
2011.04.18 08:17:50.977,0.89411,0.89428,2.25,2.25
2011.04.18 08:17:51.097,0.89415,0.89431,1.50,1.07
2011.04.18 08:17:51.650,0.89417,0.89433,2.25,1.01
2011.04.18 08:17:52.207,0.89417,0.89434,2.25,2.51
2011.04.18 08:17:52.536,0.89419,0.89435,2.25,1.20
2011.04.18 08:17:52.758,0.89422,0.89438,1.50,1.50
2011.04.18 08:17:53.195,0.89424,0.8944,1.50,1.13
2011.04.18 08:17:53.638,0.89427,0.89442,1.50,2.25
2011.04.18 08:17:53.856,0.89429,0.89445,1.50,1.13
2011.04.18 08:17:54.296,0.89429,0.89445,1.50,1.13
2011.04.18 08:17:54.736,0.89431,0.89445,1.50,1.13
2011.04.18 08:17:55.505,0.89431,0.89445,1.50,1.13
2011.04.18 08:17:56.056,0.89431,0.89445,1.50,1.13
2011.04.18 08:17:56.276,0.89431,0.89445,1.50,1.13
2011.04.18 08:17:56.837,0.89431,0.89445,1.50,1.13
2011.04.18 08:17:57.606,0.89431,0.89446,1.50,1.88
2011.04.18 08:17:57.716,0.89431,0.89446,1.50,1.88
2011.04.18 08:17:58.267,0.89431,0.89445,1.50,1.50
2011.04.18 08:17:58.377,0.8943,0.89445,1.50,1.50
2011.04.18 08:17:58.707,0.89429,0.89445,1.50,1.50
2011.04.18 08:17:59.037,0.89427,0.89445,1.50,2.25
2011.04.18 08:17:59.365,0.89427,0.89445,1.50,2.25
2011.04.18 08:18:00.057,0.89427,0.89445,1.50,2.25
2011.04.18 08:18:00.935,0.89427,0.89443,1.50,1.35
2011.04.18 08:18:01.157,0.89427,0.89445,1.50,2.33
2011.04.18 08:18:02.705,0.89427,0.89444,2.25,1.58
2011.04.18 08:18:02.817,0.89427,0.89445,2.25,1.88
2011.04.18 08:18:03.036,0.89427,0.89445,2.25,1.95
2011.04.18 08:18:03.633,0.89427,0.89442,1.50,1.43
2011.04.18 08:18:03.965,0.89424,0.89441,1.50,1.13
2011.04.18 08:18:04.519,0.89424,0.89441,1.50,2.44
2011.04.18 08:18:04.747,0.89424,0.89441,1.50,1.50
2011.04.18 08:18:05.515,0.89423,0.89442,3.75,2.10
2011.04.18 08:18:05.955,0.89424,0.89442,1.50,2.10
2011.04.18 08:18:06.825,0.89424,0.89442,1.50,2.10
2011.04.18 08:18:07.265,0.89425,0.89442,1.50,2.10
2011.04.18 08:18:07.596,0.89425,0.89442,1.50,2.10
2011.04.18 08:18:11.425,0.89425,0.89442,1.50,3.79
2011.04.18 08:18:11.978,0.89425,0.89442,1.50,4.73
2011.04.18 08:18:15.097,0.89424,0.8944,1.50,1.50
2011.04.18 08:18:15.432,0.89422,0.89437,1.50,2.25
2011.04.18 08:18:15.769,0.89418,0.89434,2.25,2.33
2011.04.18 08:18:16.217,0.89417,0.89433,1.50,2.44
2011.04.18 08:18:16.547,0.89416,0.89433,2.25,3.00
2011.04.18 08:18:17.096,0.89417,0.89433,1.50,3.00
2011.04.18 08:18:17.645,0.89416,0.89433,1.50,3.19
2011.04.18 08:18:18.086,0.89415,0.89432,2.25,2.25
2011.04.18 08:18:18.937,0.89415,0.89431,1.50,3.00
2011.04.18 08:18:19.487,0.89414,0.89431,3.00,3.75
2011.04.18 08:18:20.807,0.89414,0.89431,1.50,2.25
2011.04.18 08:18:21.356,0.89413,0.8943,3.75,1.50
2011.04.18 08:18:21.687,0.89415,0.89431,3.00,1.50
2011.04.18 08:18:21.796,0.89415,0.89431,3.75,1.50
2011.04.18 08:18:22.017,0.89417,0.89431,2.25,1.50
2011.04.18 08:18:22.456,0.89417,0.89433,1.50,1.50
2011.04.18 08:18:22.675,0.89416,0.89433,1.50,1.50
2011.04.18 08:18:23.226,0.89417,0.89433,1.50,1.50
2011.04.18 08:18:23.790,0.89415,0.89433,6.00,1.50
2011.04.18 08:18:24.131,0.89415,0.8943,3.00,1.13
2011.04.18 08:18:24.478,0.89408,0.89428,3.00,1.50
2011.04.18 08:18:24.591,0.89408,0.89427,2.25,2.25
2011.04.18 08:18:25.039,0.8941,0.89428,1.50,1.50
2011.04.18 08:18:25.268,0.89409,0.89426,1.50,1.50
2011.04.18 08:18:25.829,0.8941,0.89425,1.50,1.50
2011.04.18 08:18:26.369,0.89409,0.89425,1.50,1.50
2011.04.18 08:18:26.926,0.8941,0.89425,1.50,1.50
2011.04.18 08:18:29.489,0.89407,0.89424,1.50,2.25
2011.04.18 08:18:29.612,0.89406,0.89422,5.85,1.50
2011.04.18 08:18:30.167,0.89406,0.89421,2.25,1.50
2011.04.18 08:18:30.610,0.89405,0.89421,2.25,2.25
2011.04.18 08:18:31.166,0.89403,0.89421,3.60,1.50
2011.04.18 08:18:31.715,0.89403,0.89421,4.35,1.50
2011.04.18 08:18:32.266,0.89404,0.89421,1.50,1.50
2011.04.18 08:18:32.929,0.89406,0.89421,1.50,1.50
2011.04.18 08:18:33.269,0.89408,0.89426,2.25,2.25
2011.04.18 08:18:33.386,0.89409,0.89426,1.50,1.50
2011.04.18 08:18:33.889,0.89409,0.89426,2.25,1.50
2011.04.18 08:18:34.444,0.89408,0.89425,1.50,2.44
2011.04.18 08:18:34.557,0.89406,0.89425,4.50,3.79
2011.04.18 08:18:35.106,0.89406,0.89425,3.00,2.29
2011.04.18 08:18:35.700,0.89406,0.89425,3.00,2.29
2011.04.18 08:18:35.817,0.89406,0.89425,3.75,2.10
2011.04.18 08:18:36.365,0.89406,0.89425,3.00,2.10
2011.04.18 08:18:37.686,0.89407,0.89425,1.50,2.29
2011.04.18 08:18:38.235,0.89407,0.89425,2.25,2.10
2011.04.18 08:18:39.506,0.89407,0.89425,1.50,2.10
2011.04.18 08:18:40.056,0.89407,0.89425,1.50,2.10
2011.04.18 08:18:40.778,0.89407,0.89425,1.50,2.10
2011.04.18 08:18:41.107,0.89408,0.89426,2.25,2.10
2011.04.18 08:18:41.657,0.89409,0.89426,2.25,2.10
2011.04.18 08:18:42.206,0.8941,0.89426,1.50,1.92
2011.04.18 08:18:45.021,0.8941,0.89426,2.25,1.69
2011.04.18 08:18:45.140,0.89408,0.89424,1.50,1.50
2011.04.18 08:18:47.927,0.89408,0.89424,2.25,1.50
2011.04.18 08:18:48.477,0.89409,0.89424,1.13,2.25
2011.04.18 08:18:48.588,0.89411,0.89422,2.25,1.50
2011.04.18 08:18:48.699,0.89408,0.89423,3.00,1.50
2011.04.18 08:18:49.149,0.89404,0.8942,1.50,1.13
2011.04.18 08:18:49.377,0.89404,0.89422,2.25,1.50
2011.04.18 08:18:49.815,0.89404,0.89422,1.50,2.25
2011.04.18 08:18:50.611,0.89403,0.89418,2.25,1.58
2011.04.18 08:18:51.827,0.89403,0.89415,2.25,1.50
2011.04.18 08:18:52.267,0.89399,0.89414,1.50,1.50
2011.04.18 08:18:52.379,0.89397,0.89413,6.00,1.35
2011.04.18 08:18:52.500,0.89397,0.89412,3.00,1.50
2011.04.18 08:18:52.618,0.89397,0.89412,1.50,2.25
2011.04.18 08:18:52.838,0.89397,0.89412,1.50,2.25
2011.04.18 08:18:52.948,0.89393,0.89412,4.50,2.25
2011.04.18 08:18:53.717,0.89396,0.89413,1.50,2.10
2011.04.18 08:18:54.527,0.89398,0.89414,1.50,2.25
2011.04.18 08:18:54.858,0.89396,0.8941,1.50,1.50
2011.04.18 08:18:54.968,0.89396,0.89412,1.50,3.00
2011.04.18 08:18:55.187,0.89394,0.8941,1.50,1.50
2011.04.18 08:18:55.516,0.89394,0.89412,2.25,3.38
2011.04.18 08:18:56.067,0.89394,0.89412,1.50,4.88
2011.04.18 08:18:56.397,0.89397,0.89412,1.50,1.88
2011.04.18 08:18:56.507,0.89395,0.89411,2.25,1.50
2011.04.18 08:18:57.056,0.89395,0.8941,2.25,1.50
2011.04.18 08:18:57.605,0.89395,0.89412,2.25,1.88
2011.04.18 08:18:58.157,0.89395,0.8941,2.25,1.50
2011.04.18 08:18:58.712,0.89395,0.89412,1.50,1.13
2011.04.18 08:18:58.830,0.89397,0.89413,1.50,3.00
2011.04.18 08:18:59.501,0.89398,0.89416,3.00,1.50
2011.04.18 08:19:00.280,0.89398,0.89416,3.75,1.50
2011.04.18 08:19:00.836,0.89398,0.89416,2.25,1.50
2011.04.18 08:19:01.386,0.89398,0.89415,3.00,1.50
2011.04.18 08:19:01.718,0.89398,0.89413,3.75,1.50
2011.04.18 08:19:01.826,0.89398,0.89415,3.75,3.00
2011.04.18 08:19:02.376,0.89398,0.89416,3.00,1.50
2011.04.18 08:19:02.816,0.89398,0.89416,3.00,1.50
2011.04.18 08:19:03.476,0.89398,0.89416,3.00,1.50
2011.04.18 08:19:03.587,0.89399,0.89416,1.50,1.50
2011.04.18 08:19:04.027,0.89402,0.89419,1.50,1.50
2011.04.18 08:19:04.629,0.89404,0.89422,1.50,1.50
2011.04.18 08:19:05.071,0.89406,0.89423,3.00,1.50
2011.04.18 08:19:05.407,0.89411,0.89423,1.50,1.07
2011.04.18 08:19:05.520,0.8941,0.89423,1.50,1.07
2011.04.18 08:19:06.299,0.8941,0.89424,1.50,1.07
2011.04.18 08:19:06.856,0.89409,0.89423,1.50,1.07
2011.04.18 08:19:09.447,0.89409,0.89423,1.50,1.07
2011.04.18 08:19:09.996,0.89409,0.89423,1.50,1.07
2011.04.18 08:19:10.548,0.89408,0.89424,1.35,1.07
2011.04.18 08:19:11.096,0.89408,0.89423,1.35,1.07
2011.04.18 08:19:11.426,0.89409,0.89423,1.50,1.07
2011.04.18 08:19:11.539,0.89408,0.89423,1.35,1.07
2011.04.18 08:19:11.770,0.89409,0.89423,1.50,1.07
2011.04.18 08:19:12.328,0.89409,0.89423,2.25,1.07
2011.04.18 08:19:12.879,0.89411,0.89424,1.13,1.07
2011.04.18 08:19:13.463,0.89413,0.89426,1.35,3.32
2011.04.18 08:19:13.798,0.89413,0.89426,1.35,1.50
2011.04.18 08:19:13.907,0.89411,0.89425,3.00,1.50
2011.04.18 08:19:14.347,0.8941,0.89425,1.13,1.69
2011.04.18 08:19:15.337,0.89409,0.89426,3.60,4.73
2011.04.18 08:19:16.216,0.89409,0.89424,2.85,1.07
2011.04.18 08:19:16.876,0.89409,0.89424,2.10,1.07
2011.04.18 08:19:17.691,0.89409,0.89423,2.10,1.07
2011.04.18 08:19:17.806,0.89409,0.89423,2.10,1.07
2011.04.18 08:19:18.028,0.89408,0.89423,1.35,1.07
2011.04.18 08:19:18.135,0.89408,0.89423,1.35,1.07
2011.04.18 08:19:18.686,0.89408,0.89423,1.35,1.07
2011.04.18 08:19:19.676,0.89408,0.89423,1.35,1.07
2011.04.18 08:19:20.337,0.89408,0.89423,1.35,1.07
2011.04.18 08:19:22.205,0.89408,0.89423,1.35,1.07
2011.04.18 08:19:22.755,0.89409,0.89424,1.35,1.07
2011.04.18 08:19:23.157,0.89409,0.89424,1.35,1.07
2011.04.18 08:19:23.847,0.89409,0.89423,1.35,1.07
2011.04.18 08:19:24.865,0.89409,0.89425,2.10,1.07
2011.04.18 08:19:25.415,0.89409,0.89423,1.35,1.07
2011.04.18 08:19:26.745,0.89409,0.89424,2.10,1.07
2011.04.18 08:19:27.186,0.89409,0.89423,2.10,1.07
2011.04.18 08:19:27.746,0.8941,0.89425,1.50,1.26
2011.04.18 08:19:28.299,0.89411,0.89425,2.25,1.07
2011.04.18 08:19:28.526,0.89412,0.89427,1.50,1.22
2011.04.18 08:19:28.857,0.89413,0.89428,2.85,1.51
2011.04.18 08:19:29.302,0.89415,0.89432,1.50,1.50
2011.04.18 08:19:29.422,0.89419,0.89434,1.50,2.25
2011.04.18 08:19:29.542,0.89419,0.89434,5.48,1.65
2011.04.18 08:19:29.658,0.89421,0.89437,1.50,1.50
2011.04.18 08:19:29.768,0.89421,0.89438,1.50,1.50
2011.04.18 08:19:30.274,0.89423,0.89437,3.98,1.50
2011.04.18 08:19:30.718,0.89423,0.89437,3.98,1.50
2011.04.18 08:19:31.270,0.89423,0.89437,3.23,1.50
2011.04.18 08:19:32.266,0.89423,0.89437,3.23,1.50
2011.04.18 08:19:32.816,0.89423,0.89437,3.23,1.50
2011.04.18 08:19:33.475,0.89423,0.89437,3.23,1.50
2011.04.18 08:19:33.695,0.89423,0.89437,3.23,1.50
2011.04.18 08:19:34.256,0.89423,0.89437,3.23,1.50
2011.04.18 08:19:34.805,0.89423,0.89437,3.23,1.50
2011.04.18 08:19:35.385,0.89423,0.89438,3.23,1.50
2011.04.18 08:19:36.735,0.89426,0.89438,1.50,1.50
2011.04.18 08:19:37.506,0.89426,0.89439,1.50,1.50
2011.04.18 08:19:40.767,0.89426,0.8944,1.50,1.82
2011.04.18 08:19:41.316,0.89426,0.8944,1.50,1.82
2011.04.18 08:19:41.867,0.89426,0.89443,3.00,1.50
2011.04.18 08:19:42.199,0.89428,0.89444,3.00,1.50
2011.04.18 08:19:42.317,0.8943,0.89446,1.50,1.50
2011.04.18 08:19:42.647,0.8943,0.89446,3.75,1.50
2011.04.18 08:19:42.977,0.89432,0.89446,1.50,1.50
2011.04.18 08:19:43.307,0.89432,0.89447,1.50,1.07
2011.04.18 08:19:43.857,0.89433,0.89448,1.50,1.82
2011.04.18 08:19:44.297,0.89433,0.89448,1.50,1.82
2011.04.18 08:19:44.846,0.89434,0.89448,1.50,1.82
2011.04.18 08:19:46.786,0.89434,0.89448,1.50,1.82
2011.04.18 08:19:47.676,0.89434,0.89448,1.50,1.82
2011.04.18 08:19:48.346,0.89434,0.89447,1.50,1.07
2011.04.18 08:19:49.787,0.89434,0.89448,1.50,1.82
2011.04.18 08:19:50.785,0.89434,0.89447,1.50,1.07
2011.04.18 08:19:51.335,0.89434,0.89447,1.50,1.07
2011.04.18 08:19:55.270,0.89434,0.89445,1.50,1.20
2011.04.18 08:19:55.392,0.89429,0.89442,3.00,1.13
2011.04.18 08:19:55.618,0.89429,0.89442,1.50,1.13
2011.04.18 08:19:55.948,0.89427,0.89441,1.35,1.13
2011.04.18 08:19:56.495,0.89427,0.89441,1.35,1.13
2011.04.18 08:19:56.856,0.89427,0.89441,1.35,1.13
2011.04.18 08:19:57.228,0.89427,0.89441,1.35,1.13
2011.04.18 08:19:57.776,0.89427,0.89441,1.50,1.13
2011.04.18 08:19:58.110,0.8943,0.89443,1.35,1.50
2011.04.18 08:19:58.449,0.8943,0.89446,3.00,1.50
2011.04.18 08:19:58.979,0.8943,0.89446,4.50,1.50
2011.04.18 08:20:00.698,0.8943,0.89446,1.55,1.50
2011.04.18 08:20:01.138,0.89429,0.89442,1.50,1.02
2011.04.18 08:20:01.690,0.89429,0.89443,1.50,1.20
2011.04.18 08:20:02.246,0.89427,0.89442,4.50,1.20
2011.04.18 08:20:02.795,0.89427,0.89442,3.75,1.20
2011.04.18 08:20:03.346,0.89427,0.89442,3.75,1.20
2011.04.18 08:20:04.513,0.89427,0.89442,3.75,1.20
2011.04.18 08:20:05.218,0.89427,0.89442,3.75,1.20
2011.04.18 08:20:06.875,0.89427,0.89442,3.75,1.20
2011.04.18 08:20:07.537,0.89427,0.89444,3.75,1.50
2011.04.18 08:20:08.087,0.89429,0.89443,1.50,1.50
2011.04.18 08:20:09.726,0.89429,0.89443,1.50,1.69
2011.04.18 08:20:10.497,0.89429,0.89442,1.50,1.20
2011.04.18 08:20:11.646,0.89429,0.89443,1.50,1.20
2011.04.18 08:20:12.226,0.89429,0.89443,1.50,1.20
2011.04.18 08:20:13.107,0.8943,0.89443,1.50,1.20
2011.04.18 08:20:13.666,0.8943,0.89443,1.50,2.18
2011.04.18 08:20:13.886,0.8943,0.89445,1.50,1.50
2011.04.18 08:20:15.746,0.89428,0.89443,1.50,1.50
2011.04.18 08:20:16.295,0.89428,0.89446,1.50,1.50
2011.04.18 08:20:19.085,0.89428,0.89446,2.25,1.50
2011.04.18 08:20:20.208,0.89428,0.89446,2.25,1.50
2011.04.18 08:20:21.126,0.89431,0.89447,1.50,2.57
2011.04.18 08:20:27.127,0.89431,0.89447,1.50,1.50
2011.04.18 08:20:27.240,0.89433,0.89447,2.25,1.50
2011.04.18 08:20:27.467,0.89435,0.89449,1.50,1.50
2011.04.18 08:20:28.017,0.89434,0.89449,3.00,1.69
2011.04.18 08:20:28.126,0.89434,0.8945,3.75,1.69
2011.04.18 08:20:32.277,0.89434,0.89449,4.50,1.50
2011.04.18 08:20:32.836,0.89434,0.8945,3.75,2.63
2011.04.18 08:20:33.416,0.89434,0.89449,3.75,1.50
2011.04.18 08:20:33.915,0.89434,0.8945,3.75,2.63
2011.04.18 08:20:34.466,0.89434,0.8945,3.75,2.63
2011.04.18 08:20:35.020,0.89438,0.89452,1.50,1.50
2011.04.18 08:20:35.358,0.89445,0.89456,1.35,1.07
2011.04.18 08:20:35.577,0.89445,0.89457,1.35,2.01
2011.04.18 08:20:36.127,0.89445,0.89458,1.35,2.29
2011.04.18 08:20:36.456,0.89445,0.89458,1.35,3.45
2011.04.18 08:20:37.054,0.89444,0.89458,1.50,4.52
2011.04.18 08:20:37.610,0.89443,0.89454,1.50,1.58
2011.04.18 08:20:37.734,0.89438,0.89454,2.25,1.50
2011.04.18 08:20:37.959,0.89436,0.89453,3.00,1.50
2011.04.18 08:20:38.079,0.89437,0.89453,2.25,1.50
2011.04.18 08:20:38.627,0.89437,0.89453,2.25,1.50
2011.04.18 08:20:38.957,0.8944,0.89453,1.50,1.50
2011.04.18 08:20:41.577,0.89439,0.89453,1.50,1.50
2011.04.18 08:20:42.355,0.89439,0.89454,2.25,1.50
2011.04.18 08:20:45.441,0.89439,0.89454,3.75,1.50
2011.04.18 08:20:45.671,0.89441,0.89456,2.25,1.50
2011.04.18 08:20:45.789,0.89441,0.89456,3.00,1.50
2011.04.18 08:20:46.336,0.89441,0.89456,2.25,1.50
2011.04.18 08:20:46.446,0.89441,0.89456,2.25,1.50
2011.04.18 08:20:47.636,0.89442,0.89458,1.50,2.31
2011.04.18 08:20:47.746,0.89442,0.89458,1.50,2.12
2011.04.18 08:20:48.296,0.89443,0.89458,1.50,2.87
2011.04.18 08:20:51.028,0.89443,0.89458,4.50,2.57
2011.04.18 08:20:52.457,0.89445,0.89457,1.50,1.82
2011.04.18 08:20:52.676,0.89445,0.89458,1.50,1.82
2011.04.18 08:20:53.227,0.89445,0.89457,3.75,1.07
2011.04.18 08:20:53.776,0.89445,0.89458,1.50,1.82
2011.04.18 08:20:54.327,0.89445,0.8946,1.50,1.50
2011.04.18 08:20:55.228,0.89445,0.8946,3.75,1.50
2011.04.18 08:20:55.339,0.89445,0.8946,4.50,1.35
2011.04.18 08:20:55.571,0.89447,0.89463,1.50,1.88
2011.04.18 08:20:55.690,0.89447,0.89463,2.25,1.50
2011.04.18 08:20:56.026,0.89447,0.89464,1.50,1.82
2011.04.18 08:20:57.156,0.89447,0.89464,1.50,1.82
2011.04.18 08:20:57.816,0.89447,0.89464,1.50,1.82
2011.04.18 08:20:58.586,0.89447,0.89463,1.50,1.07
2011.04.18 08:20:59.136,0.89447,0.89463,1.50,1.07
2011.04.18 08:21:00.108,0.89445,0.89463,3.60,1.07
2011.04.18 08:21:00.436,0.89445,0.89462,1.35,3.00
2011.04.18 08:21:00.986,0.89444,0.89461,1.35,1.50
2011.04.18 08:21:02.527,0.89444,0.8946,1.35,1.58
2011.04.18 08:21:02.636,0.89444,0.89459,1.35,1.02
2011.04.18 08:21:03.185,0.89442,0.8946,2.25,1.58
2011.04.18 08:21:04.636,0.89441,0.89458,3.00,1.24
2011.04.18 08:21:05.187,0.89442,0.89458,2.25,1.24
2011.04.18 08:21:05.740,0.89443,0.8946,1.50,2.33
2011.04.18 08:21:06.296,0.89442,0.89459,2.25,1.02
2011.04.18 08:21:06.628,0.89442,0.89459,2.25,1.02
2011.04.18 08:21:12.022,0.89441,0.89456,2.25,1.50
2011.04.18 08:21:12.355,0.89441,0.89456,2.25,1.50
2011.04.18 08:21:17.907,0.89441,0.89456,2.25,1.50
2011.04.18 08:21:20.177,0.89441,0.89456,2.25,1.50
2011.04.18 08:21:21.718,0.89441,0.89456,2.25,1.50
2011.04.18 08:21:23.526,0.89441,0.89455,2.25,1.50
2011.04.18 08:21:23.747,0.89439,0.89455,1.50,2.25
2011.04.18 08:21:23.969,0.89437,0.89453,2.25,1.50
2011.04.18 08:21:24.525,0.89436,0.89451,2.25,1.50
2011.04.18 08:21:25.076,0.89436,0.89451,1.50,1.50
2011.04.18 08:21:26.787,0.89436,0.89453,1.50,1.50
2011.04.18 08:21:27.337,0.89437,0.89453,1.50,1.50
2011.04.18 08:21:30.351,0.89436,0.89453,3.75,1.50
2011.04.18 08:21:30.688,0.89438,0.89455,1.50,1.82
2011.04.18 08:21:31.019,0.89439,0.89454,2.25,1.50
2011.04.18 08:21:31.138,0.89439,0.89454,1.50,2.25
2011.04.18 08:21:31.686,0.89437,0.89453,1.50,1.50
2011.04.18 08:21:33.776,0.8944,0.89453,1.50,2.33
2011.04.18 08:21:34.106,0.89438,0.89453,1.50,2.33
2011.04.18 08:21:34.656,0.89437,0.89453,1.50,2.33
2011.04.18 08:21:35.096,0.89437,0.89453,2.25,1.50
2011.04.18 08:21:35.650,0.89437,0.89453,1.50,1.58
2011.04.18 08:21:35.877,0.89437,0.89453,1.50,1.50
2011.04.18 08:21:36.617,0.89437,0.89453,1.50,1.50
2011.04.18 08:21:37.166,0.89437,0.89453,1.50,1.50
2011.04.18 08:21:49.509,0.89437,0.89452,1.50,1.50
2011.04.18 08:21:51.165,0.89436,0.8945,1.50,1.50
2011.04.18 08:21:54.366,0.89436,0.89452,3.00,1.50
2011.04.18 08:21:54.588,0.89437,0.89453,3.00,1.50
2011.04.18 08:21:55.025,0.89439,0.89453,1.50,1.50
2011.04.18 08:21:57.516,0.89439,0.89453,1.50,1.50
2011.04.18 08:21:58.328,0.89439,0.89453,1.50,1.50
2011.04.18 08:21:59.258,0.89439,0.89453,1.50,1.50
2011.04.18 08:21:59.478,0.89437,0.89452,1.50,1.50
2011.04.18 08:21:59.915,0.89438,0.89452,1.50,1.50
2011.04.18 08:22:04.245,0.89438,0.89452,1.50,1.50
2011.04.18 08:22:04.578,0.89436,0.89452,1.50,1.50
2011.04.18 08:22:05.125,0.89434,0.89452,6.00,1.50
2011.04.18 08:22:05.788,0.89434,0.8945,1.50,1.73
2011.04.18 08:22:06.010,0.89434,0.89451,1.50,1.58
2011.04.18 08:22:06.129,0.89433,0.89451,1.50,1.58
2011.04.18 08:22:06.346,0.89433,0.89451,1.50,1.58
2011.04.18 08:22:06.676,0.89433,0.89451,1.50,2.33
2011.04.18 08:22:07.229,0.89436,0.89452,3.00,2.25
2011.04.18 08:22:07.348,0.89435,0.89452,3.00,1.50
2011.04.18 08:22:07.897,0.89435,0.89452,1.50,1.50
2011.04.18 08:22:14.616,0.89435,0.89452,3.75,2.25
2011.04.18 08:22:15.168,0.89438,0.89452,3.00,3.00
2011.04.18 08:22:15.278,0.89437,0.89452,1.50,1.50
2011.04.18 08:22:15.608,0.89436,0.89452,1.50,1.50
2011.04.18 08:22:16.156,0.89435,0.89452,1.50,2.25
2011.04.18 08:22:16.266,0.89435,0.89452,1.50,2.25
2011.04.18 08:22:16.817,0.89436,0.89452,1.50,1.50
2011.04.18 08:22:17.147,0.89435,0.89453,2.25,1.50
2011.04.18 08:22:17.258,0.89435,0.89452,2.25,1.50
2011.04.18 08:22:17.916,0.89435,0.89452,1.50,1.50
2011.04.18 08:22:18.455,0.89435,0.89452,1.50,1.50
2011.04.18 08:22:19.705,0.89435,0.89452,1.50,1.50
2011.04.18 08:22:19.929,0.89434,0.8945,1.50,1.50
2011.04.18 08:22:20.504,0.89432,0.89448,2.25,1.50
2011.04.18 08:22:28.340,0.89432,0.89448,3.00,1.50
2011.04.18 08:22:28.570,0.89434,0.8945,1.50,1.50
2011.04.18 08:22:29.996,0.89435,0.89453,1.50,2.25
2011.04.18 08:22:30.438,0.89435,0.89453,2.25,1.50
2011.04.18 08:22:30.877,0.89433,0.89453,1.50,2.25
2011.04.18 08:22:33.187,0.89433,0.89451,1.50,1.13
2011.04.18 08:22:33.297,0.89431,0.89447,1.50,1.50
2011.04.18 08:22:33.627,0.89429,0.89447,2.25,2.25
2011.04.18 08:22:33.737,0.89429,0.89447,1.50,2.85
2011.04.18 08:22:33.846,0.8943,0.89447,1.50,2.85
2011.04.18 08:22:34.288,0.8943,0.89447,1.50,4.35
2011.04.18 08:22:40.926,0.8943,0.89447,1.50,3.60
2011.04.18 08:22:41.869,0.8943,0.89447,1.50,4.35
2011.04.18 08:22:42.415,0.8943,0.89447,1.50,3.60
2011.04.18 08:22:43.076,0.8943,0.89447,1.50,4.35
2011.04.18 08:22:44.936,0.89427,0.89444,1.50,1.50
2011.04.18 08:22:45.486,0.89427,0.89444,1.50,1.50
2011.04.18 08:22:46.075,0.89427,0.89444,1.50,1.50
2011.04.18 08:22:46.625,0.89427,0.89444,1.50,1.50
2011.04.18 08:22:47.898,0.89424,0.89441,2.10,1.50
2011.04.18 08:22:48.228,0.89423,0.8944,3.00,1.50
2011.04.18 08:22:48.447,0.89423,0.8944,2.25,2.25
2011.04.18 08:22:56.757,0.89423,0.89439,1.50,1.50
2011.04.18 08:22:57.305,0.89423,0.8944,1.50,4.50
2011.04.18 08:22:58.407,0.89423,0.8944,1.50,3.00
2011.04.18 08:22:59.169,0.89423,0.8944,1.50,1.50
2011.04.18 08:23:00.387,0.89424,0.8944,1.50,1.50
2011.04.18 08:23:00.936,0.89424,0.8944,1.13,1.50
2011.04.18 08:23:01.506,0.89425,0.8944,4.55,1.50
2011.04.18 08:23:01.621,0.89425,0.89443,4.55,1.50
2011.04.18 08:23:01.744,0.89425,0.89444,4.55,3.75
2011.04.18 08:23:01.970,0.89425,0.89443,3.00,2.10
2011.04.18 08:23:02.088,0.89425,0.89442,2.25,1.50
2011.04.18 08:23:02.199,0.89425,0.89442,2.25,2.25
2011.04.18 08:23:07.038,0.89423,0.89439,3.05,1.50
2011.04.18 08:23:08.685,0.89423,0.8944,3.05,2.25
2011.04.18 08:23:09.236,0.89423,0.89439,2.25,1.50
2011.04.18 08:23:10.886,0.89423,0.89438,2.25,1.50
2011.04.18 08:23:11.436,0.89423,0.89438,3.00,1.50
2011.04.18 08:23:13.286,0.89423,0.89439,3.00,1.50
2011.04.18 08:23:13.837,0.89423,0.89438,3.00,1.50
2011.04.18 08:23:14.386,0.89423,0.89439,3.00,1.50
2011.04.18 08:23:14.936,0.89423,0.89438,2.25,1.50
2011.04.18 08:23:15.486,0.89423,0.89439,2.25,1.50
2011.04.18 08:23:16.272,0.89421,0.89438,1.50,2.85
2011.04.18 08:23:16.718,0.8942,0.89436,1.55,1.50
2011.04.18 08:23:17.267,0.8942,0.89436,1.55,1.50
2011.04.18 08:23:17.817,0.8942,0.89436,3.05,1.50
2011.04.18 08:23:18.476,0.8942,0.89436,3.05,1.50
2011.04.18 08:23:19.615,0.8942,0.89436,2.30,2.25
2011.04.18 08:23:24.346,0.89419,0.89436,3.00,2.25
2011.04.18 08:23:24.681,0.89419,0.89436,3.75,2.25
2011.04.18 08:23:24.914,0.89421,0.89438,1.50,1.13
2011.04.18 08:23:25.518,0.8942,0.89435,1.35,1.50
2011.04.18 08:23:26.227,0.8942,0.89437,1.35,2.25
2011.04.18 08:23:26.338,0.8942,0.89435,1.35,1.50
2011.04.18 08:23:27.726,0.8942,0.89436,1.35,1.50
2011.04.18 08:23:28.276,0.8942,0.89435,1.35,1.50
2011.04.18 08:23:29.640,0.8942,0.89438,2.90,2.25
