2011.04.14 17:00:00.102,0.892,0.89217,1.50,1.13
2011.04.14 17:00:00.433,0.89198,0.89215,1.84,1.50
2011.04.14 17:00:00.551,0.89197,0.89218,2.63,2.25
2011.04.14 17:00:01.500,0.89197,0.89217,2.25,1.50
2011.04.14 17:00:03.223,0.89197,0.89216,1.35,1.88
2011.04.14 17:00:03.560,0.89197,0.89214,1.35,1.50
2011.04.14 17:00:04.110,0.89197,0.89213,1.35,2.25
2011.04.14 17:00:04.771,0.89197,0.89213,1.35,2.25
2011.04.14 17:00:05.398,0.89195,0.89212,1.50,1.50
2011.04.14 17:00:05.950,0.89193,0.89212,1.63,1.50
2011.04.14 17:00:06.283,0.89193,0.89211,1.63,2.25
2011.04.14 17:00:06.729,0.89193,0.89209,2.38,1.50
2011.04.14 17:00:07.282,0.89193,0.89208,1.63,1.50
2011.04.14 17:00:07.613,0.89193,0.89209,1.63,2.25
2011.04.14 17:00:08.170,0.89193,0.89208,1.63,1.50
2011.04.14 17:00:08.280,0.89193,0.89208,1.63,1.50
2011.04.14 17:00:08.894,0.89193,0.89208,1.63,1.50
2011.04.14 17:00:09.455,0.89193,0.89208,1.63,1.50
2011.04.14 17:00:10.011,0.89194,0.89208,1.63,3.00
2011.04.14 17:00:10.342,0.89194,0.89208,1.63,1.50
2011.04.14 17:00:10.673,0.89194,0.89208,1.63,3.00
2011.04.14 17:00:11.229,0.89193,0.89208,1.63,2.25
2011.04.14 17:00:11.340,0.89193,0.89208,1.63,2.25
2011.04.14 17:00:11.889,0.89193,0.89209,1.63,2.25
2011.04.14 17:00:12.771,0.89194,0.89211,1.50,3.00
2011.04.14 17:00:13.459,0.89193,0.89212,2.38,3.38
2011.04.14 17:00:14.010,0.89193,0.89212,2.38,3.38
2011.04.14 17:00:14.560,0.89193,0.89211,2.38,2.25
2011.04.14 17:00:16.110,0.89193,0.89212,2.38,3.38
2011.04.14 17:00:16.659,0.89193,0.89211,2.38,2.25
2011.04.14 17:00:19.222,0.89193,0.89211,2.38,2.25
2011.04.14 17:00:19.550,0.89193,0.89207,2.38,1.50
2011.04.14 17:00:20.650,0.89193,0.89208,2.38,1.50
2011.04.14 17:00:21.442,0.89189,0.89205,1.35,1.50
2011.04.14 17:00:21.990,0.89189,0.89203,1.35,1.50
2011.04.14 17:00:22.211,0.89189,0.89203,1.35,1.50
2011.04.14 17:00:22.869,0.89189,0.89204,1.35,2.25
2011.04.14 17:00:23.420,0.89189,0.89203,1.35,1.50
2011.04.14 17:00:23.948,0.89189,0.89204,1.35,2.25
2011.04.14 17:00:24.523,0.89189,0.89203,1.35,1.50
2011.04.14 17:00:25.400,0.89189,0.89204,1.35,2.25
2011.04.14 17:00:25.912,0.89189,0.89203,1.35,1.50
2011.04.14 17:00:26.028,0.89189,0.89203,1.35,1.50
2011.04.14 17:00:26.581,0.89189,0.89204,1.35,2.25
2011.04.14 17:00:27.130,0.89189,0.89204,1.35,2.25
2011.04.14 17:00:27.699,0.89189,0.89203,1.35,1.50
2011.04.14 17:00:28.270,0.89189,0.89204,1.35,2.25
2011.04.14 17:00:28.820,0.89189,0.89203,1.35,1.50
2011.04.14 17:00:29.569,0.89189,0.89204,1.35,2.25
2011.04.14 17:00:30.120,0.89189,0.89203,1.35,1.50
2011.04.14 17:00:30.232,0.89189,0.89203,1.35,1.50
2011.04.14 17:00:30.342,0.89189,0.89203,1.35,1.50
2011.04.14 17:00:30.941,0.89189,0.89204,1.35,2.25
2011.04.14 17:00:31.490,0.89189,0.89203,1.35,1.50
2011.04.14 17:00:32.370,0.89189,0.89204,1.35,2.25
2011.04.14 17:00:33.281,0.89189,0.89204,1.35,2.25
2011.04.14 17:00:33.830,0.89189,0.89204,1.35,2.25
2011.04.14 17:00:36.080,0.89189,0.89204,1.35,1.50
2011.04.14 17:00:39.793,0.89188,0.89204,1.35,3.00
2011.04.14 17:00:42.222,0.89189,0.89204,1.35,1.50
2011.04.14 17:00:43.311,0.89188,0.89204,1.35,1.50
2011.04.14 17:00:45.081,0.89189,0.89202,1.35,2.25
2011.04.14 17:00:45.303,0.89189,0.89205,1.35,1.50
2011.04.14 17:00:45.960,0.89189,0.89205,1.35,1.50
2011.04.14 17:00:46.511,0.89189,0.89205,1.35,1.50
2011.04.14 17:00:50.792,0.89189,0.89204,1.35,2.25
2011.04.14 17:00:51.121,0.89189,0.892,1.35,1.50
2011.04.14 17:00:51.233,0.89189,0.892,1.35,1.50
2011.04.14 17:00:51.351,0.89189,0.892,1.35,1.50
2011.04.14 17:00:51.460,0.89189,0.89205,1.35,1.50
2011.04.14 17:00:52.010,0.89189,0.89205,1.35,1.50
2011.04.14 17:00:52.560,0.89189,0.89206,1.35,1.50
2011.04.14 17:00:56.910,0.89186,0.89205,1.88,2.25
2011.04.14 17:00:58.121,0.89186,0.89204,1.88,1.50
2011.04.14 17:00:59.280,0.89187,0.89205,1.50,3.00
2011.04.14 17:01:03.851,0.89187,0.89204,1.50,2.25
2011.04.14 17:01:04.182,0.89184,0.89198,1.50,1.50
2011.04.14 17:01:04.401,0.89182,0.89198,1.50,2.25
2011.04.14 17:01:04.842,0.89182,0.89197,1.50,3.00
2011.04.14 17:01:06.015,0.8918,0.89197,1.50,1.50
2011.04.14 17:01:06.611,0.8918,0.89197,1.50,1.50
2011.04.14 17:01:06.940,0.8918,0.89197,1.50,3.00
2011.04.14 17:01:07.160,0.8918,0.89197,1.50,1.50
2011.04.14 17:01:07.493,0.89176,0.89195,1.50,2.63
2011.04.14 17:01:07.613,0.89176,0.89192,1.50,2.25
2011.04.14 17:01:08.061,0.89174,0.89191,1.50,1.50
2011.04.14 17:01:08.391,0.89174,0.89191,1.50,1.50
2011.04.14 17:01:08.941,0.89174,0.89191,1.50,1.50
2011.04.14 17:01:09.163,0.89174,0.89192,1.50,3.00
2011.04.14 17:01:13.691,0.89175,0.89192,1.50,3.00
2011.04.14 17:01:14.240,0.89174,0.89192,1.50,3.00
2011.04.14 17:01:14.901,0.89174,0.8919,1.50,1.50
2011.04.14 17:01:15.450,0.89174,0.89191,1.50,2.25
2011.04.14 17:01:15.671,0.89174,0.8919,1.50,2.25
2011.04.14 17:01:16.000,0.89174,0.89186,1.50,1.50
2011.04.14 17:01:17.050,0.89174,0.89186,1.50,1.50
2011.04.14 17:01:17.600,0.89174,0.89186,1.50,1.50
2011.04.14 17:01:17.712,0.89174,0.89189,1.50,1.50
2011.04.14 17:01:18.320,0.89174,0.89189,1.50,1.50
2011.04.14 17:01:18.900,0.89174,0.89189,1.50,1.50
2011.04.14 17:01:19.010,0.89174,0.89189,1.50,1.50
2011.04.14 17:01:19.229,0.89174,0.89189,1.50,1.50
2011.04.14 17:01:20.000,0.89174,0.89189,1.50,1.50
2011.04.14 17:01:20.573,0.89174,0.89189,1.50,1.50
2011.04.14 17:01:21.129,0.89174,0.89189,1.50,1.50
2011.04.14 17:01:21.683,0.89174,0.89189,1.50,1.50
2011.04.14 17:01:22.318,0.89174,0.89189,1.50,1.50
2011.04.14 17:01:22.869,0.89174,0.89189,1.50,1.50
2011.04.14 17:01:23.425,0.89169,0.89185,1.88,1.13
2011.04.14 17:01:23.761,0.89169,0.89183,1.13,1.50
2011.04.14 17:01:23.982,0.89167,0.89183,1.50,1.50
2011.04.14 17:01:24.665,0.89168,0.89182,1.50,1.50
2011.04.14 17:01:25.333,0.89167,0.89182,1.50,1.50
2011.04.14 17:01:25.443,0.89167,0.8918,1.50,1.50
2011.04.14 17:01:26.100,0.89167,0.8918,1.50,1.50
2011.04.14 17:01:26.651,0.89167,0.8918,1.50,1.50
2011.04.14 17:01:26.984,0.89167,0.89181,2.25,1.50
2011.04.14 17:01:27.211,0.89168,0.89183,1.50,3.00
2011.04.14 17:01:27.543,0.89168,0.89182,1.50,2.25
2011.04.14 17:01:28.321,0.89167,0.89183,1.50,3.00
2011.04.14 17:01:28.871,0.89167,0.89182,1.50,2.25
2011.04.14 17:01:29.454,0.89165,0.89177,1.13,1.50
2011.04.14 17:01:29.569,0.89162,0.89175,1.50,2.25
2011.04.14 17:01:29.689,0.89158,0.89175,2.25,2.25
2011.04.14 17:01:30.251,0.89157,0.89173,1.50,1.50
2011.04.14 17:01:30.801,0.89157,0.89173,1.50,1.50
2011.04.14 17:01:32.551,0.89157,0.89173,1.50,1.50
2011.04.14 17:01:32.772,0.89155,0.8917,1.50,1.50
2011.04.14 17:01:33.320,0.89154,0.8917,1.50,3.00
2011.04.14 17:01:33.934,0.89152,0.8917,2.25,2.25
2011.04.14 17:01:34.503,0.89152,0.8917,2.25,1.50
2011.04.14 17:01:35.281,0.89152,0.89169,2.25,1.50
2011.04.14 17:01:36.821,0.89152,0.8917,2.25,1.50
2011.04.14 17:01:37.370,0.89152,0.89169,2.25,1.50
2011.04.14 17:01:39.682,0.89152,0.8917,2.25,1.50
2011.04.14 17:01:41.416,0.89152,0.89162,1.50,1.35
2011.04.14 17:01:41.769,0.89139,0.8915,1.50,1.58
2011.04.14 17:01:41.885,0.89136,0.89146,1.50,1.50
2011.04.14 17:01:42.006,0.89136,0.89142,1.50,1.43
2011.04.14 17:01:42.234,0.89125,0.89136,1.50,2.25
2011.04.14 17:01:42.355,0.89117,0.89135,1.50,1.50
2011.04.14 17:01:42.694,0.89117,0.89134,1.20,2.25
2011.04.14 17:01:43.031,0.89116,0.89133,1.20,2.25
2011.04.14 17:01:43.693,0.89116,0.89132,1.20,1.50
2011.04.14 17:01:44.113,0.89115,0.89128,1.20,2.63
2011.04.14 17:01:44.465,0.89112,0.89119,1.65,1.50
2011.04.14 17:01:45.024,0.89106,0.8912,1.65,1.50
2011.04.14 17:01:45.144,0.89103,0.89119,1.50,1.58
2011.04.14 17:01:45.260,0.89103,0.89119,1.50,2.33
2011.04.14 17:01:45.811,0.89102,0.89118,1.50,1.13
2011.04.14 17:01:46.362,0.89103,0.89119,1.50,2.25
2011.04.14 17:01:46.583,0.89103,0.89119,1.50,2.25
2011.04.14 17:01:47.132,0.89104,0.89119,1.50,2.25
2011.04.14 17:01:47.464,0.89107,0.8912,1.20,1.50
2011.04.14 17:01:47.812,0.89107,0.89122,1.65,2.57
2011.04.14 17:01:47.936,0.89107,0.89122,1.65,2.25
2011.04.14 17:01:50.253,0.89109,0.89122,1.65,2.25
2011.04.14 17:01:50.802,0.89106,0.89113,1.65,1.13
2011.04.14 17:01:50.918,0.89103,0.8911,1.50,4.50
2011.04.14 17:01:51.036,0.89093,0.89109,1.32,1.50
2011.04.14 17:01:51.370,0.8909,0.89109,1.69,2.25
2011.04.14 17:01:51.494,0.89101,0.8911,1.50,1.25
2011.04.14 17:01:51.617,0.89101,0.89113,1.50,1.50
2011.04.14 17:01:52.073,0.891,0.89119,1.50,2.25
2011.04.14 17:01:52.632,0.89101,0.89118,1.50,1.35
2011.04.14 17:01:53.402,0.891,0.89118,2.25,2.10
2011.04.14 17:01:53.951,0.89103,0.89119,1.05,1.35
2011.04.14 17:01:54.061,0.89105,0.89119,1.50,2.85
2011.04.14 17:01:54.393,0.89113,0.89126,1.50,1.50
2011.04.14 17:01:54.898,0.89117,0.8913,1.50,1.50
2011.04.14 17:01:55.019,0.89117,0.89132,1.50,1.50
2011.04.14 17:01:58.033,0.89119,0.89132,1.50,1.50
2011.04.14 17:01:58.142,0.89119,0.89134,3.19,3.00
2011.04.14 17:01:58.252,0.89121,0.89136,1.50,1.50
2011.04.14 17:01:58.362,0.89121,0.89137,1.50,1.50
2011.04.14 17:01:58.910,0.89123,0.89138,1.50,2.25
2011.04.14 17:01:59.791,0.89123,0.89139,1.50,3.75
2011.04.14 17:02:00.451,0.89123,0.89139,1.50,3.00
2011.04.14 17:02:00.928,0.89123,0.89139,1.50,3.00
2011.04.14 17:02:01.048,0.89123,0.89138,1.50,1.50
2011.04.14 17:02:01.273,0.89123,0.89138,1.50,1.50
2011.04.14 17:02:01.615,0.89127,0.89141,1.50,1.50
2011.04.14 17:02:01.734,0.89129,0.89142,2.63,2.25
2011.04.14 17:02:02.182,0.89129,0.89144,3.38,1.50
2011.04.14 17:02:02.623,0.89129,0.89142,1.50,2.10
2011.04.14 17:02:02.962,0.89124,0.89139,1.50,2.25
2011.04.14 17:02:03.621,0.89124,0.89139,1.50,2.25
2011.04.14 17:02:05.493,0.89125,0.8914,1.50,2.63
2011.04.14 17:02:05.712,0.89125,0.89145,2.25,5.25
2011.04.14 17:02:05.821,0.89125,0.89145,2.25,5.25
2011.04.14 17:02:06.477,0.89125,0.89144,2.25,2.63
2011.04.14 17:02:09.921,0.89129,0.89144,1.50,1.13
2011.04.14 17:02:10.252,0.89133,0.89149,1.50,3.00
2011.04.14 17:02:10.361,0.89132,0.89148,2.25,1.50
2011.04.14 17:02:13.910,0.89132,0.8915,1.50,1.35
2011.04.14 17:02:16.782,0.89133,0.89151,2.25,1.35
2011.04.14 17:02:21.493,0.89133,0.89151,3.00,2.85
2011.04.14 17:02:27.232,0.89132,0.8915,3.00,1.35
2011.04.14 17:02:28.528,0.89133,0.8915,1.50,2.10
2011.04.14 17:02:30.623,0.89132,0.89147,1.50,1.50
2011.04.14 17:02:30.952,0.8913,0.89146,1.50,1.50
2011.04.14 17:02:31.062,0.89131,0.89145,1.50,1.35
2011.04.14 17:02:31.284,0.89128,0.89145,2.25,1.50
2011.04.14 17:02:31.841,0.89128,0.89144,2.25,1.35
2011.04.14 17:02:32.616,0.89128,0.89142,1.50,1.13
2011.04.14 17:02:32.953,0.89125,0.89141,1.50,2.25
2011.04.14 17:02:33.064,0.89122,0.89139,3.75,3.98
2011.04.14 17:02:33.413,0.89122,0.89139,2.25,3.98
2011.04.14 17:02:33.536,0.89122,0.89137,1.50,1.50
2011.04.14 17:02:34.092,0.89121,0.89137,1.50,2.25
2011.04.14 17:02:34.543,0.89119,0.89136,1.50,1.50
2011.04.14 17:02:36.502,0.89119,0.89136,1.50,2.25
2011.04.14 17:02:37.050,0.8912,0.89136,1.50,1.50
2011.04.14 17:02:37.787,0.8912,0.89136,1.50,1.50
2011.04.14 17:02:39.662,0.8912,0.89134,1.50,1.50
2011.04.14 17:02:40.211,0.89118,0.89134,1.50,1.50
2011.04.14 17:02:41.201,0.89118,0.89133,1.50,1.50
2011.04.14 17:02:41.311,0.89118,0.89133,1.50,2.25
2011.04.14 17:02:41.421,0.89117,0.89133,1.50,2.25
2011.04.14 17:02:41.971,0.89116,0.89134,2.25,2.63
2011.04.14 17:02:42.082,0.89116,0.89133,2.25,2.25
2011.04.14 17:02:42.411,0.89116,0.89131,2.25,1.50
2011.04.14 17:02:43.721,0.89116,0.89129,1.50,1.50
2011.04.14 17:02:47.602,0.89115,0.89127,1.50,1.50
2011.04.14 17:02:47.713,0.89113,0.89127,1.50,1.50
2011.04.14 17:02:47.942,0.89107,0.89126,2.25,2.25
2011.04.14 17:02:48.053,0.89107,0.89123,2.25,1.50
2011.04.14 17:02:52.521,0.8911,0.89123,1.50,1.50
2011.04.14 17:02:52.962,0.89109,0.89123,1.50,2.25
2011.04.14 17:02:55.518,0.89109,0.89123,1.50,1.50
2011.04.14 17:02:55.760,0.89107,0.89119,1.50,1.50
2011.04.14 17:02:55.986,0.89101,0.89116,1.50,1.50
2011.04.14 17:02:56.213,0.89099,0.89116,1.50,2.25
2011.04.14 17:02:56.323,0.89098,0.89116,2.25,4.50
2011.04.14 17:02:56.553,0.89098,0.89116,2.25,1.50
2011.04.14 17:02:56.781,0.891,0.89116,1.50,1.50
2011.04.14 17:02:57.330,0.891,0.89116,1.50,2.25
2011.04.14 17:02:58.320,0.89098,0.89115,1.50,1.50
2011.04.14 17:02:59.472,0.89098,0.89114,1.50,1.50
2011.04.14 17:02:59.913,0.89098,0.89113,1.50,1.50
2011.04.14 17:03:00.036,0.89098,0.89112,1.50,1.50
2011.04.14 17:03:00.157,0.89095,0.89111,1.50,1.50
2011.04.14 17:03:00.273,0.89094,0.89109,1.50,1.50
2011.04.14 17:03:00.627,0.89098,0.89109,1.50,1.50
2011.04.14 17:03:00.750,0.89093,0.89109,1.50,1.50
2011.04.14 17:03:01.253,0.89093,0.89109,1.50,1.50
2011.04.14 17:03:01.921,0.89094,0.89109,1.50,1.50
2011.04.14 17:03:02.581,0.89093,0.89109,1.50,2.25
2011.04.14 17:03:03.021,0.89091,0.89109,1.50,1.50
2011.04.14 17:03:03.790,0.89091,0.89108,1.50,1.50
2011.04.14 17:03:04.560,0.89091,0.89108,1.50,1.50
2011.04.14 17:03:07.811,0.89091,0.89107,1.50,1.50
2011.04.14 17:03:07.923,0.89091,0.89108,1.50,2.25
2011.04.14 17:03:08.482,0.89092,0.89108,1.50,2.25
2011.04.14 17:03:09.141,0.89092,0.89108,1.50,2.25
2011.04.14 17:03:10.241,0.89092,0.89108,1.50,2.25
2011.04.14 17:03:10.901,0.89091,0.89108,1.50,2.25
2011.04.14 17:03:12.821,0.89089,0.89108,2.25,1.50
2011.04.14 17:03:13.150,0.89089,0.89108,2.25,1.50
2011.04.14 17:03:15.554,0.89089,0.89106,2.25,1.50
2011.04.14 17:03:15.674,0.89089,0.89106,1.50,1.50
2011.04.14 17:03:16.780,0.89088,0.89104,1.50,4.50
2011.04.14 17:03:17.324,0.89088,0.89104,1.50,3.00
2011.04.14 17:03:17.555,0.89085,0.89101,1.50,1.50
2011.04.14 17:03:18.113,0.89084,0.89102,3.75,1.50
2011.04.14 17:03:18.670,0.89084,0.89102,1.50,1.50
2011.04.14 17:03:19.220,0.89084,0.89102,1.50,1.50
2011.04.14 17:03:21.910,0.8909,0.89101,1.50,1.50
2011.04.14 17:03:22.134,0.89084,0.89103,1.50,1.50
2011.04.14 17:03:22.802,0.89085,0.891,1.50,1.50
2011.04.14 17:03:23.022,0.89083,0.891,2.25,1.50
2011.04.14 17:03:23.351,0.89083,0.89102,2.25,3.75
2011.04.14 17:03:23.462,0.89083,0.89102,2.25,3.00
2011.04.14 17:03:23.574,0.8909,0.89102,1.13,2.25
2011.04.14 17:03:23.694,0.8909,0.89108,1.13,1.65
2011.04.14 17:03:23.816,0.8909,0.89108,2.25,1.50
2011.04.14 17:03:24.043,0.89089,0.89108,1.50,1.50
2011.04.14 17:03:24.386,0.89089,0.89106,1.50,1.50
2011.04.14 17:03:24.943,0.89086,0.89102,1.50,1.50
2011.04.14 17:03:25.491,0.89086,0.89102,1.50,2.25
2011.04.14 17:03:26.177,0.89087,0.89104,1.50,1.50
2011.04.14 17:03:26.634,0.89084,0.89103,1.50,2.25
2011.04.14 17:03:27.190,0.89083,0.891,1.50,1.50
2011.04.14 17:03:27.522,0.89083,0.89102,1.50,1.50
2011.04.14 17:03:28.073,0.8909,0.89108,1.50,1.35
2011.04.14 17:03:28.412,0.89089,0.89109,1.13,3.75
2011.04.14 17:03:28.522,0.89088,0.89108,1.50,2.63
2011.04.14 17:03:29.290,0.89088,0.89107,1.50,1.50
2011.04.14 17:03:29.921,0.89088,0.89107,1.50,1.50
2011.04.14 17:03:30.689,0.89092,0.89108,1.50,1.50
2011.04.14 17:03:31.034,0.89092,0.89108,1.50,1.13
2011.04.14 17:03:31.263,0.89091,0.89108,1.50,1.13
2011.04.14 17:03:31.822,0.8909,0.89109,1.50,1.13
2011.04.14 17:03:33.913,0.89091,0.89109,1.50,1.13
2011.04.14 17:03:34.021,0.89091,0.89109,1.50,1.88
2011.04.14 17:03:34.571,0.89091,0.89109,1.50,1.13
2011.04.14 17:03:35.234,0.89091,0.89108,1.50,1.35
2011.04.14 17:03:35.960,0.89091,0.89108,1.50,1.35
2011.04.14 17:03:36.294,0.89093,0.89108,1.50,1.35
2011.04.14 17:03:36.630,0.89093,0.89108,1.50,1.35
2011.04.14 17:03:36.965,0.89095,0.89111,1.50,1.50
2011.04.14 17:03:37.084,0.89098,0.89112,1.50,1.35
2011.04.14 17:03:37.201,0.89098,0.89114,1.50,1.13
2011.04.14 17:03:37.642,0.89098,0.89116,1.50,1.13
2011.04.14 17:03:37.751,0.89098,0.89116,1.50,1.13
2011.04.14 17:03:37.862,0.89098,0.89116,1.50,1.13
2011.04.14 17:03:38.082,0.89098,0.89116,1.50,2.25
2011.04.14 17:03:38.305,0.89097,0.89115,2.25,1.02
2011.04.14 17:03:39.851,0.89097,0.89115,1.50,2.63
2011.04.14 17:03:40.072,0.89095,0.89112,2.25,3.23
2011.04.14 17:03:40.404,0.89095,0.89113,2.25,1.73
2011.04.14 17:03:40.884,0.89098,0.89115,1.50,2.48
2011.04.14 17:03:41.010,0.89098,0.89115,2.25,1.35
2011.04.14 17:03:41.564,0.89096,0.89114,1.50,1.50
2011.04.14 17:03:42.701,0.89096,0.89114,1.50,1.50
2011.04.14 17:03:43.251,0.89096,0.89114,1.50,1.50
2011.04.14 17:03:43.584,0.89099,0.89115,1.50,1.35
2011.04.14 17:03:43.703,0.89099,0.89117,1.50,1.88
2011.04.14 17:03:43.822,0.89099,0.89116,1.50,1.50
2011.04.14 17:03:44.372,0.89097,0.89114,1.50,1.50
2011.04.14 17:03:44.920,0.89097,0.89114,1.50,1.50
2011.04.14 17:03:45.582,0.89097,0.89114,1.50,1.50
2011.04.14 17:03:46.316,0.89097,0.89115,1.50,2.10
2011.04.14 17:03:46.652,0.89097,0.89115,1.50,1.35
2011.04.14 17:03:47.914,0.89104,0.89118,1.50,1.50
2011.04.14 17:03:48.251,0.89109,0.89127,1.50,1.50
2011.04.14 17:03:48.362,0.89109,0.89128,1.50,1.88
2011.04.14 17:03:48.692,0.89109,0.89128,1.50,1.13
2011.04.14 17:03:51.382,0.89111,0.89129,2.25,4.67
2011.04.14 17:03:51.951,0.89112,0.89129,1.50,4.67
2011.04.14 17:03:52.062,0.89113,0.89129,1.50,3.92
2011.04.14 17:03:52.393,0.89117,0.89133,2.25,1.13
2011.04.14 17:03:52.514,0.89117,0.89133,3.00,1.13
2011.04.14 17:03:53.037,0.89118,0.89133,1.50,1.13
2011.04.14 17:03:53.484,0.89119,0.89138,2.25,1.35
2011.04.14 17:03:53.824,0.8912,0.89138,1.50,1.35
2011.04.14 17:03:54.162,0.8912,0.89139,1.50,1.50
2011.04.14 17:03:54.709,0.89119,0.8914,2.25,3.38
2011.04.14 17:03:55.700,0.8912,0.89138,1.50,1.50
2011.04.14 17:03:56.141,0.8912,0.89138,1.50,1.50
2011.04.14 17:03:56.691,0.89121,0.89139,1.50,2.25
2011.04.14 17:03:57.241,0.89121,0.89139,1.50,2.25
2011.04.14 17:03:57.851,0.89121,0.89139,1.50,2.25
2011.04.14 17:03:58.402,0.89122,0.89139,2.25,1.50
2011.04.14 17:03:58.951,0.89123,0.8914,1.50,1.88
2011.04.14 17:03:59.512,0.89124,0.89141,2.25,1.13
2011.04.14 17:03:59.956,0.89129,0.89146,1.50,2.72
2011.04.14 17:04:00.076,0.8913,0.89145,1.50,1.07
2011.04.14 17:04:00.632,0.89129,0.89145,2.25,1.07
2011.04.14 17:04:00.963,0.89129,0.89146,2.25,2.10
2011.04.14 17:04:01.622,0.89129,0.89146,2.25,1.41
2011.04.14 17:04:02.280,0.89129,0.89146,2.25,1.41
2011.04.14 17:04:02.831,0.89129,0.89145,2.25,1.07
2011.04.14 17:04:03.383,0.8913,0.89145,2.25,1.07
2011.04.14 17:04:03.503,0.89131,0.89149,1.50,1.13
2011.04.14 17:04:03.972,0.89133,0.8915,1.50,2.63
2011.04.14 17:04:04.092,0.89134,0.89151,1.50,2.10
2011.04.14 17:04:04.533,0.89133,0.89151,2.25,2.85
2011.04.14 17:04:05.204,0.89133,0.89151,2.25,3.60
2011.04.14 17:04:07.210,0.89133,0.89151,2.25,2.10
2011.04.14 17:04:07.871,0.89133,0.89151,2.25,2.85
2011.04.14 17:04:08.421,0.89133,0.89151,2.25,1.35
2011.04.14 17:04:09.083,0.89133,0.89151,2.25,2.10
2011.04.14 17:04:09.622,0.8914,0.89156,1.50,2.25
2011.04.14 17:04:10.173,0.89139,0.89156,2.25,1.50
2011.04.14 17:04:10.392,0.89139,0.89156,2.25,1.50
2011.04.14 17:04:11.161,0.89139,0.89156,2.25,1.50
2011.04.14 17:04:11.272,0.89139,0.89154,1.50,1.50
2011.04.14 17:04:11.823,0.89138,0.89153,1.50,1.50
2011.04.14 17:04:15.588,0.89138,0.89153,1.50,2.25
2011.04.14 17:04:16.141,0.89135,0.89154,1.50,1.50
2011.04.14 17:04:16.802,0.89136,0.8915,1.50,1.50
2011.04.14 17:04:17.133,0.89132,0.89149,1.50,1.50
2011.04.14 17:04:17.680,0.89132,0.89148,1.50,1.50
2011.04.14 17:04:18.812,0.89133,0.89149,1.50,2.25
2011.04.14 17:04:18.924,0.89135,0.8915,2.25,3.00
2011.04.14 17:04:19.481,0.89136,0.89151,1.50,2.25
2011.04.14 17:04:20.103,0.89136,0.8915,1.50,2.25
2011.04.14 17:04:20.452,0.8914,0.89153,1.50,1.50
2011.04.14 17:04:20.567,0.8914,0.89154,1.50,1.50
2011.04.14 17:04:20.682,0.8914,0.89155,1.50,2.25
2011.04.14 17:04:21.230,0.8914,0.89155,1.50,2.33
2011.04.14 17:04:21.782,0.8914,0.89155,1.50,1.69
2011.04.14 17:04:22.331,0.8914,0.89155,1.50,2.44
2011.04.14 17:04:22.881,0.89141,0.89156,1.50,2.25
2011.04.14 17:04:23.432,0.89141,0.89155,1.50,2.25
2011.04.14 17:04:23.981,0.89141,0.89155,1.50,1.50
2011.04.14 17:04:24.531,0.89141,0.89155,1.50,1.50
2011.04.14 17:04:27.374,0.89141,0.89156,1.50,1.50
2011.04.14 17:04:28.271,0.89141,0.89156,1.50,1.50
2011.04.14 17:04:29.370,0.89141,0.89155,1.50,1.50
2011.04.14 17:04:30.201,0.89141,0.89155,2.25,1.69
2011.04.14 17:04:30.538,0.89134,0.89146,2.25,1.09
2011.04.14 17:04:31.093,0.89133,0.89148,1.50,2.33
2011.04.14 17:04:31.861,0.89133,0.89147,1.50,1.84
2011.04.14 17:04:39.461,0.89131,0.89146,1.50,1.99
2011.04.14 17:04:39.791,0.89132,0.89148,2.25,1.50
2011.04.14 17:04:40.341,0.89133,0.8915,1.50,2.25
2011.04.14 17:04:41.129,0.89132,0.89148,1.50,2.25
2011.04.14 17:04:41.680,0.89132,0.89147,2.25,1.50
2011.04.14 17:04:45.321,0.89133,0.89148,1.50,1.50
2011.04.14 17:04:46.732,0.89132,0.89148,2.25,1.50
2011.04.14 17:04:47.503,0.89132,0.89146,1.50,1.50
2011.04.14 17:04:47.621,0.89131,0.89146,1.50,2.63
2011.04.14 17:04:48.018,0.89131,0.89146,1.50,6.42
2011.04.14 17:04:48.140,0.89124,0.89137,2.25,1.88
2011.04.14 17:04:48.583,0.89122,0.89132,1.50,1.50
2011.04.14 17:04:48.695,0.89117,0.89132,1.50,2.25
2011.04.14 17:04:48.922,0.89117,0.89132,1.50,1.50
2011.04.14 17:04:49.254,0.89115,0.8913,1.50,1.50
2011.04.14 17:04:49.373,0.89113,0.89129,2.25,1.50
2011.04.14 17:04:49.922,0.89114,0.89128,1.50,2.25
2011.04.14 17:04:56.114,0.89115,0.89127,1.50,1.50
2011.04.14 17:04:56.525,0.89112,0.89125,1.50,2.25
2011.04.14 17:04:56.948,0.8911,0.89124,1.50,1.50
2011.04.14 17:04:57.078,0.89104,0.89118,1.50,1.50
2011.04.14 17:04:57.634,0.89103,0.89115,1.50,1.50
2011.04.14 17:04:57.757,0.89103,0.89115,1.50,2.25
2011.04.14 17:04:57.874,0.89101,0.89114,1.50,1.69
2011.04.14 17:04:57.992,0.89101,0.89115,1.50,3.79
2011.04.14 17:04:58.213,0.89097,0.89114,1.50,2.44
2011.04.14 17:04:59.313,0.89097,0.89113,1.50,1.50
2011.04.14 17:04:59.872,0.89097,0.89111,1.50,1.50
2011.04.14 17:05:00.092,0.89097,0.89111,1.50,1.50
2011.04.14 17:05:00.642,0.89097,0.8911,1.50,1.50
2011.04.14 17:05:00.864,0.89098,0.89117,3.00,3.23
2011.04.14 17:05:01.387,0.89101,0.89117,1.50,1.73
2011.04.14 17:05:01.943,0.89102,0.89119,1.50,3.23
2011.04.14 17:05:02.503,0.89102,0.89119,1.50,3.23
2011.04.14 17:05:02.832,0.89102,0.89117,1.50,1.73
2011.04.14 17:05:03.163,0.89101,0.89118,1.50,1.73
2011.04.14 17:05:03.711,0.89101,0.89118,1.50,1.73
2011.04.14 17:05:04.701,0.89097,0.89119,4.13,3.23
2011.04.14 17:05:05.250,0.89097,0.89119,4.13,3.23
2011.04.14 17:05:05.580,0.89097,0.89119,4.13,3.23
2011.04.14 17:05:05.910,0.89097,0.89119,4.13,3.23
2011.04.14 17:05:06.460,0.89097,0.89118,4.88,1.73
2011.04.14 17:05:07.632,0.89102,0.89117,2.25,1.73
2011.04.14 17:05:08.191,0.89101,0.89117,1.50,1.73
2011.04.14 17:05:09.291,0.891,0.89117,1.50,3.23
2011.04.14 17:05:09.950,0.891,0.89117,1.50,2.48
2011.04.14 17:05:10.281,0.891,0.89117,1.50,2.48
2011.04.14 17:05:10.882,0.891,0.89117,1.50,3.23
2011.04.14 17:05:11.101,0.891,0.89117,1.50,2.48
2011.04.14 17:05:12.081,0.891,0.89117,1.50,2.48
2011.04.14 17:05:13.191,0.891,0.89117,1.50,2.48
2011.04.14 17:05:14.221,0.89098,0.89114,1.50,1.50
2011.04.14 17:05:14.332,0.89098,0.89114,1.50,1.50
2011.04.14 17:05:14.443,0.89098,0.89115,1.50,3.00
2011.04.14 17:05:14.993,0.89098,0.89115,2.25,3.00
2011.04.14 17:05:16.221,0.89097,0.89115,1.50,3.00
2011.04.14 17:05:16.443,0.89096,0.89113,2.25,2.25
2011.04.14 17:05:16.555,0.89096,0.89113,2.25,3.00
2011.04.14 17:05:17.123,0.89096,0.89113,2.25,3.00
2011.04.14 17:05:17.680,0.89096,0.89113,2.25,3.00
2011.04.14 17:05:17.904,0.89096,0.89113,2.25,3.75
2011.04.14 17:05:19.851,0.89096,0.89113,1.50,3.75
2011.04.14 17:05:20.404,0.89094,0.8911,2.25,1.50
2011.04.14 17:05:20.744,0.89093,0.89107,1.50,1.84
2011.04.14 17:05:21.194,0.89092,0.89108,1.50,1.35
2011.04.14 17:05:21.751,0.89092,0.89108,1.50,1.35
2011.04.14 17:05:22.302,0.89092,0.89108,1.50,1.35
2011.04.14 17:05:22.851,0.89092,0.89108,1.50,1.35
2011.04.14 17:05:23.292,0.89092,0.89108,1.50,1.35
2011.04.14 17:05:23.804,0.89094,0.89108,1.50,1.35
2011.04.14 17:05:24.361,0.89094,0.89108,1.50,2.48
2011.04.14 17:05:26.124,0.89094,0.89108,1.50,2.48
2011.04.14 17:05:26.466,0.89093,0.89108,1.50,2.48
2011.04.14 17:05:26.805,0.89093,0.89108,1.50,1.73
2011.04.14 17:05:27.360,0.89093,0.89108,1.50,1.73
2011.04.14 17:05:29.311,0.89093,0.89108,1.50,1.73
2011.04.14 17:05:29.752,0.89096,0.8911,2.25,3.23
2011.04.14 17:05:29.973,0.89092,0.89106,2.25,1.50
2011.04.14 17:05:30.191,0.89092,0.89105,2.25,1.50
2011.04.14 17:05:30.410,0.89092,0.89105,2.25,1.50
2011.04.14 17:05:32.262,0.89093,0.89105,1.50,1.50
2011.04.14 17:05:32.598,0.89099,0.89106,1.50,1.50
2011.04.14 17:05:32.715,0.89099,0.89115,1.50,1.50
2011.04.14 17:05:32.831,0.89099,0.89116,1.50,2.25
2011.04.14 17:05:33.055,0.89099,0.89116,1.50,1.88
2011.04.14 17:05:33.391,0.89102,0.89116,1.50,2.63
2011.04.14 17:05:33.723,0.89102,0.89116,1.50,1.13
2011.04.14 17:05:34.351,0.89099,0.89116,1.50,3.38
2011.04.14 17:05:34.707,0.89095,0.89109,1.50,2.10
2011.04.14 17:05:34.823,0.89095,0.89109,1.50,2.10
2011.04.14 17:05:35.811,0.89093,0.89109,2.25,2.10
2011.04.14 17:05:36.361,0.89093,0.89109,2.25,2.10
2011.04.14 17:05:36.910,0.89093,0.89109,2.25,2.10
2011.04.14 17:05:37.136,0.89093,0.89109,2.25,2.10
2011.04.14 17:05:37.254,0.89094,0.89111,1.88,2.25
2011.04.14 17:05:37.483,0.89097,0.89114,3.00,2.85
2011.04.14 17:05:37.604,0.89097,0.89114,3.00,1.50
2011.04.14 17:05:37.943,0.89099,0.89117,2.25,1.88
2011.04.14 17:05:38.490,0.89099,0.89117,2.25,1.13
2011.04.14 17:05:41.071,0.89099,0.89117,3.00,1.13
2011.04.14 17:05:41.622,0.89101,0.89118,1.50,1.13
2011.04.14 17:05:42.174,0.89101,0.89119,1.50,1.73
2011.04.14 17:05:44.713,0.89103,0.8912,2.25,1.73
2011.04.14 17:05:45.375,0.89108,0.89121,1.50,1.50
2011.04.14 17:05:45.494,0.89108,0.89124,1.50,1.88
2011.04.14 17:05:45.613,0.89109,0.89126,1.50,2.48
2011.04.14 17:05:45.722,0.8911,0.89126,1.50,2.48
2011.04.14 17:05:46.052,0.89112,0.89131,1.50,3.00
2011.04.14 17:05:46.161,0.89113,0.89131,1.50,3.00
2011.04.14 17:05:46.985,0.89114,0.89131,1.50,1.50
2011.04.14 17:05:47.542,0.89114,0.89132,2.25,4.73
2011.04.14 17:05:47.874,0.89114,0.89132,2.25,5.55
2011.04.14 17:05:48.321,0.89114,0.89132,2.25,4.05
2011.04.14 17:05:48.871,0.89114,0.89132,2.25,3.98
2011.04.14 17:05:50.741,0.89114,0.89131,2.25,1.13
2011.04.14 17:05:51.713,0.89117,0.89131,1.50,1.13
2011.04.14 17:05:51.833,0.89118,0.89135,1.50,1.13
2011.04.14 17:05:51.952,0.8912,0.89136,1.50,3.23
2011.04.14 17:05:52.283,0.89121,0.89137,1.50,1.82
2011.04.14 17:05:52.831,0.8912,0.89138,3.00,1.45
2011.04.14 17:05:53.161,0.89121,0.8914,1.50,2.63
2011.04.14 17:05:53.493,0.89123,0.8914,2.25,1.13
2011.04.14 17:05:54.130,0.89125,0.89142,1.50,1.88
2011.04.14 17:05:54.375,0.89128,0.89145,1.50,1.50
2011.04.14 17:05:54.933,0.89129,0.89146,2.25,2.85
2011.04.14 17:05:55.601,0.89129,0.89146,2.25,3.04
2011.04.14 17:05:56.221,0.89129,0.89146,2.25,2.85
2011.04.14 17:05:56.770,0.8913,0.89146,1.50,2.29
2011.04.14 17:05:57.321,0.8913,0.89146,2.25,2.35
2011.04.14 17:05:57.434,0.89132,0.89146,1.13,1.82
2011.04.14 17:05:57.774,0.8914,0.89152,1.50,1.50
2011.04.14 17:05:58.331,0.8914,0.89154,1.50,1.82
2011.04.14 17:05:58.863,0.8914,0.89154,2.25,1.50
2011.04.14 17:05:59.203,0.89141,0.89158,2.25,1.50
2011.04.14 17:05:59.871,0.89141,0.89158,2.25,1.50
2011.04.14 17:06:01.303,0.89141,0.89158,3.00,1.58
2011.04.14 17:06:02.731,0.89141,0.89158,3.00,1.58
2011.04.14 17:06:03.903,0.89141,0.89155,3.00,1.02
2011.04.14 17:06:04.451,0.89141,0.89156,3.00,1.20
2011.04.14 17:06:05.680,0.89141,0.89156,3.00,1.20
2011.04.14 17:06:07.803,0.89141,0.89156,3.00,1.02
2011.04.14 17:06:08.581,0.89141,0.89156,2.25,1.20
2011.04.14 17:06:09.681,0.89141,0.89155,2.25,1.02
2011.04.14 17:06:10.231,0.89141,0.89156,1.50,1.20
2011.04.14 17:06:10.452,0.89141,0.89153,1.50,1.95
2011.04.14 17:06:10.783,0.89133,0.89143,1.50,1.50
2011.04.14 17:06:11.267,0.89127,0.89143,1.50,2.25
2011.04.14 17:06:11.392,0.89124,0.89137,1.50,2.63
2011.04.14 17:06:11.741,0.89118,0.89132,2.25,1.58
2011.04.14 17:06:12.072,0.89117,0.89132,1.50,1.80
2011.04.14 17:06:12.733,0.89117,0.89131,1.50,1.05
2011.04.14 17:06:13.281,0.89114,0.89132,2.25,2.25
2011.04.14 17:06:13.851,0.89114,0.89133,2.25,1.50
2011.04.14 17:06:14.401,0.89114,0.89133,2.25,1.50
2011.04.14 17:06:15.171,0.89117,0.89134,1.50,2.25
2011.04.14 17:06:15.519,0.89117,0.89134,1.50,1.50
2011.04.14 17:06:15.634,0.89117,0.89134,1.50,1.13
2011.04.14 17:06:16.194,0.89117,0.89134,2.25,2.63
2011.04.14 17:06:16.535,0.8912,0.89137,1.50,2.57
2011.04.14 17:06:16.873,0.89123,0.89141,1.50,3.00
2011.04.14 17:06:18.311,0.89124,0.89141,1.50,3.75
2011.04.14 17:06:18.860,0.89125,0.8914,1.50,1.50
2011.04.14 17:06:22.350,0.89124,0.8914,1.50,1.50
2011.04.14 17:06:22.871,0.89124,0.8914,2.25,1.50
2011.04.14 17:06:24.203,0.89125,0.89142,2.25,3.75
2011.04.14 17:06:25.310,0.89125,0.8914,1.50,1.50
2011.04.14 17:06:25.861,0.89125,0.8914,1.50,1.50
2011.04.14 17:06:28.062,0.89125,0.89143,3.00,1.88
2011.04.14 17:06:29.301,0.89125,0.89142,2.25,2.25
2011.04.14 17:06:29.633,0.89125,0.89141,1.50,3.75
2011.04.14 17:06:29.961,0.89125,0.89139,1.50,1.50
2011.04.14 17:06:30.512,0.89125,0.89138,1.50,1.50
2011.04.14 17:06:30.842,0.89125,0.8914,2.25,3.00
2011.04.14 17:06:35.541,0.89124,0.8914,1.50,1.50
2011.04.14 17:06:36.202,0.89125,0.89141,2.25,1.50
2011.04.14 17:06:37.630,0.89126,0.89141,1.50,2.25
2011.04.14 17:06:38.180,0.89125,0.8914,2.25,1.50
2011.04.14 17:06:38.791,0.89125,0.8914,1.50,1.50
2011.04.14 17:06:42.122,0.89125,0.89139,1.50,1.50
2011.04.14 17:06:42.520,0.89123,0.89137,1.50,2.63
2011.04.14 17:06:42.865,0.89117,0.8913,1.50,1.05
2011.04.14 17:06:43.534,0.89116,0.89128,1.50,1.13
2011.04.14 17:06:43.655,0.89109,0.89121,1.50,1.50
2011.04.14 17:06:43.884,0.89103,0.89118,2.25,1.50
2011.04.14 17:06:44.003,0.89103,0.89115,1.50,1.50
2011.04.14 17:06:44.224,0.89096,0.89113,1.50,2.25
2011.04.14 17:06:44.452,0.89096,0.89113,1.50,1.50
2011.04.14 17:06:45.000,0.89096,0.89115,1.50,1.50
2011.04.14 17:06:47.092,0.89096,0.89115,1.50,1.50
2011.04.14 17:06:49.322,0.89096,0.89116,1.50,1.50
2011.04.14 17:06:49.541,0.89098,0.89116,3.00,1.50
2011.04.14 17:06:50.091,0.89098,0.89117,3.00,1.50
2011.04.14 17:06:50.752,0.89098,0.89117,3.00,1.50
2011.04.14 17:06:51.520,0.89098,0.89117,3.00,1.50
2011.04.14 17:06:52.152,0.891,0.89117,1.50,1.50
2011.04.14 17:06:52.372,0.891,0.89117,2.25,1.50
2011.04.14 17:06:52.593,0.891,0.89119,2.25,1.50
2011.04.14 17:06:52.702,0.89101,0.89119,1.50,1.50
2011.04.14 17:06:53.250,0.89099,0.89119,2.85,3.00
2011.04.14 17:06:54.351,0.89099,0.89117,2.85,3.00
2011.04.14 17:06:54.901,0.89099,0.89117,2.85,3.00
2011.04.14 17:06:55.450,0.89099,0.89117,2.85,1.50
2011.04.14 17:06:55.976,0.89099,0.89116,2.85,1.50
2011.04.14 17:06:56.095,0.89099,0.89116,2.85,1.50
2011.04.14 17:06:56.651,0.89099,0.89117,2.25,3.00
2011.04.14 17:06:56.871,0.89099,0.89116,1.50,2.25
2011.04.14 17:06:58.781,0.89102,0.89116,2.25,2.25
2011.04.14 17:06:59.114,0.89102,0.89116,1.50,2.25
2011.04.14 17:06:59.560,0.89102,0.89116,1.50,3.75
2011.04.14 17:06:59.781,0.89102,0.89116,1.50,2.25
2011.04.14 17:07:00.330,0.89102,0.89116,1.50,2.25
2011.04.14 17:07:00.551,0.89102,0.89116,1.50,2.25
2011.04.14 17:07:00.661,0.89102,0.89116,1.50,2.25
2011.04.14 17:07:00.991,0.89102,0.89116,1.50,1.50
2011.04.14 17:07:01.540,0.89102,0.89116,1.50,1.50
2011.04.14 17:07:02.927,0.89102,0.89116,1.50,1.50
2011.04.14 17:07:05.082,0.89103,0.89116,1.50,2.25
2011.04.14 17:07:06.180,0.89103,0.89116,1.50,2.25
2011.04.14 17:07:06.822,0.89103,0.89116,1.50,2.25
2011.04.14 17:07:07.375,0.89103,0.89116,1.50,3.00
2011.04.14 17:07:09.813,0.89103,0.89117,1.50,1.50
2011.04.14 17:07:10.141,0.89103,0.89118,1.50,1.50
2011.04.14 17:07:12.272,0.89102,0.89118,1.50,1.50
2011.04.14 17:07:12.947,0.89102,0.89118,1.50,1.50
2011.04.14 17:07:13.301,0.891,0.89117,1.50,1.50
2011.04.14 17:07:13.524,0.89098,0.89117,2.25,1.73
2011.04.14 17:07:13.972,0.89098,0.89116,1.50,2.10
2011.04.14 17:07:14.086,0.89098,0.89114,1.50,1.50
2011.04.14 17:07:14.311,0.89098,0.89114,1.50,1.50
2011.04.14 17:07:15.192,0.89098,0.89114,2.25,1.50
2011.04.14 17:07:16.402,0.89098,0.89114,2.25,1.50
2011.04.14 17:07:16.980,0.89098,0.89114,2.25,1.50
2011.04.14 17:07:17.566,0.89098,0.89114,2.25,1.50
2011.04.14 17:07:18.564,0.89098,0.89114,1.50,1.50
2011.04.14 17:07:20.031,0.89097,0.89112,1.50,2.25
2011.04.14 17:07:20.583,0.89098,0.89113,1.50,3.00
2011.04.14 17:07:20.915,0.89098,0.8911,1.50,2.10
2011.04.14 17:07:21.253,0.8909,0.89106,1.50,1.50
2011.04.14 17:07:22.131,0.8909,0.89107,1.50,1.50
2011.04.14 17:07:22.797,0.89089,0.89108,3.00,1.50
2011.04.14 17:07:23.791,0.89089,0.89107,2.25,3.00
2011.04.14 17:07:24.011,0.89089,0.89107,2.25,3.00
2011.04.14 17:07:24.561,0.89089,0.89107,2.25,3.75
2011.04.14 17:07:25.111,0.89089,0.89107,2.25,3.75
2011.04.14 17:07:25.221,0.89089,0.89107,2.25,3.00
2011.04.14 17:07:25.663,0.89089,0.89104,1.50,1.50
2011.04.14 17:07:25.991,0.8909,0.89104,1.50,2.25
2011.04.14 17:07:26.541,0.89089,0.89104,1.50,1.50
2011.04.14 17:07:39.291,0.89088,0.89105,2.25,1.50
2011.04.14 17:07:40.346,0.89088,0.89105,2.25,1.50
2011.04.14 17:07:43.253,0.89087,0.89105,2.25,2.25
2011.04.14 17:07:43.807,0.89087,0.89105,2.25,2.25
2011.04.14 17:07:44.361,0.89088,0.89105,1.50,2.25
2011.04.14 17:07:45.891,0.89088,0.89105,1.50,2.25
2011.04.14 17:07:47.010,0.89088,0.89105,1.50,2.25
2011.04.14 17:07:47.341,0.89088,0.89105,1.50,1.50
2011.04.14 17:07:48.403,0.89088,0.89104,1.50,1.50
2011.04.14 17:07:51.061,0.89087,0.89102,1.50,1.50
2011.04.14 17:07:52.514,0.89088,0.89102,1.50,1.50
2011.04.14 17:07:55.824,0.89088,0.89102,1.50,1.50
2011.04.14 17:07:56.251,0.89081,0.89095,2.25,1.50
2011.04.14 17:07:57.246,0.89081,0.89098,2.25,2.25
2011.04.14 17:07:59.782,0.89081,0.89097,1.50,2.25
2011.04.14 17:08:01.413,0.89081,0.89097,1.50,2.25
2011.04.14 17:08:03.372,0.89081,0.89097,2.25,2.25
2011.04.14 17:08:03.962,0.89081,0.89097,1.50,2.25
2011.04.14 17:08:04.526,0.89082,0.89099,2.25,2.25
2011.04.14 17:08:05.285,0.89082,0.89099,1.50,1.50
2011.04.14 17:08:05.842,0.89082,0.89098,1.50,1.50
2011.04.14 17:08:07.603,0.89082,0.89099,1.50,2.25
2011.04.14 17:08:07.941,0.89082,0.89099,1.50,1.50
2011.04.14 17:08:08.492,0.89084,0.89099,1.50,1.50
2011.04.14 17:08:08.934,0.89086,0.89101,1.50,1.88
2011.04.14 17:08:09.163,0.89088,0.89103,1.50,1.50
2011.04.14 17:08:09.821,0.89088,0.89105,1.50,2.25
2011.04.14 17:08:10.755,0.89088,0.89105,1.50,2.25
2011.04.14 17:08:11.862,0.89087,0.89104,1.50,1.50
2011.04.14 17:08:12.851,0.89087,0.89105,2.25,1.50
2011.04.14 17:08:13.403,0.89088,0.89105,1.50,1.50
2011.04.14 17:08:13.742,0.89088,0.89105,1.50,1.50
2011.04.14 17:08:14.183,0.89088,0.89105,1.50,2.25
2011.04.14 17:08:15.662,0.89088,0.89105,1.50,1.50
2011.04.14 17:08:16.322,0.89088,0.89105,1.50,1.50
2011.04.14 17:08:16.982,0.89088,0.89105,1.50,1.50
2011.04.14 17:08:17.532,0.89087,0.89105,1.50,1.50
2011.04.14 17:08:18.082,0.89087,0.89105,2.25,1.50
2011.04.14 17:08:18.632,0.89087,0.89105,1.50,1.50
2011.04.14 17:08:18.742,0.89087,0.89105,1.50,1.50
2011.04.14 17:08:19.511,0.89087,0.89105,1.50,1.50
2011.04.14 17:08:20.391,0.89087,0.89105,1.50,1.50
2011.04.14 17:08:22.271,0.89086,0.89105,3.00,2.25
2011.04.14 17:08:22.713,0.89086,0.89105,3.00,1.50
2011.04.14 17:08:23.261,0.89088,0.89105,1.50,1.50
2011.04.14 17:08:23.922,0.89088,0.89105,1.50,1.50
2011.04.14 17:08:26.282,0.89088,0.89106,2.25,2.25
2011.04.14 17:08:27.682,0.89089,0.89106,1.50,1.50
2011.04.14 17:08:28.302,0.89089,0.89106,1.50,3.00
2011.04.14 17:08:28.853,0.89086,0.89104,2.33,1.50
2011.04.14 17:08:29.843,0.89086,0.89105,2.33,2.25
2011.04.14 17:08:30.611,0.89086,0.89105,2.25,2.25
2011.04.14 17:08:30.943,0.89086,0.89105,1.58,2.25
2011.04.14 17:08:31.272,0.89086,0.89105,2.33,2.25
2011.04.14 17:08:31.824,0.89087,0.89105,2.33,1.50
2011.04.14 17:08:35.711,0.89088,0.89106,1.58,3.75
2011.04.14 17:08:35.823,0.89088,0.89105,1.50,1.50
2011.04.14 17:08:36.372,0.89088,0.89105,1.50,1.50
2011.04.14 17:08:37.031,0.89088,0.89105,1.50,2.25
2011.04.14 17:08:37.142,0.89088,0.89106,1.50,4.13
2011.04.14 17:08:37.365,0.89091,0.8911,1.50,3.00
2011.04.14 17:08:37.922,0.89094,0.8911,1.50,2.25
2011.04.14 17:08:38.032,0.89091,0.89109,1.50,1.13
2011.04.14 17:08:38.802,0.89091,0.89109,1.50,1.13
2011.04.14 17:08:39.352,0.89091,0.89109,1.50,1.13
2011.04.14 17:08:40.122,0.89091,0.89109,1.50,1.88
2011.04.14 17:08:40.563,0.89091,0.89108,1.50,1.50
2011.04.14 17:08:42.015,0.8909,0.89109,1.88,3.00
2011.04.14 17:08:42.467,0.89091,0.89109,1.13,1.50
2011.04.14 17:08:42.969,0.89091,0.89109,2.25,1.50
2011.04.14 17:08:43.963,0.89091,0.89107,1.50,2.25
2011.04.14 17:08:44.307,0.89087,0.89105,1.50,1.50
2011.04.14 17:08:44.751,0.89087,0.89105,1.50,2.63
2011.04.14 17:08:45.301,0.89087,0.89105,1.50,2.63
2011.04.14 17:08:46.073,0.89087,0.89105,1.50,2.63
2011.04.14 17:08:46.431,0.89087,0.89105,1.50,2.25
2011.04.14 17:08:46.981,0.89087,0.89105,2.25,2.25
2011.04.14 17:08:47.971,0.89087,0.89105,1.50,2.25
2011.04.14 17:08:49.991,0.89087,0.89105,1.50,2.25
2011.04.14 17:08:50.212,0.89087,0.89105,1.50,2.25
2011.04.14 17:08:50.919,0.89087,0.89104,3.00,1.50
2011.04.14 17:08:51.752,0.89087,0.89102,1.50,1.50
2011.04.14 17:08:52.192,0.89088,0.89105,1.50,2.63
2011.04.14 17:08:52.634,0.89089,0.89105,1.50,1.88
2011.04.14 17:08:52.864,0.89089,0.89105,1.50,2.63
2011.04.14 17:08:53.422,0.89089,0.89105,1.50,1.13
2011.04.14 17:08:54.522,0.89089,0.89106,1.50,2.48
2011.04.14 17:08:55.071,0.89091,0.89107,1.50,1.73
2011.04.14 17:08:55.654,0.89091,0.89108,1.50,3.98
2011.04.14 17:08:55.991,0.89091,0.89108,1.50,3.98
2011.04.14 17:08:56.751,0.89091,0.89108,1.50,3.98
2011.04.14 17:08:56.975,0.89091,0.89108,2.25,1.73
2011.04.14 17:08:57.424,0.89092,0.89109,2.25,1.35
2011.04.14 17:08:57.764,0.891,0.89117,2.25,1.88
2011.04.14 17:08:57.884,0.89101,0.8912,1.50,1.50
2011.04.14 17:08:58.003,0.89101,0.8912,2.25,1.50
2011.04.14 17:08:58.334,0.89106,0.89122,1.50,1.50
2011.04.14 17:08:58.672,0.89104,0.89119,2.25,1.50
2011.04.14 17:08:59.221,0.89103,0.89122,2.25,2.25
2011.04.14 17:08:59.332,0.89105,0.89122,1.50,2.25
2011.04.14 17:09:01.423,0.89106,0.89122,1.50,1.50
2011.04.14 17:09:02.191,0.89106,0.89122,1.50,1.50
2011.04.14 17:09:02.855,0.89105,0.89122,1.50,2.25
2011.04.14 17:09:03.416,0.89104,0.89122,3.00,1.50
2011.04.14 17:09:03.752,0.89104,0.89122,3.00,1.50
2011.04.14 17:09:04.521,0.89104,0.89122,2.25,1.50
2011.04.14 17:09:05.473,0.89102,0.89118,2.25,1.50
2011.04.14 17:09:05.696,0.891,0.89118,2.25,3.38
2011.04.14 17:09:06.256,0.89103,0.8912,1.50,3.23
2011.04.14 17:09:06.811,0.89103,0.8912,1.50,1.73
2011.04.14 17:09:06.922,0.89103,0.8912,1.50,2.48
2011.04.14 17:09:07.254,0.89103,0.8912,3.00,1.50
2011.04.14 17:09:07.801,0.89105,0.89122,1.50,1.50
2011.04.14 17:09:08.905,0.89106,0.89122,1.50,1.50
2011.04.14 17:09:09.585,0.89107,0.89122,1.50,1.50
2011.04.14 17:09:10.142,0.89106,0.89123,1.50,1.99
2011.04.14 17:09:14.332,0.89105,0.89122,1.50,1.69
2011.04.14 17:09:14.881,0.89105,0.89123,1.50,1.99
2011.04.14 17:09:15.431,0.89103,0.89122,3.00,1.50
2011.04.14 17:09:16.251,0.89103,0.89122,3.00,1.50
2011.04.14 17:09:18.591,0.89104,0.89123,2.25,1.24
2011.04.14 17:09:19.472,0.89106,0.89124,2.25,1.99
2011.04.14 17:09:19.912,0.89106,0.89124,2.25,1.99
2011.04.14 17:09:20.463,0.89107,0.89124,1.50,1.13
2011.04.14 17:09:20.682,0.89107,0.89124,1.50,1.88
2011.04.14 17:09:21.231,0.89107,0.89125,3.00,1.13
2011.04.14 17:09:23.651,0.89107,0.89126,3.00,1.88
2011.04.14 17:09:24.471,0.89107,0.89126,2.25,1.88
2011.04.14 17:09:30.575,0.89108,0.89126,1.50,1.88
2011.04.14 17:09:31.132,0.89108,0.89126,1.50,1.13
2011.04.14 17:09:38.203,0.89107,0.89125,2.25,1.95
2011.04.14 17:09:38.313,0.89107,0.89125,1.50,2.70
2011.04.14 17:09:40.813,0.89107,0.89125,1.50,2.70
2011.04.14 17:09:43.451,0.89106,0.89124,1.50,1.20
2011.04.14 17:09:44.836,0.89107,0.89125,2.25,1.13
2011.04.14 17:09:46.311,0.89107,0.89125,1.50,1.13
2011.04.14 17:09:46.754,0.8911,0.89125,2.25,1.13
2011.04.14 17:09:47.082,0.8911,0.89127,3.00,2.48
2011.04.14 17:09:47.194,0.89113,0.89127,1.50,1.88
2011.04.14 17:09:47.313,0.89113,0.8913,3.00,2.25
2011.04.14 17:09:47.424,0.89113,0.89133,3.75,1.13
2011.04.14 17:09:47.532,0.89116,0.89133,1.50,1.13
2011.04.14 17:09:48.081,0.89116,0.89133,1.50,1.13
2011.04.14 17:09:48.634,0.89116,0.89132,1.50,1.88
2011.04.14 17:09:49.182,0.89115,0.89132,1.50,2.25
2011.04.14 17:09:49.291,0.89115,0.89132,1.50,2.25
2011.04.14 17:09:49.851,0.89115,0.89132,1.50,1.50
2011.04.14 17:09:50.403,0.89115,0.89131,1.50,2.33
2011.04.14 17:09:52.721,0.89115,0.89131,1.50,1.58
2011.04.14 17:09:53.270,0.89115,0.89131,1.50,1.50
2011.04.14 17:09:53.860,0.89115,0.89131,1.50,1.50
2011.04.14 17:09:54.301,0.89115,0.89132,1.50,3.45
2011.04.14 17:09:54.851,0.89115,0.89132,1.50,4.20
2011.04.14 17:09:56.141,0.89115,0.89131,1.50,1.58
2011.04.14 17:09:59.951,0.89115,0.89133,1.50,1.13
2011.04.14 17:10:00.281,0.89115,0.89133,1.50,1.13
2011.04.14 17:10:00.840,0.89115,0.89133,1.50,1.88
2011.04.14 17:10:01.393,0.89115,0.89131,1.50,3.38
2011.04.14 17:10:01.503,0.89115,0.89131,1.50,3.38
2011.04.14 17:10:02.112,0.89115,0.89131,1.50,1.69
2011.04.14 17:10:02.663,0.89115,0.89131,1.50,2.63
2011.04.14 17:10:03.212,0.89115,0.89131,1.50,3.49
2011.04.14 17:10:03.321,0.89115,0.89131,1.50,2.74
2011.04.14 17:10:04.091,0.89115,0.89131,1.50,1.24
2011.04.14 17:10:04.641,0.89115,0.89131,1.50,1.24
2011.04.14 17:10:05.192,0.89115,0.89131,1.50,1.58
2011.04.14 17:10:05.851,0.89115,0.89131,1.50,1.58
2011.04.14 17:10:06.551,0.89115,0.89131,1.50,1.58
2011.04.14 17:10:07.100,0.89115,0.89131,1.50,1.58
2011.04.14 17:10:08.002,0.89115,0.89132,1.50,2.33
2011.04.14 17:10:08.882,0.89114,0.89134,3.00,3.23
2011.04.14 17:10:10.267,0.89116,0.89134,2.25,2.48
2011.04.14 17:10:10.391,0.89119,0.89137,1.50,4.67
2011.04.14 17:10:10.941,0.89119,0.89137,1.50,3.23
2011.04.14 17:10:11.821,0.89119,0.89136,1.50,1.73
2011.04.14 17:10:12.150,0.89119,0.89137,1.50,4.67
2011.04.14 17:10:12.703,0.89122,0.89138,1.50,1.45
2011.04.14 17:10:12.812,0.89122,0.89138,1.50,2.01
2011.04.14 17:10:12.923,0.89121,0.89138,2.25,1.07
2011.04.14 17:10:13.143,0.89122,0.89138,1.50,1.07
2011.04.14 17:10:13.473,0.89128,0.89143,1.50,3.53
2011.04.14 17:10:13.584,0.89128,0.89143,2.25,3.38
2011.04.14 17:10:14.141,0.89128,0.89141,1.50,1.50
2011.04.14 17:10:15.022,0.89128,0.89143,2.25,2.25
2011.04.14 17:10:15.740,0.89129,0.89143,2.25,1.50
2011.04.14 17:10:17.032,0.89129,0.89143,1.50,1.50
2011.04.14 17:10:17.485,0.89129,0.89145,1.50,4.20
2011.04.14 17:10:17.714,0.8913,0.89145,1.50,1.58
2011.04.14 17:10:18.273,0.8913,0.89145,1.50,1.58
2011.04.14 17:10:19.921,0.8913,0.89145,1.50,3.40
2011.04.14 17:10:20.703,0.8913,0.89145,1.50,1.58
2011.04.14 17:10:21.034,0.89133,0.89147,1.50,1.50
2011.04.14 17:10:22.061,0.89133,0.89148,1.50,1.50
2011.04.14 17:10:22.322,0.89133,0.89148,1.50,1.50
2011.04.14 17:10:22.872,0.89133,0.89148,1.50,1.50
2011.04.14 17:10:23.421,0.89133,0.89148,1.50,1.50
2011.04.14 17:10:24.211,0.89133,0.89148,1.50,1.50
2011.04.14 17:10:24.761,0.89133,0.89148,3.00,1.50
2011.04.14 17:10:25.092,0.89136,0.89152,1.50,1.35
2011.04.14 17:10:26.452,0.89136,0.89152,1.50,1.35
2011.04.14 17:10:27.965,0.89135,0.89148,1.50,1.50
2011.04.14 17:10:28.521,0.89134,0.89148,1.50,1.50
2011.04.14 17:10:31.822,0.89134,0.89147,1.50,1.50
2011.04.14 17:10:32.156,0.89133,0.89145,1.50,1.50
2011.04.14 17:10:32.802,0.89131,0.89146,2.25,4.69
2011.04.14 17:10:33.353,0.89131,0.89145,1.50,2.25
2011.04.14 17:10:33.901,0.89131,0.89145,1.50,2.25
2011.04.14 17:10:34.781,0.89131,0.89145,1.50,3.00
2011.04.14 17:10:35.333,0.89136,0.89148,1.50,3.00
2011.04.14 17:10:35.551,0.89133,0.89146,1.13,1.69
2011.04.14 17:10:35.773,0.89132,0.89146,1.50,1.84
2011.04.14 17:10:36.432,0.89131,0.89145,1.50,1.50
2011.04.14 17:10:38.543,0.89129,0.89142,1.35,1.50
2011.04.14 17:10:38.653,0.89128,0.89142,2.25,1.50
2011.04.14 17:10:38.763,0.89127,0.89139,1.50,1.50
2011.04.14 17:10:38.874,0.89125,0.89138,1.13,2.18
2011.04.14 17:10:38.984,0.89121,0.89138,3.00,3.30
2011.04.14 17:10:39.093,0.89121,0.89135,1.50,1.50
2011.04.14 17:10:39.312,0.89118,0.89133,1.50,1.35
2011.04.14 17:10:39.862,0.89116,0.89135,2.25,3.98
2011.04.14 17:10:40.633,0.89116,0.89135,2.25,2.48
2011.04.14 17:10:40.742,0.89116,0.89135,2.25,2.48
2011.04.14 17:10:41.292,0.89116,0.89135,3.00,2.48
2011.04.14 17:10:42.061,0.89119,0.89135,1.50,2.48
2011.04.14 17:10:42.391,0.89119,0.89135,1.50,2.48
2011.04.14 17:10:43.181,0.89119,0.89135,1.50,2.48
2011.04.14 17:10:43.732,0.89119,0.89135,1.50,1.73
2011.04.14 17:10:44.501,0.8912,0.89135,1.50,1.35
2011.04.14 17:10:44.831,0.8912,0.89135,1.50,1.35
2011.04.14 17:10:45.419,0.8912,0.89135,1.50,1.35
2011.04.14 17:10:46.001,0.8912,0.89135,1.50,1.35
2011.04.14 17:10:46.331,0.8912,0.89135,1.50,1.35
2011.04.14 17:10:46.863,0.8912,0.89135,1.50,1.35
2011.04.14 17:10:47.753,0.89121,0.89138,1.50,1.50
2011.04.14 17:10:48.302,0.89122,0.89139,1.50,2.25
2011.04.14 17:10:49.105,0.89122,0.89139,2.25,2.25
2011.04.14 17:10:58.995,0.89124,0.89141,1.50,1.13
2011.04.14 17:10:59.225,0.89129,0.89145,1.50,1.50
2011.04.14 17:10:59.453,0.89131,0.89148,1.50,1.50
2011.04.14 17:11:00.883,0.89129,0.89148,2.25,1.50
2011.04.14 17:11:00.996,0.8913,0.89148,1.50,1.50
2011.04.14 17:11:01.114,0.89134,0.89148,1.50,2.25
2011.04.14 17:11:01.344,0.89138,0.89153,1.50,2.25
2011.04.14 17:11:02.033,0.89137,0.89154,2.25,1.50
2011.04.14 17:11:02.583,0.89137,0.89153,2.25,1.50
2011.04.14 17:11:03.352,0.89136,0.89153,1.50,1.50
2011.04.14 17:11:07.811,0.89136,0.89153,1.50,1.50
2011.04.14 17:11:11.355,0.89158,0.89174,1.50,1.50
2011.04.14 17:11:11.692,0.89158,0.89175,1.50,1.13
2011.04.14 17:11:12.241,0.89159,0.89175,1.50,1.13
2011.04.14 17:11:12.793,0.89158,0.89175,1.50,1.13
2011.04.14 17:11:15.712,0.89158,0.89175,1.50,2.63
2011.04.14 17:11:26.352,0.89158,0.89173,1.50,1.50
2011.04.14 17:11:27.141,0.89158,0.89173,1.50,1.50
2011.04.14 17:11:27.821,0.89158,0.89173,1.50,1.50
2011.04.14 17:11:31.421,0.89158,0.89174,1.50,2.25
2011.04.14 17:11:31.752,0.89159,0.89174,1.50,3.00
2011.04.14 17:11:32.464,0.89159,0.89174,1.50,3.00
2011.04.14 17:11:33.012,0.89159,0.89174,1.50,3.00
2011.04.14 17:11:33.562,0.89159,0.89174,1.50,3.00
2011.04.14 17:11:34.111,0.89159,0.89173,1.50,2.25
2011.04.14 17:11:34.662,0.89159,0.89174,1.50,1.50
2011.04.14 17:11:35.211,0.89158,0.89175,3.00,3.00
2011.04.14 17:11:35.761,0.89158,0.89175,2.25,3.00
2011.04.14 17:11:36.325,0.89158,0.89175,2.25,3.00
2011.04.14 17:11:37.101,0.89158,0.89175,2.25,2.25
2011.04.14 17:11:37.652,0.89159,0.89175,2.25,1.50
2011.04.14 17:11:38.312,0.8916,0.89176,1.50,1.50
2011.04.14 17:11:39.081,0.8916,0.89176,1.50,1.50
2011.04.14 17:11:42.313,0.8916,0.89176,1.50,1.50
2011.04.14 17:11:42.424,0.89162,0.89177,1.50,1.50
2011.04.14 17:11:43.565,0.89162,0.89177,1.50,1.50
2011.04.14 17:11:43.905,0.89161,0.89177,1.50,1.50
2011.04.14 17:11:44.131,0.89161,0.89176,1.50,1.50
2011.04.14 17:11:44.685,0.89161,0.89176,1.50,3.00
2011.04.14 17:11:46.692,0.89161,0.89176,1.50,3.00
2011.04.14 17:11:48.362,0.89161,0.89176,1.50,3.00
2011.04.14 17:11:48.962,0.89161,0.89176,1.50,3.00
2011.04.14 17:11:50.976,0.89161,0.89176,1.50,3.00
2011.04.14 17:11:51.427,0.89159,0.89173,1.50,1.50
2011.04.14 17:11:51.655,0.89153,0.89168,1.50,2.25
2011.04.14 17:11:52.322,0.89153,0.89168,1.50,2.25
2011.04.14 17:11:52.873,0.89153,0.89168,1.50,2.25
2011.04.14 17:11:53.442,0.89153,0.89168,1.50,2.25
2011.04.14 17:11:57.102,0.89153,0.89168,1.50,3.00
2011.04.14 17:11:57.652,0.89154,0.8917,1.50,3.00
2011.04.14 17:11:57.982,0.89153,0.89168,1.50,1.50
2011.04.14 17:11:58.533,0.89152,0.89168,1.50,3.00
2011.04.14 17:11:58.753,0.89152,0.89168,2.25,2.25
2011.04.14 17:11:59.303,0.89153,0.89167,1.50,1.50
2011.04.14 17:11:59.852,0.89152,0.89167,2.25,1.50
2011.04.14 17:12:01.884,0.89154,0.89168,5.25,2.25
2011.04.14 17:12:02.223,0.89168,0.8918,1.50,1.50
2011.04.14 17:12:02.334,0.89168,0.89181,1.50,2.25
2011.04.14 17:12:03.102,0.89168,0.8918,1.50,1.50
2011.04.14 17:12:03.435,0.89162,0.89172,1.50,1.50
2011.04.14 17:12:03.554,0.89159,0.89172,1.50,1.50
2011.04.14 17:12:04.113,0.89159,0.89175,3.00,1.50
2011.04.14 17:12:05.555,0.89159,0.89176,3.00,3.00
2011.04.14 17:12:06.003,0.89159,0.89174,1.50,1.50
2011.04.14 17:12:06.333,0.89159,0.89174,1.50,1.50
2011.04.14 17:12:12.435,0.89159,0.89174,1.50,1.50
2011.04.14 17:12:12.773,0.89159,0.89172,1.50,1.50
2011.04.14 17:12:12.995,0.89156,0.89171,1.50,1.77
2011.04.14 17:12:13.551,0.89156,0.89169,2.25,1.50
2011.04.14 17:12:20.544,0.89156,0.8917,1.50,1.50
2011.04.14 17:12:28.475,0.89155,0.89172,3.00,1.50
2011.04.14 17:12:29.031,0.89156,0.89172,1.50,2.25
2011.04.14 17:12:32.741,0.89156,0.89172,1.50,2.25
2011.04.14 17:12:38.733,0.89156,0.89172,1.50,2.25
2011.04.14 17:12:38.843,0.89153,0.8917,3.00,1.50
2011.04.14 17:12:38.955,0.89153,0.8917,1.50,2.25
2011.04.14 17:12:43.222,0.89152,0.8917,3.00,1.50
2011.04.14 17:12:52.043,0.89155,0.8917,1.50,1.50
2011.04.14 17:12:52.792,0.89155,0.8917,1.50,1.50
2011.04.14 17:12:55.652,0.89155,0.8917,2.25,1.50
2011.04.14 17:12:56.203,0.89155,0.89172,1.50,1.50
2011.04.14 17:12:56.753,0.89155,0.89172,1.50,1.50
2011.04.14 17:13:12.232,0.89155,0.89172,1.50,1.50
2011.04.14 17:13:12.903,0.89155,0.89172,2.25,1.50
2011.04.14 17:13:13.562,0.89158,0.89174,1.50,1.50
2011.04.14 17:13:13.893,0.89161,0.89177,1.50,1.50
2011.04.14 17:13:14.442,0.89162,0.89179,1.50,2.25
2011.04.14 17:13:14.662,0.89162,0.89179,1.50,3.00
2011.04.14 17:13:15.431,0.89162,0.89179,1.50,3.75
2011.04.14 17:13:16.315,0.89162,0.89179,3.00,1.50
2011.04.14 17:13:16.543,0.89165,0.89183,2.25,2.25
2011.04.14 17:13:17.092,0.89165,0.89182,2.25,1.50
2011.04.14 17:13:18.338,0.89165,0.8918,1.50,1.50
2011.04.14 17:13:18.892,0.89165,0.89183,2.25,2.25
2011.04.14 17:13:19.442,0.89166,0.89183,1.50,2.25
2011.04.14 17:13:22.112,0.89166,0.8918,1.50,1.50
2011.04.14 17:13:22.882,0.89164,0.89181,2.25,3.00
2011.04.14 17:13:23.763,0.89164,0.89181,2.25,1.50
2011.04.14 17:13:24.763,0.89164,0.89178,1.50,2.25
2011.04.14 17:13:25.311,0.89164,0.89178,1.50,2.25
2011.04.14 17:13:25.863,0.89164,0.89175,1.50,1.50
2011.04.14 17:13:25.973,0.89161,0.89175,1.50,1.50
2011.04.14 17:13:26.614,0.89161,0.89176,2.25,1.50
2011.04.14 17:13:26.734,0.89161,0.89176,2.25,1.50
2011.04.14 17:13:28.241,0.89161,0.89176,2.25,1.50
2011.04.14 17:13:29.764,0.89161,0.89176,2.25,2.25
2011.04.14 17:13:29.983,0.89158,0.89176,1.50,6.00
2011.04.14 17:13:30.422,0.89158,0.89176,1.50,3.00
2011.04.14 17:13:32.192,0.89157,0.89175,1.50,3.00
2011.04.14 17:13:34.149,0.89156,0.89175,2.25,3.00
2011.04.14 17:13:37.264,0.89156,0.89169,1.50,3.00
2011.04.14 17:13:37.482,0.89153,0.89169,1.50,1.50
2011.04.14 17:13:38.102,0.89153,0.89169,1.50,2.25
2011.04.14 17:13:42.682,0.89153,0.89169,1.50,2.25
2011.04.14 17:13:43.232,0.89153,0.89166,1.50,1.50
2011.04.14 17:13:43.342,0.89152,0.89166,1.50,1.50
2011.04.14 17:13:45.105,0.89148,0.89161,1.50,1.50
2011.04.14 17:13:45.332,0.89148,0.89164,2.25,1.50
2011.04.14 17:13:45.662,0.89148,0.89165,1.50,1.50
2011.04.14 17:13:45.883,0.8915,0.89165,1.50,1.50
2011.04.14 17:13:45.993,0.89153,0.89165,1.50,1.50
2011.04.14 17:13:46.542,0.89151,0.89168,1.50,2.25
2011.04.14 17:13:48.632,0.89151,0.89168,1.50,1.50
2011.04.14 17:13:49.043,0.89151,0.89168,1.50,1.50
2011.04.14 17:13:57.888,0.89152,0.89167,1.50,1.50
2011.04.14 17:13:58.229,0.89153,0.89165,1.50,1.50
2011.04.14 17:13:58.458,0.89153,0.89165,1.50,1.50
2011.04.14 17:13:59.013,0.89154,0.89169,1.50,1.50
2011.04.14 17:13:59.562,0.89154,0.89171,1.50,1.50
2011.04.14 17:14:00.112,0.89153,0.89168,1.50,1.50
2011.04.14 17:14:02.257,0.89154,0.89169,1.50,2.25
2011.04.14 17:14:03.143,0.89153,0.89169,1.50,1.50
2011.04.14 17:14:03.582,0.89153,0.89169,1.50,1.50
2011.04.14 17:14:03.804,0.89152,0.89169,2.25,2.25
2011.04.14 17:14:04.354,0.89152,0.89169,2.25,2.25
2011.04.14 17:14:04.902,0.89153,0.89167,1.50,1.50
2011.04.14 17:14:05.452,0.89152,0.89165,2.25,1.50
2011.04.14 17:14:05.564,0.89152,0.89165,2.25,1.50
2011.04.14 17:14:06.123,0.89152,0.89167,1.50,1.50
2011.04.14 17:14:06.651,0.89152,0.89167,1.50,1.50
2011.04.14 17:14:07.596,0.89152,0.89167,1.50,1.50
2011.04.14 17:14:11.261,0.89152,0.89168,1.50,1.50
2011.04.14 17:14:11.771,0.89152,0.89168,2.25,1.50
2011.04.14 17:14:14.352,0.89152,0.89165,1.50,1.50
2011.04.14 17:14:14.575,0.89152,0.89163,1.50,1.50
2011.04.14 17:14:14.696,0.8915,0.89161,1.50,2.25
2011.04.14 17:14:14.934,0.89145,0.8916,2.25,1.50
2011.04.14 17:14:15.476,0.89145,0.89162,1.50,1.50
2011.04.14 17:14:18.096,0.89143,0.89159,2.25,1.50
2011.04.14 17:14:18.653,0.89142,0.89161,2.25,2.25
2011.04.14 17:14:18.872,0.89145,0.89163,1.50,1.50
2011.04.14 17:14:20.305,0.89145,0.89163,1.88,1.50
2011.04.14 17:14:20.993,0.89147,0.89166,2.25,2.25
2011.04.14 17:14:21.111,0.89149,0.89166,1.50,1.50
2011.04.14 17:14:21.333,0.89149,0.89166,1.50,1.50
2011.04.14 17:14:21.884,0.89149,0.89166,1.50,1.50
2011.04.14 17:14:25.788,0.89149,0.89167,1.35,1.50
2011.04.14 17:14:26.028,0.89149,0.89169,2.85,3.00
2011.04.14 17:14:26.361,0.89149,0.89169,2.85,3.00
2011.04.14 17:14:26.692,0.89151,0.89169,1.50,2.25
2011.04.14 17:14:28.012,0.89151,0.89169,1.50,2.25
2011.04.14 17:14:30.764,0.89151,0.89169,1.50,2.25
2011.04.14 17:14:31.972,0.8915,0.89168,1.50,1.50
2011.04.14 17:14:34.841,0.8915,0.89168,2.25,1.50
2011.04.14 17:14:39.707,0.89149,0.89168,1.35,3.00
2011.04.14 17:14:40.263,0.89149,0.89168,2.10,1.50
2011.04.14 17:14:40.375,0.89149,0.89168,3.60,1.50
2011.04.14 17:14:42.901,0.89149,0.89166,3.60,1.50
2011.04.14 17:14:43.245,0.89147,0.89164,1.35,3.00
2011.04.14 17:14:43.364,0.89147,0.89164,1.35,3.75
2011.04.14 17:14:43.485,0.89142,0.89162,3.00,2.25
2011.04.14 17:14:44.042,0.89143,0.89162,1.50,1.50
2011.04.14 17:14:44.592,0.89142,0.89162,2.25,1.50
2011.04.14 17:14:45.252,0.89143,0.89162,1.50,1.50
2011.04.14 17:14:45.912,0.89143,0.89162,1.50,1.50
2011.04.14 17:14:46.902,0.89144,0.89162,1.50,2.25
2011.04.14 17:14:47.233,0.89156,0.89169,1.13,1.50
2011.04.14 17:14:47.562,0.89152,0.8917,1.50,1.50
2011.04.14 17:14:47.893,0.89152,0.89167,1.50,1.50
2011.04.14 17:14:48.222,0.8915,0.89167,1.50,1.50
2011.04.14 17:14:48.662,0.8915,0.89169,3.00,1.50
2011.04.14 17:14:48.771,0.89152,0.89169,1.50,1.50
2011.04.14 17:14:49.322,0.89152,0.8917,1.50,2.25
2011.04.14 17:14:50.275,0.89152,0.8917,1.50,1.50
2011.04.14 17:14:51.441,0.89152,0.8917,1.50,1.50
2011.04.14 17:14:52.163,0.89152,0.89169,1.50,1.50
2011.04.14 17:14:53.055,0.89152,0.8917,1.50,2.25
2011.04.14 17:14:53.176,0.8915,0.89169,1.50,1.50
2011.04.14 17:14:53.734,0.89148,0.89169,2.10,3.00
2011.04.14 17:14:54.063,0.89148,0.89167,2.10,2.25
2011.04.14 17:14:54.175,0.89148,0.89166,1.50,3.00
2011.04.14 17:14:54.514,0.89146,0.89163,1.13,1.50
2011.04.14 17:14:54.633,0.89144,0.89161,2.25,3.75
2011.04.14 17:14:55.374,0.89139,0.89156,2.25,2.25
2011.04.14 17:14:55.923,0.89137,0.89156,2.10,3.75
2011.04.14 17:14:56.440,0.89137,0.89156,2.10,2.25
2011.04.14 17:14:57.452,0.89137,0.89156,2.10,3.75
2011.04.14 17:14:58.013,0.89137,0.89155,2.10,1.50
2011.04.14 17:14:58.563,0.89137,0.89155,1.50,1.50
2011.04.14 17:14:59.112,0.89137,0.89155,1.50,1.50
2011.04.14 17:14:59.993,0.89137,0.89155,1.50,1.50
2011.04.14 17:15:00.543,0.89136,0.89155,1.35,1.50
2011.04.14 17:15:00.872,0.89139,0.89156,1.35,2.25
2011.04.14 17:15:01.092,0.89139,0.89156,1.35,2.25
2011.04.14 17:15:01.641,0.89139,0.89156,1.35,2.25
2011.04.14 17:15:02.302,0.89139,0.89156,1.35,1.50
2011.04.14 17:15:02.633,0.89141,0.89158,1.50,1.50
2011.04.14 17:15:02.963,0.89141,0.89158,1.50,1.50
2011.04.14 17:15:03.293,0.89141,0.89158,1.50,1.50
2011.04.14 17:15:03.733,0.8914,0.89158,1.50,2.25
2011.04.14 17:15:04.384,0.89139,0.89156,1.35,4.50
2011.04.14 17:15:04.831,0.89137,0.89156,1.50,5.25
2011.04.14 17:15:05.272,0.89137,0.89156,1.50,2.25
2011.04.14 17:15:05.821,0.89137,0.89156,1.50,3.00
2011.04.14 17:15:06.404,0.89137,0.89156,1.50,3.75
2011.04.14 17:15:06.735,0.89136,0.89154,1.50,1.50
2011.04.14 17:15:07.953,0.89136,0.89153,1.50,1.50
2011.04.14 17:15:08.285,0.89132,0.89143,1.50,1.35
2011.04.14 17:15:08.662,0.89125,0.89142,1.50,2.25
2011.04.14 17:15:08.783,0.89125,0.89141,1.50,1.50
2011.04.14 17:15:09.333,0.89123,0.89142,1.50,5.25
2011.04.14 17:15:09.665,0.89123,0.89136,1.50,1.50
2011.04.14 17:15:10.009,0.89118,0.89134,2.10,3.00
2011.04.14 17:15:10.454,0.89115,0.89134,1.50,3.00
2011.04.14 17:15:10.792,0.89114,0.89134,1.50,1.50
2011.04.14 17:15:12.115,0.89116,0.89133,1.50,1.50
2011.04.14 17:15:12.262,0.89114,0.89131,1.50,2.52
2011.04.14 17:15:12.375,0.89114,0.89131,1.50,2.52
2011.04.14 17:15:13.044,0.89115,0.89132,1.50,1.35
2011.04.14 17:15:14.692,0.89114,0.89131,2.25,1.50
2011.04.14 17:15:15.242,0.89115,0.89131,1.50,2.25
2011.04.14 17:15:15.824,0.89115,0.89131,1.50,1.50
2011.04.14 17:15:16.372,0.89114,0.89131,2.25,2.25
2011.04.14 17:15:17.037,0.89115,0.89131,1.50,1.50
2011.04.14 17:15:17.484,0.89114,0.89131,2.25,1.50
2011.04.14 17:15:17.701,0.89114,0.89131,2.25,1.50
2011.04.14 17:15:18.253,0.89114,0.89131,2.25,1.50
2011.04.14 17:15:19.681,0.89114,0.89131,2.25,1.50
2011.04.14 17:15:24.236,0.89114,0.89131,2.25,3.75
2011.04.14 17:15:24.358,0.89113,0.89128,2.25,1.50
2011.04.14 17:15:24.692,0.89113,0.8913,1.50,1.50
2011.04.14 17:15:25.242,0.89113,0.8913,1.50,1.50
2011.04.14 17:15:26.040,0.89113,0.89131,2.25,1.50
2011.04.14 17:15:26.592,0.89114,0.89131,1.50,1.50
2011.04.14 17:15:27.142,0.89114,0.89131,1.50,1.50
2011.04.14 17:15:27.251,0.89114,0.89131,1.50,1.50
2011.04.14 17:15:28.133,0.89113,0.89131,2.25,2.25
2011.04.14 17:15:28.353,0.89113,0.8913,2.25,2.25
2011.04.14 17:15:28.903,0.89113,0.8913,1.50,2.25
2011.04.14 17:15:29.456,0.89113,0.89131,3.00,1.50
2011.04.14 17:15:30.014,0.89114,0.89131,1.50,1.50
2011.04.14 17:15:30.563,0.89113,0.89131,3.00,1.50
2011.04.14 17:15:31.384,0.89114,0.89131,1.50,1.50
2011.04.14 17:15:32.019,0.89114,0.89131,1.50,1.50
2011.04.14 17:15:33.013,0.89114,0.89131,1.50,1.50
2011.04.14 17:15:33.342,0.89114,0.89131,1.50,1.50
2011.04.14 17:15:34.153,0.89113,0.89131,2.25,1.50
2011.04.14 17:15:35.494,0.89114,0.89131,1.50,1.50
2011.04.14 17:15:35.827,0.89121,0.89135,1.50,1.50
2011.04.14 17:15:35.944,0.89121,0.89137,1.50,2.63
2011.04.14 17:15:36.493,0.8912,0.89136,1.50,1.50
2011.04.14 17:15:37.043,0.8912,0.89137,1.50,2.25
2011.04.14 17:15:37.485,0.89123,0.8914,2.25,1.50
2011.04.14 17:15:37.908,0.89127,0.89142,1.50,1.88
2011.04.14 17:15:38.034,0.89131,0.89148,2.25,2.25
2011.04.14 17:15:38.802,0.89132,0.89148,1.50,2.25
2011.04.14 17:15:39.354,0.89131,0.89146,2.25,2.25
2011.04.14 17:15:41.334,0.89132,0.89146,1.50,2.25
2011.04.14 17:15:44.956,0.89129,0.89144,1.50,1.50
2011.04.14 17:15:45.294,0.89129,0.8914,1.50,1.02
2011.04.14 17:15:45.744,0.89122,0.89138,1.50,1.50
2011.04.14 17:15:46.074,0.89121,0.89134,1.50,1.50
2011.04.14 17:15:46.415,0.89116,0.89133,2.25,2.25
2011.04.14 17:15:46.534,0.89116,0.89133,2.25,2.25
2011.04.14 17:15:47.070,0.89117,0.89133,1.50,1.50
2011.04.14 17:15:47.625,0.89117,0.89133,1.50,3.75
2011.04.14 17:15:47.963,0.89117,0.89132,1.50,1.50
2011.04.14 17:15:51.483,0.89115,0.89132,2.25,2.25
2011.04.14 17:15:51.813,0.89116,0.89132,1.50,1.50
2011.04.14 17:15:52.032,0.89116,0.89134,1.50,3.00
2011.04.14 17:15:52.639,0.89116,0.89132,1.50,1.50
2011.04.14 17:15:53.211,0.89116,0.89132,1.50,1.50
2011.04.14 17:15:53.764,0.89116,0.89133,1.50,1.50
2011.04.14 17:15:54.202,0.89116,0.89133,1.50,1.50
2011.04.14 17:15:55.853,0.89116,0.89134,1.50,2.25
2011.04.14 17:15:56.403,0.89116,0.89133,1.50,1.50
2011.04.14 17:15:56.735,0.89116,0.89133,1.50,1.50
2011.04.14 17:15:57.292,0.89116,0.89133,1.50,1.50
2011.04.14 17:15:57.982,0.89116,0.89133,1.50,1.50
2011.04.14 17:15:58.421,0.89116,0.89133,1.50,1.50
2011.04.14 17:15:58.641,0.89116,0.89133,1.50,1.50
2011.04.14 17:15:59.222,0.89116,0.89132,1.50,1.50
2011.04.14 17:16:02.733,0.89116,0.89133,1.50,1.50
2011.04.14 17:16:03.173,0.89116,0.89134,2.25,1.50
2011.04.14 17:16:03.398,0.89121,0.89137,2.25,3.00
2011.04.14 17:16:03.513,0.89122,0.89137,2.25,3.00
2011.04.14 17:16:04.062,0.89122,0.89136,2.25,1.50
2011.04.14 17:16:04.612,0.89122,0.89136,2.25,1.50
2011.04.14 17:16:05.824,0.89122,0.89136,2.25,1.50
2011.04.14 17:16:07.303,0.89122,0.89136,2.25,1.50
2011.04.14 17:16:07.759,0.89122,0.89137,2.25,1.50
2011.04.14 17:16:09.293,0.89122,0.89136,2.25,1.50
2011.04.14 17:16:09.894,0.89122,0.89136,2.25,1.50
2011.04.14 17:16:10.402,0.89122,0.89136,2.25,1.50
2011.04.14 17:16:11.504,0.89122,0.89137,3.00,1.50
2011.04.14 17:16:11.723,0.89124,0.89137,1.50,1.50
2011.04.14 17:16:14.862,0.89124,0.89137,1.50,1.50
2011.04.14 17:16:15.472,0.89124,0.89138,1.50,2.25
2011.04.14 17:16:16.016,0.89128,0.89145,3.75,1.50
2011.04.14 17:16:16.239,0.89129,0.89146,3.00,1.50
2011.04.14 17:16:16.793,0.89131,0.89147,1.50,1.50
2011.04.14 17:16:17.341,0.89131,0.89148,1.50,1.50
2011.04.14 17:16:17.893,0.89131,0.89147,1.50,1.50
2011.04.14 17:16:18.994,0.8913,0.89147,3.00,1.50
2011.04.14 17:16:19.542,0.8913,0.89146,1.50,1.50
2011.04.14 17:16:20.668,0.89129,0.89146,1.50,1.50
2011.04.14 17:16:28.341,0.89128,0.89145,3.00,1.50
2011.04.14 17:16:28.893,0.89129,0.89145,1.50,1.50
2011.04.14 17:16:29.466,0.89127,0.89141,1.50,1.50
2011.04.14 17:16:29.694,0.89125,0.89141,1.50,3.75
2011.04.14 17:16:30.242,0.89125,0.89141,1.50,2.25
2011.04.14 17:16:31.016,0.89125,0.89141,1.50,2.25
2011.04.14 17:16:34.924,0.89122,0.89138,2.25,1.50
2011.04.14 17:16:35.506,0.89122,0.89136,2.25,1.50
2011.04.14 17:16:35.843,0.89119,0.89134,2.25,1.50
2011.04.14 17:16:35.954,0.89119,0.89131,1.50,1.50
2011.04.14 17:16:36.073,0.89116,0.89133,1.50,3.00
2011.04.14 17:16:36.624,0.89117,0.89134,2.25,2.25
2011.04.14 17:16:36.734,0.89118,0.89133,1.50,1.50
2011.04.14 17:16:37.283,0.89118,0.89133,1.50,2.25
2011.04.14 17:16:39.273,0.89118,0.89133,1.50,3.00
2011.04.14 17:16:40.043,0.89115,0.89131,1.50,1.50
2011.04.14 17:16:40.373,0.8911,0.89127,1.50,2.10
2011.04.14 17:16:40.703,0.8911,0.89127,1.50,1.35
2011.04.14 17:16:41.032,0.89108,0.89125,1.50,1.50
2011.04.14 17:16:41.382,0.89108,0.89125,1.50,1.50
2011.04.14 17:16:41.821,0.89108,0.89125,1.50,1.50
2011.04.14 17:16:43.234,0.89108,0.89124,1.50,1.50
2011.04.14 17:16:43.576,0.89106,0.89123,1.50,1.50
2011.04.14 17:16:43.801,0.89107,0.89124,1.50,1.50
2011.04.14 17:16:45.235,0.89107,0.89124,1.50,1.50
2011.04.14 17:16:45.792,0.89105,0.89123,2.25,1.50
2011.04.14 17:16:46.011,0.89105,0.89123,2.25,1.50
2011.04.14 17:16:48.162,0.89105,0.89123,2.25,1.50
2011.04.14 17:16:49.149,0.89106,0.89122,1.50,1.50
2011.04.14 17:16:50.584,0.89106,0.89124,1.50,3.23
2011.04.14 17:16:50.912,0.89107,0.89124,1.50,2.48
2011.04.14 17:16:51.133,0.89106,0.89124,1.50,2.48
2011.04.14 17:16:52.013,0.89106,0.89124,2.25,2.48
2011.04.14 17:16:52.562,0.89106,0.89124,2.25,2.48
2011.04.14 17:16:54.074,0.89105,0.89124,1.50,3.23
2011.04.14 17:16:54.513,0.89105,0.89122,1.50,1.50
2011.04.14 17:16:55.172,0.89105,0.89123,1.50,2.25
2011.04.14 17:16:55.941,0.89105,0.89122,1.50,1.50
2011.04.14 17:16:56.492,0.89105,0.89123,1.50,1.50
2011.04.14 17:16:57.075,0.89105,0.89122,1.50,1.50
2011.04.14 17:16:57.824,0.89105,0.89123,1.50,1.50
2011.04.14 17:16:58.266,0.89103,0.89123,3.00,1.50
2011.04.14 17:16:58.822,0.89104,0.89122,1.50,1.50
2011.04.14 17:16:59.484,0.89106,0.89122,1.50,1.50
2011.04.14 17:16:59.813,0.89111,0.89127,1.50,1.50
2011.04.14 17:16:59.923,0.89113,0.89132,2.25,2.25
2011.04.14 17:17:00.251,0.89113,0.89132,2.25,2.25
2011.04.14 17:17:00.691,0.89113,0.89132,3.00,2.25
2011.04.14 17:17:06.964,0.89116,0.89134,1.50,1.50
2011.04.14 17:17:07.408,0.89118,0.89136,3.00,1.50
2011.04.14 17:17:20.043,0.89118,0.89136,2.25,2.25
2011.04.14 17:17:22.955,0.89118,0.89136,3.00,2.25
2011.04.14 17:17:23.512,0.89118,0.89135,2.25,1.50
2011.04.14 17:17:24.463,0.89118,0.89135,1.50,2.25
2011.04.14 17:17:25.123,0.89118,0.89135,1.50,2.25
2011.04.14 17:17:25.784,0.89117,0.89135,2.25,1.50
2011.04.14 17:17:26.419,0.89117,0.89135,3.00,1.50
2011.04.14 17:17:27.334,0.89118,0.89135,2.25,1.50
2011.04.14 17:17:27.882,0.89118,0.89135,1.50,1.50
2011.04.14 17:17:28.211,0.89118,0.89135,3.00,1.50
2011.04.14 17:17:33.333,0.89119,0.89135,1.50,1.50
2011.04.14 17:17:34.093,0.89119,0.89135,2.25,1.50
2011.04.14 17:17:34.643,0.89119,0.89135,3.00,1.50
2011.04.14 17:17:39.735,0.89119,0.89135,2.25,1.50
2011.04.14 17:17:55.312,0.89119,0.89135,1.50,1.50
2011.04.14 17:17:55.862,0.89119,0.89135,1.50,1.50
2011.04.14 17:17:56.437,0.89119,0.89135,1.50,1.50
2011.04.14 17:17:56.992,0.89118,0.89134,3.00,1.50
2011.04.14 17:18:07.931,0.89118,0.89134,2.25,1.50
2011.04.14 17:18:20.371,0.89118,0.89134,2.25,1.50
2011.04.14 17:18:22.088,0.89119,0.89134,1.50,1.50
2011.04.14 17:18:32.743,0.8912,0.89137,1.50,1.50
2011.04.14 17:18:33.402,0.8912,0.89136,1.50,1.50
2011.04.14 17:18:37.264,0.8912,0.89138,1.50,1.50
2011.04.14 17:18:37.597,0.89129,0.89144,1.50,1.50
2011.04.14 17:18:37.713,0.89128,0.89144,1.50,1.50
2011.04.14 17:18:37.935,0.89129,0.89146,1.50,1.50
2011.04.14 17:18:38.272,0.8913,0.89147,1.50,1.50
2011.04.14 17:18:40.473,0.89131,0.89147,1.50,1.50
2011.04.14 17:18:40.802,0.89131,0.8915,2.25,1.50
2011.04.14 17:18:41.136,0.89134,0.89151,1.50,1.50
2011.04.14 17:18:41.874,0.89135,0.89153,1.50,2.25
2011.04.14 17:18:41.983,0.89136,0.89155,2.25,1.50
2011.04.14 17:18:42.423,0.89136,0.89155,2.25,1.50
2011.04.14 17:18:42.862,0.89136,0.89155,2.25,1.50
2011.04.14 17:18:43.192,0.89136,0.89155,2.25,1.50
2011.04.14 17:18:45.221,0.89136,0.89155,2.25,1.50
2011.04.14 17:18:45.681,0.89136,0.89155,2.25,1.50
2011.04.14 17:18:46.422,0.89136,0.89155,2.25,1.50
2011.04.14 17:18:47.453,0.89136,0.89155,2.25,1.50
2011.04.14 17:18:47.783,0.89136,0.89155,2.25,1.50
2011.04.14 17:18:50.752,0.89136,0.89155,2.25,1.50
2011.04.14 17:18:51.532,0.89136,0.89155,2.25,1.50
2011.04.14 17:18:51.974,0.89139,0.89156,1.50,1.50
2011.04.14 17:18:54.725,0.89137,0.89155,1.50,3.00
2011.04.14 17:18:55.231,0.89135,0.89153,1.50,2.25
2011.04.14 17:18:55.781,0.89135,0.89153,1.50,1.50
2011.04.14 17:18:56.332,0.89135,0.89153,1.50,2.25
2011.04.14 17:18:56.733,0.89135,0.89153,1.50,3.00
2011.04.14 17:18:56.843,0.89135,0.89153,1.50,3.00
2011.04.14 17:18:57.392,0.89135,0.89152,1.50,1.50
2011.04.14 17:18:57.832,0.89135,0.89152,1.50,2.25
2011.04.14 17:18:58.162,0.89136,0.89152,1.50,2.25
2011.04.14 17:18:58.832,0.89136,0.89152,2.25,2.25
2011.04.14 17:19:00.184,0.89136,0.89151,1.50,2.25
2011.04.14 17:19:00.518,0.89134,0.8915,1.50,3.00
2011.04.14 17:19:01.071,0.89135,0.8915,1.50,3.00
2011.04.14 17:19:01.403,0.89135,0.8915,1.50,3.75
2011.04.14 17:19:02.615,0.89136,0.8915,1.50,2.25
2011.04.14 17:19:05.279,0.89136,0.8915,1.50,1.50
2011.04.14 17:19:12.171,0.89136,0.89149,1.50,1.50
2011.04.14 17:19:17.282,0.89136,0.8915,1.50,1.50
2011.04.14 17:19:20.827,0.89135,0.89148,1.50,1.50
2011.04.14 17:19:21.386,0.89134,0.89149,1.50,1.50
2011.04.14 17:19:21.942,0.89135,0.89149,1.50,1.50
2011.04.14 17:19:24.403,0.89135,0.8915,1.50,2.25
2011.04.14 17:19:25.065,0.89136,0.89152,1.50,1.50
2011.04.14 17:19:27.353,0.89136,0.89153,1.50,2.25
2011.04.14 17:19:28.154,0.89136,0.89153,1.50,1.50
2011.04.14 17:19:29.796,0.89142,0.89155,1.50,2.25
2011.04.14 17:19:29.916,0.89143,0.89159,1.50,2.25
2011.04.14 17:19:30.472,0.89146,0.89163,1.50,2.85
2011.04.14 17:19:32.504,0.89146,0.89163,1.50,2.10
2011.04.14 17:19:32.833,0.89146,0.89163,2.25,1.35
2011.04.14 17:19:33.054,0.89146,0.89163,2.25,1.35
2011.04.14 17:19:33.606,0.89146,0.89165,3.00,1.88
2011.04.14 17:19:34.165,0.89148,0.89165,1.50,1.50
2011.04.14 17:19:34.394,0.89149,0.89165,1.50,1.50
2011.04.14 17:19:35.225,0.89148,0.89165,2.25,1.50
2011.04.14 17:19:35.784,0.89149,0.89166,1.50,2.25
2011.04.14 17:19:36.333,0.89149,0.89165,1.50,1.50
2011.04.14 17:19:37.212,0.89147,0.89165,2.25,1.50
2011.04.14 17:19:37.762,0.89147,0.89165,2.25,1.50
2011.04.14 17:19:41.076,0.89147,0.89165,1.50,1.50
2011.04.14 17:19:44.615,0.89147,0.89165,1.50,1.50
2011.04.14 17:19:46.504,0.89148,0.89165,1.50,1.50
2011.04.14 17:19:48.224,0.89146,0.89165,2.25,2.25
2011.04.14 17:19:48.333,0.89146,0.89164,1.50,1.88
2011.04.14 17:19:48.663,0.89143,0.89163,2.25,1.50
2011.04.14 17:19:49.214,0.89143,0.89161,1.50,2.25
2011.04.14 17:19:49.325,0.89142,0.89161,1.50,2.25
2011.04.14 17:19:49.434,0.89142,0.89161,1.50,2.25
2011.04.14 17:19:49.652,0.89142,0.89161,1.50,2.25
2011.04.14 17:19:50.313,0.89143,0.89161,1.50,1.50
2011.04.14 17:19:50.642,0.89143,0.89161,1.50,1.50
2011.04.14 17:19:50.862,0.89143,0.89161,1.50,1.50
2011.04.14 17:19:51.852,0.89143,0.89161,1.50,1.50
2011.04.14 17:19:52.641,0.89143,0.89161,2.25,1.50
2011.04.14 17:19:53.192,0.89144,0.89161,1.50,1.50
2011.04.14 17:19:53.742,0.89143,0.89161,2.25,1.50
2011.04.14 17:19:55.403,0.89143,0.89161,1.50,1.50
2011.04.14 17:19:56.765,0.89142,0.89161,3.00,1.50
2011.04.14 17:19:56.885,0.89144,0.89161,1.50,1.50
2011.04.14 17:19:57.433,0.89144,0.89163,3.00,1.50
2011.04.14 17:19:58.312,0.89144,0.89163,2.25,1.50
2011.04.14 17:20:03.103,0.89144,0.89163,2.25,1.50
2011.04.14 17:20:10.991,0.89144,0.89163,2.25,1.50
2011.04.14 17:20:11.572,0.89144,0.89163,2.25,1.50
2011.04.14 17:20:12.082,0.89144,0.89163,2.25,1.50
2011.04.14 17:20:12.782,0.89144,0.89163,2.25,1.50
2011.04.14 17:20:14.012,0.89144,0.89163,2.25,1.50
2011.04.14 17:20:14.342,0.89144,0.89163,2.25,1.50
2011.04.14 17:20:14.893,0.89144,0.89163,2.25,1.50
2011.04.14 17:20:16.904,0.89145,0.89163,1.50,1.50
2011.04.14 17:20:17.453,0.89146,0.89165,1.50,2.25
2011.04.14 17:20:20.032,0.89146,0.89165,1.50,2.25
2011.04.14 17:20:20.536,0.89146,0.89165,1.50,2.25
2011.04.14 17:20:23.654,0.89147,0.89165,1.50,1.88
2011.04.14 17:20:30.047,0.89146,0.89165,1.50,2.25
2011.04.14 17:20:30.603,0.89146,0.89165,2.25,2.25
2011.04.14 17:20:33.644,0.89146,0.89165,1.50,2.25
2011.04.14 17:20:33.752,0.89146,0.89165,1.50,2.25
2011.04.14 17:20:36.042,0.89146,0.89165,1.50,2.25
2011.04.14 17:20:42.706,0.89146,0.89165,1.50,2.25
2011.04.14 17:20:43.155,0.89146,0.89165,2.25,2.25
2011.04.14 17:20:43.713,0.89146,0.89165,3.00,1.88
2011.04.14 17:20:43.935,0.89148,0.89165,1.50,1.50
2011.04.14 17:20:44.494,0.89149,0.89166,1.50,1.88
2011.04.14 17:20:44.950,0.89151,0.89168,1.50,1.50
2011.04.14 17:20:45.502,0.89151,0.89169,1.50,1.50
2011.04.14 17:20:46.054,0.89151,0.89169,1.50,1.50
2011.04.14 17:20:50.199,0.89152,0.89169,1.50,1.50
2011.04.14 17:20:50.754,0.89153,0.8917,1.50,2.25
2011.04.14 17:20:51.415,0.89153,0.8917,1.50,1.50
2011.04.14 17:20:51.852,0.89153,0.8917,1.50,1.50
2011.04.14 17:20:52.074,0.89153,0.8917,1.50,1.50
2011.04.14 17:20:52.623,0.89153,0.8917,1.50,1.50
2011.04.14 17:20:52.733,0.89153,0.8917,1.50,1.50
2011.04.14 17:20:52.955,0.89155,0.89172,1.50,2.10
2011.04.14 17:20:53.844,0.89155,0.89172,1.50,2.10
2011.04.14 17:20:55.034,0.89154,0.89171,1.50,1.50
2011.04.14 17:20:56.323,0.89154,0.89172,2.25,2.48
2011.04.14 17:20:58.585,0.89154,0.89171,2.25,1.50
2011.04.14 17:20:59.132,0.89154,0.89171,2.25,1.50
2011.04.14 17:21:00.566,0.89155,0.89172,1.50,3.30
2011.04.14 17:21:01.097,0.89153,0.89171,1.50,1.50
2011.04.14 17:21:03.303,0.89154,0.89171,1.50,1.50
2011.04.14 17:21:05.002,0.89155,0.89171,1.50,1.50
2011.04.14 17:21:05.771,0.89154,0.89171,1.50,1.50
2011.04.14 17:21:06.211,0.89154,0.89171,1.50,1.50
2011.04.14 17:21:11.834,0.89152,0.8917,2.25,1.50
2011.04.14 17:21:12.386,0.89152,0.8917,1.50,1.50
2011.04.14 17:21:12.942,0.89153,0.89169,1.50,1.50
2011.04.14 17:21:13.493,0.89152,0.89169,1.50,1.50
2011.04.14 17:21:14.002,0.89153,0.89169,1.50,1.50
2011.04.14 17:21:14.551,0.89152,0.89169,1.50,1.50
2011.04.14 17:21:15.183,0.89152,0.89169,1.50,1.50
2011.04.14 17:21:15.622,0.89152,0.89169,1.50,1.50
2011.04.14 17:21:16.172,0.89153,0.89169,1.50,1.50
2011.04.14 17:21:16.712,0.89152,0.89169,1.50,1.50
2011.04.14 17:21:17.253,0.89152,0.89169,1.50,1.50
2011.04.14 17:21:17.365,0.89152,0.89169,1.50,2.25
2011.04.14 17:21:17.912,0.89151,0.89169,1.50,2.25
2011.04.14 17:21:19.082,0.89152,0.89169,1.50,2.25
2011.04.14 17:21:19.412,0.89152,0.89169,1.50,1.50
2011.04.14 17:21:19.963,0.89151,0.89169,1.50,1.50
2011.04.14 17:21:20.294,0.89153,0.89169,1.50,1.50
2011.04.14 17:21:20.622,0.89153,0.89169,1.50,1.50
2011.04.14 17:21:20.958,0.89153,0.89169,2.25,1.50
2011.04.14 17:21:21.512,0.89153,0.89169,1.50,1.50
2011.04.14 17:21:23.595,0.89153,0.89169,1.50,1.50
2011.04.14 17:21:24.143,0.89153,0.89168,1.50,1.50
2011.04.14 17:21:24.503,0.89152,0.89165,1.50,5.40
2011.04.14 17:21:24.843,0.8915,0.89165,1.50,5.40
2011.04.14 17:21:26.252,0.8915,0.89168,1.50,1.50
2011.04.14 17:21:29.389,0.8915,0.89169,1.50,2.25
2011.04.14 17:21:29.942,0.8915,0.89169,3.00,1.50
2011.04.14 17:21:31.264,0.8915,0.89169,3.00,1.50
2011.04.14 17:21:31.862,0.8915,0.89169,3.00,1.50
2011.04.14 17:21:34.062,0.89151,0.89169,1.50,1.50
2011.04.14 17:21:38.837,0.89151,0.89169,2.25,1.50
2011.04.14 17:21:39.723,0.89151,0.89169,1.50,1.50
2011.04.14 17:21:40.272,0.89151,0.89169,1.50,1.50
2011.04.14 17:21:40.782,0.89151,0.89169,1.50,1.50
2011.04.14 17:21:42.434,0.89152,0.89169,1.50,1.50
2011.04.14 17:21:43.203,0.89153,0.89171,3.00,1.50
2011.04.14 17:21:43.643,0.89154,0.89171,1.50,1.50
2011.04.14 17:21:44.192,0.89154,0.8917,1.50,1.50
2011.04.14 17:21:48.188,0.89153,0.8917,3.00,1.50
2011.04.14 17:21:48.742,0.89153,0.89168,2.25,1.50
2011.04.14 17:21:49.422,0.89153,0.89168,1.50,1.50
2011.04.14 17:21:49.973,0.89153,0.89168,2.25,1.50
2011.04.14 17:21:50.745,0.89153,0.8917,2.25,2.25
2011.04.14 17:21:53.024,0.89153,0.89168,1.50,1.50
2011.04.14 17:21:53.573,0.89152,0.89169,2.25,1.50
2011.04.14 17:21:55.647,0.89152,0.89169,2.25,1.50
2011.04.14 17:21:56.994,0.89153,0.89169,1.50,1.50
2011.04.14 17:22:08.214,0.89151,0.89168,1.50,1.50
2011.04.14 17:22:08.325,0.89151,0.89168,1.50,1.50
2011.04.14 17:22:08.873,0.89151,0.89168,1.50,1.50
2011.04.14 17:22:08.984,0.89151,0.89168,2.25,1.50
2011.04.14 17:22:09.534,0.89153,0.89168,1.50,1.50
2011.04.14 17:22:15.952,0.89154,0.8917,1.50,1.50
2011.04.14 17:22:18.373,0.89154,0.89169,2.25,1.50
2011.04.14 17:22:19.803,0.89154,0.89168,1.50,1.50
2011.04.14 17:22:20.353,0.89154,0.89171,2.25,2.25
2011.04.14 17:22:22.560,0.89154,0.89171,2.25,1.50
2011.04.14 17:22:25.033,0.89155,0.8917,1.50,1.50
2011.04.14 17:22:25.696,0.89155,0.89172,1.50,1.50
2011.04.14 17:22:26.253,0.89155,0.89172,1.50,1.50
2011.04.14 17:22:31.643,0.89155,0.89172,1.50,1.50
2011.04.14 17:22:31.973,0.89155,0.89172,1.50,1.50
2011.04.14 17:22:32.524,0.89156,0.89172,1.50,1.50
2011.04.14 17:22:33.213,0.89157,0.89172,1.50,1.50
2011.04.14 17:22:33.763,0.89158,0.89176,2.37,1.50
2011.04.14 17:22:33.873,0.89158,0.89176,2.37,1.50
2011.04.14 17:22:39.883,0.89158,0.89176,1.50,1.50
2011.04.14 17:22:47.615,0.89156,0.89173,1.50,1.50
2011.04.14 17:22:55.962,0.89157,0.89173,1.50,1.50
2011.04.14 17:22:59.003,0.89156,0.89173,1.50,1.50
2011.04.14 17:22:59.515,0.89156,0.89173,1.50,1.50
2011.04.14 17:23:00.403,0.89156,0.89173,1.50,1.50
2011.04.14 17:23:00.842,0.89157,0.89173,1.50,1.50
2011.04.14 17:23:08.837,0.89156,0.89173,1.50,2.25
2011.04.14 17:23:09.175,0.89156,0.89173,1.50,1.50
2011.04.14 17:23:09.505,0.89156,0.89173,2.25,1.50
2011.04.14 17:23:10.712,0.89157,0.89173,1.50,1.50
2011.04.14 17:23:11.483,0.89157,0.89173,1.50,1.50
2011.04.14 17:23:11.593,0.89157,0.89173,1.50,1.50
2011.04.14 17:23:11.704,0.89157,0.89173,1.50,1.50
2011.04.14 17:23:12.584,0.89157,0.89173,1.50,1.50
2011.04.14 17:23:13.312,0.89157,0.89173,1.50,1.50
2011.04.14 17:23:13.864,0.89157,0.89173,1.50,1.50
2011.04.14 17:23:15.543,0.89157,0.89173,1.50,1.50
2011.04.14 17:23:19.442,0.89157,0.89173,1.50,1.50
2011.04.14 17:23:20.093,0.89158,0.89173,1.50,1.50
2011.04.14 17:23:20.642,0.89158,0.89173,1.50,1.50
2011.04.14 17:23:28.273,0.89158,0.89175,3.00,1.50
2011.04.14 17:23:33.123,0.89159,0.89178,1.50,3.00
2011.04.14 17:23:34.223,0.89159,0.89178,1.69,3.75
2011.04.14 17:23:34.445,0.8916,0.89178,1.50,1.88
2011.04.14 17:23:34.564,0.89162,0.89178,1.50,1.88
2011.04.14 17:23:35.113,0.89164,0.89182,1.50,1.50
2011.04.14 17:23:35.555,0.89164,0.89182,1.50,1.50
2011.04.14 17:23:38.243,0.89164,0.89181,1.50,1.50
2011.04.14 17:23:39.044,0.89164,0.89181,1.50,1.50
2011.04.14 17:23:42.313,0.89164,0.89181,1.50,1.50
2011.04.14 17:23:42.863,0.89164,0.89181,1.50,1.50
2011.04.14 17:23:43.412,0.89164,0.89181,1.50,2.25
2011.04.14 17:23:44.553,0.89164,0.89181,1.50,2.25
2011.04.14 17:23:45.773,0.89164,0.89181,1.50,1.50
2011.04.14 17:23:46.323,0.89164,0.89181,1.50,1.50
2011.04.14 17:23:47.423,0.89164,0.89181,1.50,1.50
2011.04.14 17:23:47.793,0.89164,0.89181,1.50,1.50
2011.04.14 17:23:49.132,0.89164,0.89181,1.50,1.50
2011.04.14 17:23:49.682,0.89164,0.89181,1.50,1.50
2011.04.14 17:23:50.634,0.89164,0.89181,1.50,1.50
2011.04.14 17:23:57.744,0.89164,0.89181,1.50,1.50
2011.04.14 17:24:00.193,0.89164,0.89181,1.50,1.50
2011.04.14 17:24:00.853,0.89164,0.89181,1.50,1.50
2011.04.14 17:24:01.763,0.89164,0.89181,1.50,1.50
2011.04.14 17:24:02.312,0.89164,0.89181,1.50,1.50
2011.04.14 17:24:02.895,0.89164,0.89181,1.50,1.50
2011.04.14 17:24:06.444,0.89164,0.89181,1.50,1.50
2011.04.14 17:24:06.993,0.89164,0.89181,1.50,1.50
2011.04.14 17:24:07.213,0.89165,0.89181,1.50,1.50
2011.04.14 17:24:07.763,0.89164,0.89181,2.25,1.50
2011.04.14 17:24:08.313,0.89164,0.89181,1.50,1.50
2011.04.14 17:24:08.917,0.89165,0.89183,1.58,1.35
2011.04.14 17:24:09.254,0.89169,0.89184,1.50,1.35
2011.04.14 17:24:09.365,0.89169,0.89185,1.88,1.50
2011.04.14 17:24:09.595,0.89172,0.89188,1.50,1.50
2011.04.14 17:24:10.034,0.89173,0.8919,1.50,1.50
2011.04.14 17:24:10.146,0.89173,0.8919,1.50,1.50
2011.04.14 17:24:10.486,0.89176,0.89193,2.25,1.50
2011.04.14 17:24:10.718,0.89178,0.89197,2.25,1.50
2011.04.14 17:24:11.057,0.89181,0.89198,1.13,1.50
2011.04.14 17:24:11.397,0.89184,0.89201,1.88,2.25
2011.04.14 17:24:11.804,0.89189,0.89203,2.25,1.13
2011.04.14 17:24:12.027,0.89189,0.89205,1.50,3.38
2011.04.14 17:24:12.146,0.8919,0.89205,1.50,2.25
2011.04.14 17:24:12.377,0.89191,0.89206,1.50,1.50
2011.04.14 17:24:12.934,0.89191,0.89207,1.50,3.00
2011.04.14 17:24:13.483,0.89191,0.89208,1.50,2.25
2011.04.14 17:24:14.254,0.89192,0.89206,1.50,1.50
2011.04.14 17:24:14.804,0.89192,0.89207,1.50,1.50
2011.04.14 17:24:15.377,0.89192,0.89208,1.50,1.50
2011.04.14 17:24:15.935,0.89192,0.89205,1.50,1.50
2011.04.14 17:24:16.536,0.89193,0.89205,1.50,1.50
2011.04.14 17:24:17.533,0.89193,0.89207,1.50,2.25
2011.04.14 17:24:18.084,0.89193,0.89207,1.50,1.50
2011.04.14 17:24:19.725,0.8919,0.89206,1.50,2.25
2011.04.14 17:24:19.958,0.89189,0.89206,2.25,2.25
2011.04.14 17:24:20.515,0.89189,0.89205,1.50,1.50
2011.04.14 17:24:21.073,0.89189,0.89205,1.50,1.50
2011.04.14 17:24:21.736,0.89189,0.89203,1.50,1.50
2011.04.14 17:24:21.966,0.89186,0.892,1.50,1.50
2011.04.14 17:24:22.084,0.89186,0.892,1.50,1.50
2011.04.14 17:24:22.523,0.89185,0.892,1.50,1.50
2011.04.14 17:24:23.076,0.89182,0.89199,2.25,2.25
2011.04.14 17:24:23.305,0.89182,0.89198,3.00,1.50
2011.04.14 17:24:23.863,0.89183,0.89199,1.50,1.50
2011.04.14 17:24:24.412,0.89182,0.89202,2.25,2.85
2011.04.14 17:24:26.854,0.89182,0.89199,1.50,1.50
2011.04.14 17:24:27.403,0.89179,0.89197,2.25,1.50
2011.04.14 17:24:27.733,0.89179,0.89197,2.25,1.50
2011.04.14 17:24:28.394,0.89179,0.89197,2.25,1.50
2011.04.14 17:24:32.509,0.89179,0.89199,1.50,2.25
2011.04.14 17:24:32.843,0.89179,0.89199,1.50,2.25
2011.04.14 17:24:34.823,0.8918,0.89196,1.50,1.50
2011.04.14 17:24:37.924,0.8918,0.89199,1.50,2.25
2011.04.14 17:24:38.252,0.8918,0.89199,1.50,2.25
2011.04.14 17:24:39.692,0.89183,0.89199,1.50,1.50
2011.04.14 17:24:39.803,0.89183,0.89199,1.50,1.50
2011.04.14 17:24:40.242,0.89183,0.89199,1.50,1.50
2011.04.14 17:24:42.473,0.89183,0.89199,1.50,1.50
2011.04.14 17:24:43.134,0.89183,0.89199,1.50,1.50
2011.04.14 17:24:44.012,0.89183,0.89199,1.50,1.50
2011.04.14 17:24:52.225,0.89183,0.89199,1.50,3.00
2011.04.14 17:24:52.344,0.89183,0.89199,1.50,3.00
2011.04.14 17:25:05.455,0.89182,0.89198,1.35,1.50
2011.04.14 17:25:08.393,0.89182,0.89199,1.35,2.25
2011.04.14 17:25:09.798,0.89182,0.892,2.10,1.50
2011.04.14 17:25:10.363,0.89182,0.892,2.10,1.50
2011.04.14 17:25:12.123,0.89182,0.892,1.35,1.50
2011.04.14 17:25:15.753,0.89181,0.89199,1.50,1.50
2011.04.14 17:25:19.712,0.89181,0.89199,1.50,2.25
2011.04.14 17:25:20.424,0.89181,0.89199,1.50,2.25
2011.04.14 17:25:20.937,0.89181,0.89199,1.50,2.25
2011.04.14 17:25:21.492,0.89181,0.89198,1.50,1.50
2011.04.14 17:25:21.932,0.89182,0.89198,1.50,1.50
2011.04.14 17:25:23.142,0.89181,0.89198,2.25,1.50
2011.04.14 17:25:26.024,0.89181,0.89199,2.25,1.50
2011.04.14 17:25:26.574,0.89181,0.89199,2.25,1.50
2011.04.14 17:25:26.683,0.89181,0.89199,2.25,1.50
2011.04.14 17:25:31.723,0.89182,0.89199,2.25,1.50
2011.04.14 17:25:34.152,0.89182,0.89199,2.25,1.50
2011.04.14 17:25:34.482,0.89182,0.89199,2.25,1.50
2011.04.14 17:25:35.934,0.89182,0.89199,2.25,1.50
2011.04.14 17:25:36.703,0.89181,0.89199,2.25,2.25
2011.04.14 17:25:38.945,0.89181,0.89199,2.25,2.25
2011.04.14 17:25:42.815,0.8918,0.89199,1.50,1.50
2011.04.14 17:25:43.420,0.8918,0.89197,1.50,1.50
2011.04.14 17:25:43.539,0.89179,0.89196,2.25,1.50
2011.04.14 17:25:43.873,0.89179,0.89196,1.50,1.50
2011.04.14 17:25:43.983,0.89179,0.89196,1.50,1.50
2011.04.14 17:25:44.208,0.89178,0.89194,1.50,1.50
2011.04.14 17:25:44.327,0.89176,0.89193,1.50,1.50
2011.04.14 17:25:46.092,0.89176,0.89194,1.50,1.50
2011.04.14 17:25:48.218,0.89175,0.89192,1.50,1.50
2011.04.14 17:25:48.336,0.89174,0.89192,1.50,3.00
2011.04.14 17:25:48.668,0.89173,0.89192,2.25,3.00
2011.04.14 17:25:49.018,0.89169,0.89186,1.50,1.50
2011.04.14 17:25:49.573,0.89168,0.89186,1.50,1.50
2011.04.14 17:25:50.123,0.89169,0.89186,1.50,1.50
2011.04.14 17:25:50.672,0.89169,0.89186,1.50,1.50
2011.04.14 17:25:50.783,0.89169,0.89186,1.50,1.50
2011.04.14 17:25:51.333,0.89169,0.89186,1.50,2.25
2011.04.14 17:25:51.883,0.89169,0.89185,1.50,1.50
2011.04.14 17:25:52.462,0.89169,0.89185,1.50,1.50
2011.04.14 17:25:53.296,0.89169,0.89186,2.25,1.50
2011.04.14 17:25:54.743,0.89169,0.89186,2.25,2.40
2011.04.14 17:25:55.846,0.89169,0.89185,2.25,1.50
2011.04.14 17:25:56.542,0.89169,0.89186,2.25,2.25
2011.04.14 17:25:59.012,0.89169,0.89185,2.25,1.50
2011.04.14 17:25:59.552,0.89169,0.89185,2.25,1.50
2011.04.14 17:26:00.234,0.89169,0.89185,2.25,1.50
2011.04.14 17:26:00.892,0.89169,0.89185,2.25,1.50
2011.04.14 17:26:01.443,0.89169,0.89185,2.25,1.50
2011.04.14 17:26:01.776,0.89169,0.89185,1.50,1.50
2011.04.14 17:26:03.772,0.89169,0.89185,1.50,1.50
2011.04.14 17:26:04.322,0.89169,0.89185,1.50,1.50
2011.04.14 17:26:05.293,0.89169,0.89185,1.50,1.50
2011.04.14 17:26:05.844,0.89169,0.89185,1.50,1.50
2011.04.14 17:26:07.363,0.89169,0.89185,1.50,1.50
2011.04.14 17:26:25.677,0.89164,0.89181,3.00,2.25
2011.04.14 17:26:25.795,0.89164,0.89179,1.50,1.50
2011.04.14 17:26:26.234,0.89162,0.89178,1.50,1.50
2011.04.14 17:26:26.563,0.89162,0.89177,1.50,1.50
2011.04.14 17:26:26.893,0.89162,0.89177,1.50,1.50
2011.04.14 17:26:27.442,0.89162,0.89177,1.50,1.50
2011.04.14 17:26:34.412,0.89162,0.89177,1.50,1.50
2011.04.14 17:26:55.446,0.89161,0.89177,2.10,1.50
2011.04.14 17:27:02.932,0.89161,0.89178,2.10,1.50
2011.04.14 17:27:04.953,0.89161,0.8918,2.10,2.25
2011.04.14 17:27:27.813,0.8916,0.89179,1.50,1.50
2011.04.14 17:27:28.032,0.89159,0.89179,1.50,3.00
2011.04.14 17:27:28.144,0.89159,0.89179,1.50,3.00
2011.04.14 17:27:28.692,0.89159,0.89178,2.25,1.50
2011.04.14 17:27:29.242,0.89159,0.89178,2.25,1.50
2011.04.14 17:27:31.337,0.89159,0.89178,1.50,1.50
2011.04.14 17:27:32.442,0.8916,0.89179,2.25,1.50
2011.04.14 17:27:35.352,0.8916,0.89178,1.50,1.50
2011.04.14 17:27:35.464,0.8916,0.89178,1.50,1.50
2011.04.14 17:27:36.973,0.8916,0.89178,1.50,1.50
2011.04.14 17:27:39.912,0.8916,0.89178,1.50,3.00
2011.04.14 17:27:40.832,0.8916,0.89178,1.50,3.00
2011.04.14 17:27:43.353,0.8916,0.89178,1.50,2.25
2011.04.14 17:27:57.012,0.8916,0.89178,1.58,2.25
2011.04.14 17:27:58.134,0.8916,0.89177,1.55,1.50
2011.04.14 17:28:02.033,0.8916,0.89177,1.55,1.50
2011.04.14 17:28:02.802,0.8916,0.89177,1.55,1.50
2011.04.14 17:28:03.953,0.8916,0.89177,1.55,1.50
2011.04.14 17:28:04.502,0.8916,0.89177,1.55,1.50
2011.04.14 17:28:10.581,0.8916,0.89178,1.55,3.00
2011.04.14 17:28:11.133,0.8916,0.89178,1.55,2.25
2011.04.14 17:28:12.484,0.89162,0.89178,2.30,2.25
2011.04.14 17:28:22.495,0.89162,0.89178,1.55,3.00
2011.04.14 17:28:23.046,0.89161,0.89176,1.55,1.50
2011.04.14 17:28:23.602,0.89161,0.89176,1.55,1.50
2011.04.14 17:28:28.663,0.89161,0.89176,1.55,1.50
2011.04.14 17:28:29.334,0.89161,0.89177,1.55,1.50
2011.04.14 17:28:29.805,0.89161,0.89175,1.55,1.50
2011.04.14 17:28:30.143,0.89161,0.89177,1.50,1.50
2011.04.14 17:28:30.673,0.89161,0.89176,1.50,1.50
2011.04.14 17:28:33.302,0.89161,0.89176,1.50,1.50
2011.04.14 17:28:51.769,0.89162,0.89177,1.50,1.50
2011.04.14 17:28:52.324,0.89162,0.89178,3.00,1.50
2011.04.14 17:28:52.653,0.89163,0.89179,2.25,1.50
2011.04.14 17:28:55.353,0.89163,0.89179,1.50,1.50
2011.04.14 17:28:56.013,0.89162,0.89178,2.25,1.50
2011.04.14 17:28:56.593,0.89162,0.89178,2.25,1.50
2011.04.14 17:28:57.142,0.89162,0.8918,2.25,3.00
2011.04.14 17:29:05.192,0.89162,0.8918,2.25,3.00
2011.04.14 17:29:05.652,0.89162,0.8918,2.25,3.00
2011.04.14 17:29:12.662,0.89162,0.89178,2.25,1.50
2011.04.14 17:29:15.872,0.89162,0.89178,2.25,1.50
2011.04.14 17:29:16.582,0.89162,0.89178,2.25,1.50
2011.04.14 17:29:19.385,0.89162,0.89179,2.25,2.25
2011.04.14 17:29:21.355,0.89162,0.89179,2.25,2.25
2011.04.14 17:29:21.904,0.89162,0.89179,2.25,2.25
2011.04.14 17:29:22.442,0.89162,0.89179,2.25,2.25
2011.04.14 17:29:25.373,0.89162,0.89179,2.25,1.50
2011.04.14 17:29:26.413,0.89161,0.89178,1.50,1.50
2011.04.14 17:29:51.843,0.89162,0.89178,1.50,1.50
2011.04.14 17:29:59.833,0.89162,0.89177,1.50,1.50
2011.04.14 17:30:04.044,0.89161,0.89177,2.25,1.50
2011.04.14 17:30:04.483,0.89161,0.89177,1.50,1.50
2011.04.14 17:30:06.044,0.89161,0.89177,1.50,1.50
2011.04.14 17:30:06.263,0.89161,0.89177,1.50,1.50
2011.04.14 17:30:15.606,0.89162,0.89178,1.50,1.50
2011.04.14 17:30:16.153,0.89163,0.89179,1.50,1.50
2011.04.14 17:30:17.613,0.89163,0.89179,1.50,1.50
2011.04.14 17:30:28.754,0.89163,0.89179,1.50,1.50
2011.04.14 17:30:33.972,0.89165,0.89181,1.50,3.00
2011.04.14 17:30:34.792,0.89165,0.89181,1.50,1.50
2011.04.14 17:30:46.266,0.89165,0.89182,2.25,1.50
2011.04.14 17:30:46.604,0.89169,0.89188,1.50,1.50
2011.04.14 17:30:46.940,0.89172,0.89188,1.58,1.50
2011.04.14 17:30:47.058,0.89174,0.89192,2.33,1.07
2011.04.14 17:30:47.397,0.89176,0.89192,1.50,1.07
2011.04.14 17:30:47.514,0.89177,0.89195,1.50,1.50
2011.04.14 17:30:50.683,0.89178,0.89197,1.50,2.25
2011.04.14 17:30:52.002,0.89178,0.89197,1.50,2.25
2011.04.14 17:30:52.112,0.89178,0.89197,1.50,2.25
2011.04.14 17:30:52.882,0.89178,0.89197,1.50,2.25
2011.04.14 17:30:53.543,0.89178,0.89197,2.25,1.50
2011.04.14 17:30:54.093,0.89178,0.89197,2.25,1.88
2011.04.14 17:30:57.072,0.89178,0.89197,1.50,1.88
2011.04.14 17:30:57.623,0.89177,0.89196,2.25,1.13
2011.04.14 17:30:57.954,0.89177,0.89194,2.25,1.50
2011.04.14 17:31:04.574,0.89178,0.89192,1.50,1.50
2011.04.14 17:31:05.122,0.89178,0.89193,1.50,2.25
2011.04.14 17:31:06.244,0.89178,0.89193,1.50,1.50
2011.04.14 17:31:06.794,0.89178,0.89193,1.50,2.25
2011.04.14 17:31:08.685,0.89179,0.89194,2.10,1.50
2011.04.14 17:31:09.234,0.8918,0.89196,2.25,1.50
2011.04.14 17:31:10.223,0.8918,0.89196,1.50,1.50
2011.04.14 17:31:11.433,0.89179,0.89196,1.35,1.50
2011.04.14 17:31:11.983,0.89179,0.89196,1.35,1.50
2011.04.14 17:31:15.893,0.89179,0.89196,1.35,1.50
2011.04.14 17:31:16.444,0.89179,0.89196,1.35,2.25
2011.04.14 17:31:20.863,0.89179,0.89196,1.35,1.50
2011.04.14 17:31:21.533,0.89179,0.89196,1.35,1.50
2011.04.14 17:31:21.784,0.89179,0.89196,1.35,1.50
2011.04.14 17:31:22.335,0.89179,0.89196,1.35,1.50
2011.04.14 17:31:24.713,0.89179,0.89196,1.35,1.50
2011.04.14 17:31:25.263,0.89179,0.89196,1.35,2.25
2011.04.14 17:31:28.273,0.89179,0.89195,1.35,1.50
2011.04.14 17:31:29.313,0.89179,0.89196,1.35,2.25
2011.04.14 17:31:29.863,0.89179,0.89196,1.35,2.25
2011.04.14 17:31:30.084,0.89178,0.89192,1.50,1.50
2011.04.14 17:31:31.194,0.89178,0.89192,2.25,1.50
2011.04.14 17:31:37.353,0.89178,0.89192,1.50,1.50
2011.04.14 17:31:37.689,0.89178,0.89193,1.50,1.50
2011.04.14 17:31:37.919,0.89182,0.89193,1.50,1.50
2011.04.14 17:31:38.145,0.89184,0.89193,1.13,1.50
2011.04.14 17:31:38.368,0.89185,0.89196,1.50,1.50
2011.04.14 17:31:38.596,0.89187,0.89197,1.50,1.50
2011.04.14 17:31:38.719,0.89191,0.89205,1.60,1.50
2011.04.14 17:31:38.839,0.89193,0.89209,1.55,2.25
2011.04.14 17:31:39.067,0.89191,0.89207,1.50,1.50
2011.04.14 17:31:39.186,0.89191,0.89208,1.50,3.00
2011.04.14 17:31:39.294,0.89191,0.89209,2.25,2.25
2011.04.14 17:31:39.706,0.8919,0.89208,1.50,1.50
2011.04.14 17:31:44.034,0.89189,0.89208,1.50,2.25
2011.04.14 17:31:57.353,0.89188,0.89206,1.50,1.50
2011.04.14 17:31:58.794,0.89188,0.89205,1.50,1.50
2011.04.14 17:32:02.453,0.89188,0.89205,1.50,2.25
2011.04.14 17:32:02.785,0.89186,0.89202,1.50,3.00
2011.04.14 17:32:02.894,0.89184,0.89202,2.25,4.50
2011.04.14 17:32:03.004,0.89184,0.89202,1.50,4.50
2011.04.14 17:32:03.333,0.89184,0.89202,1.50,2.25
2011.04.14 17:32:03.993,0.89184,0.89202,1.50,2.25
2011.04.14 17:32:09.654,0.89185,0.89203,1.50,2.25
2011.04.14 17:32:09.984,0.89185,0.89204,2.25,1.50
2011.04.14 17:32:10.093,0.89186,0.89204,1.50,1.50
2011.04.14 17:32:10.424,0.89185,0.89204,3.00,1.50
2011.04.14 17:32:14.246,0.89185,0.89199,1.50,1.50
2011.04.14 17:32:14.479,0.89182,0.89197,1.50,1.50
2011.04.14 17:32:15.034,0.89181,0.89198,3.00,1.50
2011.04.14 17:32:15.584,0.89181,0.89197,2.25,1.50
2011.04.14 17:32:18.126,0.8918,0.89197,2.25,1.50
2011.04.14 17:32:20.804,0.89179,0.89195,2.25,1.50
2011.04.14 17:32:21.353,0.89179,0.89194,2.25,1.50
2011.04.14 17:32:22.248,0.89177,0.89193,2.25,1.50
2011.04.14 17:32:22.586,0.89173,0.89191,1.50,1.50
2011.04.14 17:32:23.025,0.89172,0.8919,1.50,1.50
2011.04.14 17:32:23.135,0.89172,0.89189,2.25,1.50
2011.04.14 17:32:23.574,0.89172,0.8919,1.50,1.50
2011.04.14 17:32:24.124,0.89173,0.89191,1.50,1.50
2011.04.14 17:32:24.673,0.89173,0.89191,2.25,1.50
2011.04.14 17:32:25.195,0.89173,0.89191,1.50,1.50
2011.04.14 17:32:29.234,0.89173,0.89191,3.00,1.50
2011.04.14 17:32:30.005,0.89173,0.89191,3.00,1.50
2011.04.14 17:32:30.116,0.89173,0.89191,3.75,1.50
2011.04.14 17:32:30.663,0.89176,0.89193,1.50,1.50
2011.04.14 17:32:31.214,0.89176,0.89193,1.50,1.50
2011.04.14 17:32:31.985,0.89177,0.89196,1.50,1.50
2011.04.14 17:32:32.205,0.89177,0.89196,1.50,1.50
2011.04.14 17:32:47.524,0.89177,0.89196,2.25,1.50
2011.04.14 17:32:48.073,0.89176,0.89193,1.50,1.50
2011.04.14 17:32:50.324,0.89176,0.89193,1.50,1.50
2011.04.14 17:32:53.296,0.89175,0.89193,1.50,1.50
2011.04.14 17:32:58.163,0.89176,0.89193,1.50,1.50
2011.04.14 17:32:58.673,0.89176,0.89193,1.50,1.50
2011.04.14 17:33:01.974,0.89176,0.89193,1.50,1.50
2011.04.14 17:33:02.525,0.89177,0.89196,1.50,1.50
2011.04.14 17:33:03.074,0.89176,0.89195,2.25,1.50
2011.04.14 17:33:03.184,0.89176,0.89194,1.50,1.50
2011.04.14 17:33:03.928,0.89174,0.89194,3.60,2.25
2011.04.14 17:33:04.484,0.89175,0.89194,3.00,1.50
2011.04.14 17:33:07.694,0.89176,0.89194,1.50,1.50
2011.04.14 17:33:11.994,0.89176,0.89194,1.50,1.50
2011.04.14 17:33:12.326,0.89177,0.89196,1.50,2.63
2011.04.14 17:33:12.773,0.89178,0.89196,1.50,1.88
2011.04.14 17:33:13.311,0.89178,0.89196,1.50,1.88
2011.04.14 17:33:13.864,0.89176,0.89194,2.25,1.50
2011.04.14 17:33:14.525,0.89176,0.89194,3.00,1.50
2011.04.14 17:33:16.284,0.89176,0.89194,2.25,1.50
2011.04.14 17:33:16.996,0.89177,0.89194,1.50,1.50
2011.04.14 17:33:17.553,0.89177,0.89196,2.25,1.50
2011.04.14 17:33:27.773,0.89177,0.89196,2.25,1.50
2011.04.14 17:33:28.656,0.89179,0.89197,1.50,1.50
2011.04.14 17:33:28.766,0.89179,0.89198,1.50,2.63
2011.04.14 17:33:31.352,0.89179,0.89198,1.50,3.38
2011.04.14 17:33:31.903,0.89179,0.89198,1.50,3.38
2011.04.14 17:33:32.443,0.89179,0.89198,1.50,2.63
2011.04.14 17:33:32.662,0.89179,0.89198,1.50,3.38
2011.04.14 17:33:40.986,0.89179,0.89198,2.25,3.38
2011.04.14 17:33:41.533,0.89179,0.89198,2.25,1.88
2011.04.14 17:33:58.642,0.89179,0.89198,2.25,2.63
2011.04.14 17:34:02.203,0.89179,0.89198,2.25,1.88
2011.04.14 17:34:02.752,0.8918,0.89197,2.25,1.35
2011.04.14 17:34:03.855,0.89179,0.89197,2.25,1.35
2011.04.14 17:34:04.075,0.89179,0.89197,1.50,1.35
2011.04.14 17:34:10.295,0.89179,0.89197,2.25,1.35
2011.04.14 17:34:16.304,0.89179,0.89197,1.50,1.35
2011.04.14 17:34:16.854,0.89179,0.89197,1.50,2.10
2011.04.14 17:34:17.402,0.89177,0.89196,2.25,1.50
2011.04.14 17:34:17.955,0.89178,0.89196,1.50,1.50
2011.04.14 17:34:18.614,0.89179,0.89197,1.50,2.85
2011.04.14 17:34:19.163,0.89178,0.89196,1.50,3.38
2011.04.14 17:34:19.274,0.89178,0.89195,1.50,2.25
2011.04.14 17:34:46.506,0.89175,0.89194,2.25,1.50
2011.04.14 17:34:46.946,0.89172,0.89191,3.00,1.50
2011.04.14 17:34:47.724,0.89174,0.89192,1.50,1.50
2011.04.14 17:34:48.313,0.89174,0.89192,1.50,3.00
2011.04.14 17:34:48.864,0.89174,0.89192,1.50,1.50
2011.04.14 17:34:49.573,0.89174,0.89192,1.50,1.50
2011.04.14 17:34:49.916,0.89174,0.89192,1.50,4.50
2011.04.14 17:34:51.686,0.89173,0.89191,1.50,2.25
2011.04.14 17:34:52.235,0.89172,0.89189,2.25,1.50
2011.04.14 17:34:52.457,0.89169,0.89186,2.25,1.50
2011.04.14 17:34:52.576,0.89169,0.89185,1.50,1.35
2011.04.14 17:34:53.123,0.89169,0.89185,1.50,1.35
2011.04.14 17:35:14.648,0.89167,0.89185,1.50,1.35
2011.04.14 17:35:15.204,0.89166,0.89185,2.25,2.10
2011.04.14 17:35:15.754,0.89167,0.89179,1.50,1.50
2011.04.14 17:35:15.975,0.89165,0.89184,2.25,2.25
2011.04.14 17:35:16.633,0.89166,0.89184,1.50,1.50
2011.04.14 17:35:20.183,0.89166,0.89184,2.25,1.50
2011.04.14 17:35:22.153,0.89167,0.89184,1.50,1.50
2011.04.14 17:35:27.163,0.89167,0.89184,2.25,1.50
2011.04.14 17:35:49.529,0.89166,0.89184,2.25,2.25
2011.04.14 17:35:58.131,0.89166,0.89184,3.00,1.50
2011.04.14 17:35:59.343,0.89166,0.89184,2.25,1.50
2011.04.14 17:36:00.324,0.89166,0.89184,2.25,1.50
2011.04.14 17:36:01.761,0.89166,0.89184,2.25,1.50
2011.04.14 17:36:02.333,0.89166,0.89184,2.25,1.50
2011.04.14 17:36:05.715,0.89166,0.89184,3.00,1.50
2011.04.14 17:36:07.725,0.89166,0.89184,3.00,1.50
2011.04.14 17:36:08.935,0.89166,0.89184,1.50,1.50
2011.04.14 17:36:09.484,0.89166,0.89184,1.50,1.50
2011.04.14 17:36:34.204,0.89166,0.89184,3.00,1.50
2011.04.14 17:36:35.003,0.89166,0.89184,2.25,1.50
2011.04.14 17:36:35.333,0.89166,0.89184,3.00,1.50
2011.04.14 17:36:36.475,0.89166,0.89182,1.50,1.50
2011.04.14 17:36:36.584,0.89166,0.89183,3.00,1.50
2011.04.14 17:36:37.476,0.89167,0.89184,1.50,1.50
2011.04.14 17:36:38.463,0.89166,0.89184,2.25,1.50
2011.04.14 17:36:38.574,0.89166,0.89184,3.00,1.50
2011.04.14 17:36:39.614,0.89166,0.89184,1.50,1.50
2011.04.14 17:36:39.832,0.89166,0.89184,2.25,1.50
2011.04.14 17:36:41.315,0.89166,0.89184,2.25,1.50
2011.04.14 17:36:42.763,0.89166,0.89183,3.00,1.50
2011.04.14 17:36:43.313,0.89167,0.89184,1.50,2.25
2011.04.14 17:36:47.434,0.89167,0.89184,2.25,1.50
2011.04.14 17:36:49.784,0.89164,0.89183,3.00,1.50
2011.04.14 17:36:50.004,0.89166,0.89183,1.50,2.25
2011.04.14 17:36:50.553,0.89166,0.89183,2.25,1.50
2011.04.14 17:36:50.884,0.89164,0.89183,3.00,1.50
2011.04.14 17:36:55.344,0.89166,0.89183,1.50,1.50
2011.04.14 17:36:57.273,0.89168,0.89185,1.50,1.50
2011.04.14 17:36:57.823,0.89168,0.89184,1.50,1.50
2011.04.14 17:36:58.263,0.89168,0.89187,1.50,2.63
2011.04.14 17:36:59.084,0.89167,0.89185,2.25,1.50
2011.04.14 17:37:02.324,0.89167,0.89185,3.00,1.50
2011.04.14 17:37:02.437,0.89173,0.89185,1.50,1.50
2011.04.14 17:37:02.558,0.89175,0.89188,1.50,1.88
2011.04.14 17:37:02.677,0.89175,0.89191,1.50,2.25
2011.04.14 17:37:03.017,0.89177,0.89192,1.35,1.50
2011.04.14 17:37:03.358,0.89179,0.89196,3.00,2.25
2011.04.14 17:37:03.805,0.89179,0.89197,1.50,1.50
2011.04.14 17:37:04.027,0.8918,0.89199,3.00,1.50
2011.04.14 17:37:04.364,0.89182,0.89201,2.25,1.50
2011.04.14 17:37:04.916,0.89182,0.89201,2.25,1.50
2011.04.14 17:37:08.286,0.89183,0.89201,2.25,1.50
2011.04.14 17:37:08.834,0.89185,0.89204,1.50,3.60
2011.04.14 17:37:09.495,0.89185,0.89204,1.50,3.60
2011.04.14 17:37:13.014,0.89184,0.89204,3.15,3.60
2011.04.14 17:37:14.790,0.89185,0.89204,1.50,3.60
2011.04.14 17:37:15.353,0.89184,0.89204,2.40,3.60
2011.04.14 17:37:21.366,0.89187,0.89204,1.50,3.00
2011.04.14 17:37:21.694,0.89189,0.89205,1.35,1.50
2011.04.14 17:37:22.244,0.89189,0.89205,1.35,1.50
2011.04.14 17:37:22.793,0.89189,0.89205,1.35,1.50
2011.04.14 17:37:23.396,0.89192,0.89208,1.50,1.50
2011.04.14 17:37:23.505,0.89192,0.8921,1.50,1.50
2011.04.14 17:37:23.726,0.89192,0.89212,1.50,1.50
2011.04.14 17:37:24.275,0.89194,0.89212,1.50,1.50
2011.04.14 17:37:25.064,0.89194,0.89212,1.50,1.50
2011.04.14 17:37:26.416,0.89194,0.89212,1.50,1.50
2011.04.14 17:37:26.746,0.89204,0.89216,1.50,1.50
2011.04.14 17:37:26.855,0.89203,0.89222,2.10,2.63
2011.04.14 17:37:27.294,0.89203,0.89222,2.10,2.63
2011.04.14 17:37:27.845,0.89203,0.89222,2.10,2.63
2011.04.14 17:37:32.986,0.89203,0.89221,2.10,1.50
2011.04.14 17:37:33.217,0.89205,0.89224,2.25,1.50
2011.04.14 17:37:33.732,0.89205,0.89224,1.88,1.50
2011.04.14 17:37:34.075,0.89205,0.89224,1.88,1.50
2011.04.14 17:37:34.624,0.89207,0.89224,1.50,1.50
2011.04.14 17:37:35.515,0.89207,0.89225,1.50,2.63
2011.04.14 17:37:35.844,0.89207,0.89225,1.50,2.63
2011.04.14 17:37:36.285,0.89207,0.89225,1.50,2.63
2011.04.14 17:37:41.324,0.89207,0.89225,1.50,2.63
2011.04.14 17:37:41.875,0.89207,0.89225,1.50,2.63
2011.04.14 17:37:45.394,0.89207,0.89225,1.50,2.63
2011.04.14 17:37:46.157,0.89207,0.89225,1.50,2.63
2011.04.14 17:37:46.276,0.89207,0.89225,1.50,2.63
2011.04.14 17:37:46.823,0.89207,0.89225,1.50,2.63
2011.04.14 17:37:47.703,0.89207,0.89225,1.50,2.63
2011.04.14 17:37:48.725,0.89207,0.89223,1.50,1.50
2011.04.14 17:37:55.538,0.89207,0.89222,1.50,1.50
2011.04.14 17:37:55.874,0.89205,0.89222,2.25,1.50
2011.04.14 17:37:55.984,0.89205,0.89222,2.25,1.50
2011.04.14 17:37:56.313,0.89205,0.89222,2.25,1.50
2011.04.14 17:37:56.885,0.89205,0.89222,2.25,1.50
2011.04.14 17:38:02.284,0.89205,0.89222,2.25,1.50
2011.04.14 17:38:02.871,0.89205,0.89223,2.25,1.50
2011.04.14 17:38:04.454,0.89205,0.89223,2.25,1.50
2011.04.14 17:38:05.003,0.89205,0.89223,2.25,1.50
2011.04.14 17:38:05.554,0.89205,0.89223,2.25,1.50
2011.04.14 17:38:11.837,0.89209,0.89223,2.63,1.50
2011.04.14 17:38:11.957,0.89216,0.89229,1.50,1.50
2011.04.14 17:38:12.079,0.89216,0.89231,1.50,2.25
2011.04.14 17:38:12.199,0.89215,0.89232,2.25,1.50
2011.04.14 17:38:12.754,0.89216,0.89232,1.50,1.50
2011.04.14 17:38:14.074,0.89216,0.89232,1.50,1.50
2011.04.14 17:38:14.623,0.89216,0.89232,1.50,2.25
2011.04.14 17:38:15.393,0.89216,0.89232,1.50,2.25
2011.04.14 17:38:16.403,0.89216,0.89232,1.50,2.25
2011.04.14 17:38:16.954,0.89217,0.89235,1.50,4.13
2011.04.14 17:38:17.556,0.89217,0.89235,1.50,4.13
2011.04.14 17:38:21.883,0.89217,0.89234,1.50,1.50
2011.04.14 17:38:22.243,0.89217,0.89234,1.50,1.50
2011.04.14 17:38:22.850,0.89217,0.89234,1.50,1.50
2011.04.14 17:38:23.730,0.89217,0.89234,1.50,1.50
2011.04.14 17:38:24.285,0.89217,0.89234,1.50,1.50
2011.04.14 17:38:24.944,0.89217,0.89234,1.50,1.50
2011.04.14 17:38:25.453,0.89217,0.89234,1.50,1.50
2011.04.14 17:38:26.564,0.89217,0.89234,1.50,1.50
2011.04.14 17:38:26.991,0.89219,0.89234,1.50,1.50
2011.04.14 17:38:27.337,0.89224,0.89239,1.65,1.50
2011.04.14 17:38:27.565,0.89226,0.8924,1.50,1.50
2011.04.14 17:38:28.114,0.89228,0.89244,1.50,1.50
2011.04.14 17:38:28.224,0.89228,0.89244,1.50,1.50
2011.04.14 17:38:36.264,0.89228,0.89245,1.50,1.50
2011.04.14 17:38:37.452,0.89228,0.89246,1.50,1.13
2011.04.14 17:38:37.785,0.89228,0.89246,1.50,1.13
2011.04.14 17:38:38.374,0.89228,0.89246,1.50,1.88
2011.04.14 17:38:38.924,0.89228,0.89246,1.50,1.88
2011.04.14 17:38:39.474,0.89228,0.89246,1.50,1.88
2011.04.14 17:38:40.286,0.89228,0.89246,1.50,1.88
2011.04.14 17:38:40.837,0.89228,0.89241,1.50,1.50
2011.04.14 17:38:41.067,0.89225,0.89241,1.50,4.13
2011.04.14 17:38:41.285,0.89223,0.89238,1.50,1.50
2011.04.14 17:38:41.836,0.89221,0.89237,1.50,1.35
2011.04.14 17:38:42.067,0.89219,0.89237,1.50,2.10
2011.04.14 17:38:42.298,0.89218,0.89234,1.50,1.50
2011.04.14 17:38:42.529,0.89216,0.89232,1.50,1.50
