2014.10.28 03:00:08.080,0.94879,0.94891,1.57,1.10
2014.10.28 03:00:08.612,0.94879,0.94891,1.57,1.27
2014.10.28 03:00:10.081,0.94879,0.94891,1.00,2.21
2014.10.28 03:00:17.494,0.94879,0.94891,1.10,2.14
2014.10.28 03:00:18.017,0.94879,0.9489,1.10,1.62
2014.10.28 03:00:18.567,0.94879,0.9489,1.10,1.31
2014.10.28 03:00:19.091,0.94879,0.9489,1.10,1.37
2014.10.28 03:00:22.489,0.94879,0.9489,1.10,1.37
2014.10.28 03:00:25.319,0.94879,0.9489,1.10,1.12
2014.10.28 03:00:25.537,0.94879,0.9489,1.10,1.37
2014.10.28 03:00:47.965,0.94879,0.94889,1.00,1.20
2014.10.28 03:00:48.498,0.94879,0.94889,1.00,1.47
2014.10.28 03:00:48.664,0.94877,0.94889,1.10,1.47
2014.10.28 03:00:49.215,0.94877,0.94889,1.10,1.20
2014.10.28 03:00:49.874,0.94877,0.94889,1.10,1.47
2014.10.28 03:00:55.328,0.94877,0.94889,1.10,1.47
2014.10.28 03:00:56.993,0.94877,0.94889,1.10,1.10
2014.10.28 03:00:58.619,0.94877,0.94889,1.10,1.47
2014.10.28 03:00:59.844,0.94877,0.94889,1.10,1.20
2014.10.28 03:01:00.514,0.94877,0.94889,1.10,1.47
2014.10.28 03:01:01.642,0.94877,0.94889,1.00,4.27
2014.10.28 03:01:01.946,0.94874,0.94883,1.00,1.00
2014.10.28 03:01:02.250,0.94876,0.94886,1.00,1.10
2014.10.28 03:01:02.555,0.94872,0.94883,1.46,1.00
2014.10.28 03:01:02.808,0.94875,0.94886,1.00,1.65
2014.10.28 03:01:03.333,0.94875,0.94886,1.10,1.12
2014.10.28 03:01:04.232,0.94875,0.94887,1.10,1.20
2014.10.28 03:01:04.536,0.94878,0.94888,1.00,3.37
2014.10.28 03:01:26.961,0.94876,0.94888,1.57,1.95
2014.10.28 03:01:27.063,0.94876,0.94887,1.00,2.02
2014.10.28 03:01:27.115,0.94874,0.94885,1.00,2.70
2014.10.28 03:01:27.217,0.94876,0.94886,1.00,1.55
2014.10.28 03:01:27.435,0.94871,0.94883,1.57,1.47
2014.10.28 03:01:27.943,0.94871,0.94883,1.57,1.57
2014.10.28 03:01:34.055,0.94871,0.94883,1.57,1.47
2014.10.28 03:01:34.411,0.94871,0.94882,1.57,1.12
2014.10.28 03:01:34.919,0.94871,0.94883,1.65,1.50
2014.10.28 03:01:35.465,0.94871,0.94883,1.65,1.87
2014.10.28 03:01:36.309,0.94871,0.94883,2.02,1.50
2014.10.28 03:01:36.867,0.94872,0.94883,1.15,1.00
2014.10.28 03:01:36.969,0.94873,0.94885,1.17,3.00
2014.10.28 03:01:45.117,0.94873,0.94885,1.15,1.50
2014.10.28 03:01:45.624,0.94873,0.94885,1.15,1.50
2014.10.28 03:01:48.015,0.94873,0.94885,1.15,1.50
2014.10.28 03:01:48.529,0.94873,0.94885,1.15,1.00
2014.10.28 03:01:51.394,0.94873,0.94885,1.40,1.00
2014.10.28 03:02:00.241,0.94876,0.94888,1.17,1.50
2014.10.28 03:02:03.733,0.94876,0.94888,1.10,1.07
2014.10.28 03:02:04.088,0.94872,0.94883,1.84,1.00
2014.10.28 03:02:05.606,0.94872,0.94883,1.40,1.00
2014.10.28 03:02:06.147,0.94872,0.94883,1.20,1.00
2014.10.28 03:02:06.401,0.94872,0.94882,1.10,1.37
2014.10.28 03:02:06.758,0.9487,0.9488,1.00,1.01
2014.10.28 03:02:06.809,0.9487,0.9488,1.00,1.40
2014.10.28 03:02:06.861,0.94866,0.94878,1.00,1.15
2014.10.28 03:02:06.962,0.94863,0.94876,1.84,1.10
2014.10.28 03:02:07.216,0.94863,0.94876,1.40,2.25
2014.10.28 03:02:07.408,0.94868,0.94878,1.00,1.00
2014.10.28 03:02:07.780,0.94868,0.9488,1.17,1.50
2014.10.28 03:02:08.338,0.94868,0.9488,1.10,1.10
2014.10.28 03:02:08.848,0.94868,0.9488,1.10,1.47
2014.10.28 03:02:09.704,0.94868,0.9488,1.20,1.10
2014.10.28 03:02:10.212,0.94868,0.94881,1.65,1.10
2014.10.28 03:02:22.330,0.94868,0.94881,1.65,1.47
2014.10.28 03:02:22.854,0.94868,0.94881,1.65,1.95
2014.10.28 03:02:27.142,0.94868,0.94881,1.65,1.95
2014.10.28 03:02:27.447,0.94865,0.94878,1.57,1.55
2014.10.28 03:02:27.752,0.94862,0.94873,1.39,1.00
2014.10.28 03:02:38.004,0.94862,0.94873,1.10,1.00
2014.10.28 03:02:45.706,0.94862,0.94873,1.15,1.00
2014.10.28 03:02:46.939,0.94862,0.94873,1.17,1.00
2014.10.28 03:02:47.497,0.94862,0.94873,1.15,1.00
2014.10.28 03:02:54.577,0.94862,0.94873,1.15,1.37
2014.10.28 03:02:55.086,0.94862,0.94873,1.15,1.00
2014.10.28 03:03:13.001,0.94862,0.94873,1.17,1.00
2014.10.28 03:03:16.405,0.94862,0.94873,1.15,1.00
2014.10.28 03:03:16.925,0.94862,0.94873,1.17,1.00
2014.10.28 03:03:27.770,0.94859,0.94875,1.34,1.47
2014.10.28 03:03:31.058,0.94859,0.94875,1.46,1.20
2014.10.28 03:03:39.192,0.94859,0.94875,1.46,1.47
2014.10.28 03:03:40.192,0.94859,0.94875,1.34,1.20
2014.10.28 03:03:41.582,0.94859,0.94875,1.34,1.27
2014.10.28 03:03:41.633,0.94859,0.94875,1.34,1.52
2014.10.28 03:03:42.560,0.94859,0.9487,1.40,1.00
2014.10.28 03:03:44.142,0.94859,0.9487,1.17,1.00
2014.10.28 03:03:44.649,0.94859,0.9487,1.10,1.00
2014.10.28 03:03:47.208,0.94858,0.94869,1.10,1.00
2014.10.28 03:03:47.514,0.94854,0.94865,1.57,1.00
2014.10.28 03:03:48.023,0.94854,0.94865,1.00,1.07
2014.10.28 03:03:49.920,0.94853,0.94865,1.00,1.07
2014.10.28 03:03:52.551,0.94853,0.94865,1.00,1.45
2014.10.28 03:03:52.805,0.94851,0.94863,1.57,1.47
2014.10.28 03:03:53.345,0.94851,0.94863,1.57,2.32
2014.10.28 03:03:54.242,0.94851,0.94862,1.57,1.00
2014.10.28 03:03:55.104,0.94853,0.94862,1.00,1.00
2014.10.28 03:03:55.612,0.94851,0.94863,1.65,1.50
2014.10.28 03:03:56.119,0.94851,0.94863,1.57,1.57
2014.10.28 03:03:56.960,0.94853,0.94863,1.00,1.10
2014.10.28 03:03:59.977,0.94853,0.94863,1.00,1.15
2014.10.28 03:04:00.079,0.9485,0.94863,2.44,1.15
2014.10.28 03:04:00.186,0.94853,0.94863,1.00,1.57
2014.10.28 03:04:00.997,0.94853,0.94863,1.00,1.20
2014.10.28 03:04:01.600,0.94853,0.94863,1.00,1.07
2014.10.28 03:04:02.156,0.94853,0.94863,1.00,1.10
2014.10.28 03:04:02.864,0.94853,0.94863,1.00,1.47
2014.10.28 03:04:04.122,0.94853,0.94863,1.00,1.20
2014.10.28 03:04:04.629,0.94853,0.94863,1.00,1.17
2014.10.28 03:04:09.193,0.94853,0.94863,1.00,1.55
2014.10.28 03:04:09.396,0.94853,0.94862,1.00,1.20
2014.10.28 03:04:09.499,0.94851,0.94862,1.00,1.20
2014.10.28 03:04:09.804,0.94853,0.94862,1.00,1.17
2014.10.28 03:04:11.083,0.94853,0.94863,1.00,1.17
2014.10.28 03:04:12.717,0.94853,0.94863,1.00,1.10
2014.10.28 03:04:13.244,0.94853,0.94863,1.00,1.17
2014.10.28 03:04:13.745,0.94853,0.94863,1.00,1.00
2014.10.28 03:04:16.622,0.94853,0.94863,1.00,1.17
2014.10.28 03:04:20.741,0.94853,0.94863,1.00,1.15
2014.10.28 03:04:20.842,0.94851,0.94862,1.00,1.17
2014.10.28 03:04:20.944,0.94848,0.9486,1.01,1.10
2014.10.28 03:04:20.995,0.94848,0.94859,1.01,1.07
2014.10.28 03:04:21.502,0.94848,0.9486,1.25,3.15
2014.10.28 03:04:23.248,0.94846,0.94856,1.00,1.07
2014.10.28 03:04:23.766,0.94844,0.94856,1.66,1.10
2014.10.28 03:04:24.417,0.94844,0.94856,1.62,1.17
2014.10.28 03:04:25.206,0.94843,0.94856,1.39,1.17
2014.10.28 03:04:27.722,0.94843,0.94856,1.39,1.17
2014.10.28 03:04:28.614,0.94843,0.94856,1.70,1.20
2014.10.28 03:04:31.463,0.94843,0.94856,1.46,1.10
2014.10.28 03:04:32.630,0.94843,0.94856,1.46,1.07
2014.10.28 03:04:33.444,0.94844,0.94856,1.37,1.17
2014.10.28 03:04:33.951,0.94844,0.94856,1.45,1.10
2014.10.28 03:04:34.469,0.94847,0.94858,1.00,1.17
2014.10.28 03:04:39.266,0.94847,0.94858,1.57,1.10
2014.10.28 03:04:39.571,0.94851,0.94861,1.10,1.00
2014.10.28 03:04:40.078,0.94851,0.94863,1.00,1.65
2014.10.28 03:04:42.870,0.94851,0.94863,1.10,1.65
2014.10.28 03:04:51.042,0.94851,0.94863,1.65,1.00
2014.10.28 03:04:53.074,0.94851,0.94863,1.65,1.00
2014.10.28 03:04:54.500,0.94851,0.94863,1.65,1.00
2014.10.28 03:05:09.191,0.94851,0.94863,1.84,1.00
2014.10.28 03:05:10.424,0.94851,0.94863,1.84,1.00
2014.10.28 03:05:10.987,0.94851,0.94863,1.84,1.00
2014.10.28 03:05:12.228,0.94851,0.94863,1.84,1.00
2014.10.28 03:05:12.729,0.94851,0.94863,1.84,1.00
2014.10.28 03:05:17.338,0.94851,0.94863,1.65,1.00
2014.10.28 03:05:32.252,0.94851,0.94863,1.65,1.00
2014.10.28 03:05:36.608,0.94851,0.94863,1.65,1.00
2014.10.28 03:05:39.566,0.94851,0.94865,1.15,1.57
2014.10.28 03:05:41.396,0.94851,0.94865,1.17,1.50
2014.10.28 03:05:45.286,0.94852,0.94866,1.15,1.95
2014.10.28 03:05:50.517,0.9485,0.94867,1.84,2.21
2014.10.28 03:05:51.059,0.9485,0.94867,1.84,2.21
2014.10.28 03:05:51.574,0.9485,0.94867,1.84,2.21
2014.10.28 03:05:52.109,0.9485,0.94867,1.84,2.21
2014.10.28 03:06:02.071,0.9485,0.94867,1.84,2.21
2014.10.28 03:06:02.578,0.9485,0.94867,1.84,2.21
2014.10.28 03:06:06.957,0.94852,0.94866,1.17,1.27
2014.10.28 03:06:33.390,0.94852,0.94865,1.07,1.17
2014.10.28 03:06:33.897,0.94852,0.94865,1.00,1.15
2014.10.28 03:06:44.794,0.94852,0.94865,1.10,1.15
2014.10.28 03:06:45.491,0.94852,0.94865,1.00,1.15
2014.10.28 03:06:46.811,0.94852,0.94865,1.10,1.17
2014.10.28 03:06:47.473,0.94852,0.94865,1.00,1.15
2014.10.28 03:06:55.802,0.94852,0.94865,1.10,1.15
2014.10.28 03:06:59.949,0.94852,0.94865,1.00,1.15
2014.10.28 03:07:00.469,0.94852,0.94865,1.10,1.17
2014.10.28 03:07:02.672,0.94852,0.94865,1.00,1.20
2014.10.28 03:07:02.724,0.94852,0.94865,1.00,1.17
2014.10.28 03:07:03.231,0.94851,0.94865,1.09,1.17
2014.10.28 03:07:03.746,0.94851,0.94865,1.01,1.15
2014.10.28 03:07:04.863,0.94851,0.94865,1.00,2.02
2014.10.28 03:07:07.257,0.94851,0.94865,1.10,2.02
2014.10.28 03:07:08.859,0.94851,0.94865,1.17,1.65
2014.10.28 03:07:11.262,0.94851,0.94865,1.10,1.65
2014.10.28 03:07:11.901,0.94851,0.94865,1.17,1.17
2014.10.28 03:07:12.459,0.94851,0.94865,1.20,1.27
2014.10.28 03:07:21.298,0.94851,0.94865,1.10,1.77
2014.10.28 03:07:21.805,0.94851,0.94865,1.10,2.21
2014.10.28 03:07:22.772,0.94851,0.94865,1.00,2.21
2014.10.28 03:07:23.279,0.94851,0.94863,1.00,1.52
2014.10.28 03:07:27.418,0.94851,0.94863,1.00,1.46
2014.10.28 03:07:27.932,0.94851,0.94865,1.00,2.96
2014.10.28 03:07:28.604,0.94851,0.94865,1.10,2.21
2014.10.28 03:07:29.172,0.94851,0.94865,1.00,2.21
2014.10.28 03:07:30.492,0.94851,0.94865,1.10,2.21
2014.10.28 03:07:31.003,0.94851,0.94865,1.00,2.96
2014.10.28 03:07:31.536,0.94849,0.94865,2.59,2.21
2014.10.28 03:07:31.912,0.94849,0.94865,2.59,2.21
2014.10.28 03:07:32.014,0.94849,0.94865,2.59,2.21
2014.10.28 03:07:32.697,0.94851,0.94865,1.10,2.21
2014.10.28 03:07:35.940,0.94851,0.94865,1.00,2.96
2014.10.28 03:07:36.276,0.94851,0.94865,1.00,2.96
2014.10.28 03:07:43.733,0.94851,0.94865,1.10,2.96
2014.10.28 03:07:48.099,0.94851,0.94865,1.07,2.96
2014.10.28 03:07:48.707,0.94851,0.94865,1.20,2.96
2014.10.28 03:08:03.829,0.94851,0.94865,1.17,2.21
2014.10.28 03:08:17.571,0.94851,0.94867,1.84,1.84
2014.10.28 03:08:18.086,0.94851,0.94867,1.84,1.40
2014.10.28 03:08:18.787,0.94855,0.94867,1.00,1.40
2014.10.28 03:09:11.461,0.94855,0.94867,1.00,1.20
2014.10.28 03:09:13.847,0.94855,0.94867,1.00,1.17
2014.10.28 03:09:14.968,0.94855,0.94867,1.00,1.15
2014.10.28 03:09:15.511,0.94855,0.94867,1.00,1.15
2014.10.28 03:09:16.794,0.94855,0.94867,1.00,1.17
2014.10.28 03:09:17.366,0.94855,0.94867,1.00,1.15
2014.10.28 03:09:18.077,0.94855,0.94867,1.00,1.15
2014.10.28 03:09:18.705,0.94855,0.94867,1.00,1.20
2014.10.28 03:09:18.766,0.94852,0.94867,1.46,1.20
2014.10.28 03:09:19.083,0.94852,0.94867,1.46,1.17
2014.10.28 03:09:19.235,0.94852,0.94867,1.40,2.02
2014.10.28 03:09:19.286,0.94852,0.94867,1.40,2.02
2014.10.28 03:09:19.793,0.94852,0.94867,1.27,1.84
2014.10.28 03:09:31.953,0.94852,0.94867,1.39,1.65
2014.10.28 03:09:32.004,0.94852,0.94867,1.39,1.65
2014.10.28 03:09:50.347,0.94852,0.94867,1.32,1.27
2014.10.28 03:09:50.912,0.94852,0.94867,1.09,1.27
2014.10.28 03:09:55.923,0.94852,0.94867,2.21,1.15
2014.10.28 03:09:56.457,0.94852,0.94867,2.21,1.17
2014.10.28 03:09:56.985,0.94852,0.94867,2.21,1.15
2014.10.28 03:09:59.929,0.94851,0.94867,2.06,1.17
2014.10.28 03:10:00.529,0.94851,0.94867,2.06,1.15
2014.10.28 03:10:05.159,0.94851,0.94867,1.71,1.17
2014.10.28 03:10:05.683,0.94851,0.94867,1.74,1.17
2014.10.28 03:10:06.228,0.94851,0.94867,1.71,1.17
2014.10.28 03:10:07.005,0.9485,0.94863,4.46,1.00
2014.10.28 03:10:07.056,0.9485,0.94863,2.77,1.10
2014.10.28 03:10:07.259,0.94849,0.94861,2.21,1.00
2014.10.28 03:10:09.148,0.94849,0.94861,1.77,1.00
2014.10.28 03:10:09.859,0.94849,0.94861,1.77,1.00
2014.10.28 03:10:12.472,0.94848,0.94861,3.71,1.00
2014.10.28 03:10:13.063,0.94848,0.94861,2.96,1.00
2014.10.28 03:10:14.554,0.94848,0.94861,2.96,1.00
2014.10.28 03:10:15.073,0.94848,0.94861,2.96,1.00
2014.10.28 03:10:16.169,0.94848,0.94861,2.96,1.00
2014.10.28 03:10:16.811,0.94848,0.94861,1.17,1.57
2014.10.28 03:10:16.863,0.94848,0.9486,1.10,1.10
2014.10.28 03:10:17.863,0.94848,0.94858,1.10,1.00
2014.10.28 03:10:21.621,0.94848,0.94858,1.10,1.37
2014.10.28 03:10:22.148,0.94848,0.94858,1.10,1.12
2014.10.28 03:10:22.657,0.94848,0.94857,1.10,1.00
2014.10.28 03:10:23.994,0.94846,0.94857,1.10,1.00
2014.10.28 03:10:24.247,0.94845,0.94855,1.00,1.00
2014.10.28 03:10:24.560,0.94838,0.94851,2.21,1.50
2014.10.28 03:10:29.649,0.94838,0.94851,1.31,1.65
2014.10.28 03:10:37.979,0.94837,0.94848,1.10,1.00
2014.10.28 03:10:38.486,0.94835,0.94848,1.55,1.57
2014.10.28 03:10:38.841,0.94835,0.94847,1.47,1.17
2014.10.28 03:10:40.505,0.94835,0.94847,1.12,1.17
2014.10.28 03:10:41.095,0.94835,0.94847,1.37,1.17
2014.10.28 03:10:44.208,0.94835,0.94847,1.37,1.20
2014.10.28 03:10:44.719,0.94835,0.94847,1.47,1.10
2014.10.28 03:10:46.738,0.94835,0.94847,1.77,1.00
2014.10.28 03:10:48.835,0.94835,0.94847,2.21,1.00
2014.10.28 03:10:49.187,0.94835,0.94847,2.21,1.00
2014.10.28 03:10:49.492,0.94843,0.94851,1.07,1.00
2014.10.28 03:10:49.544,0.94843,0.94854,1.15,1.00
2014.10.28 03:10:49.645,0.94845,0.94857,1.10,1.10
2014.10.28 03:10:53.736,0.94845,0.94857,1.95,1.10
2014.10.28 03:10:54.315,0.94845,0.94858,1.95,2.40
2014.10.28 03:10:59.321,0.94845,0.94858,1.47,2.40
2014.10.28 03:11:03.750,0.94845,0.94858,1.20,3.15
2014.10.28 03:11:12.432,0.94845,0.94858,1.95,1.65
2014.10.28 03:11:16.466,0.94845,0.94858,1.20,2.40
2014.10.28 03:11:30.229,0.94845,0.94858,1.17,1.57
2014.10.28 03:11:38.660,0.94843,0.94855,2.21,1.00
2014.10.28 03:11:40.926,0.94843,0.94855,1.77,1.00
2014.10.28 03:11:45.953,0.94844,0.94855,2.21,1.00
2014.10.28 03:11:51.327,0.94844,0.94855,2.14,1.00
2014.10.28 03:11:51.840,0.94844,0.94855,1.95,1.00
2014.10.28 03:11:54.243,0.94844,0.94855,1.95,1.00
2014.10.28 03:11:59.559,0.94844,0.94855,1.95,1.00
2014.10.28 03:12:05.141,0.94844,0.94854,1.47,1.00
2014.10.28 03:12:05.344,0.94844,0.94853,1.12,1.00
2014.10.28 03:12:10.280,0.94841,0.94853,2.21,1.50
2014.10.28 03:12:10.585,0.94843,0.9485,1.12,1.00
2014.10.28 03:12:16.701,0.94844,0.9485,1.00,1.00
2014.10.28 03:12:17.931,0.94843,0.9485,1.00,1.00
2014.10.28 03:12:18.458,0.94841,0.9485,1.37,1.10
2014.10.28 03:12:20.158,0.9484,0.9485,1.37,1.00
2014.10.28 03:12:20.666,0.94842,0.9485,1.37,1.00
2014.10.28 03:12:20.976,0.94842,0.9485,1.37,1.00
2014.10.28 03:12:23.012,0.94842,0.94853,1.37,1.57
2014.10.28 03:12:24.127,0.94844,0.94855,1.37,1.57
2014.10.28 03:12:25.389,0.94844,0.94855,1.12,1.10
2014.10.28 03:12:28.170,0.94843,0.94855,2.70,1.10
2014.10.28 03:12:28.690,0.94842,0.94854,1.55,1.00
2014.10.28 03:12:32.421,0.94843,0.94854,1.47,1.00
2014.10.28 03:12:38.921,0.94843,0.94854,1.55,1.00
2014.10.28 03:12:41.415,0.94844,0.94854,1.20,1.00
2014.10.28 03:12:41.619,0.94846,0.94856,1.00,1.57
2014.10.28 03:12:43.466,0.94845,0.94856,1.12,1.57
2014.10.28 03:12:44.380,0.94847,0.94856,1.12,1.57
2014.10.28 03:12:44.685,0.94848,0.94859,1.00,1.10
2014.10.28 03:12:45.192,0.94846,0.94858,1.27,1.50
2014.10.28 03:12:49.142,0.94847,0.94858,1.17,1.50
2014.10.28 03:12:49.649,0.94847,0.94858,1.15,1.50
2014.10.28 03:12:51.185,0.94846,0.94858,1.27,1.50
2014.10.28 03:12:55.478,0.94846,0.94858,1.27,1.50
2014.10.28 03:12:56.264,0.94846,0.94858,1.15,1.50
2014.10.28 03:12:56.771,0.94846,0.94858,1.27,1.50
2014.10.28 03:12:59.668,0.94846,0.94858,1.52,1.50
2014.10.28 03:12:59.922,0.94849,0.9486,1.15,1.00
2014.10.28 03:13:08.848,0.9485,0.94861,1.15,1.00
2014.10.28 03:13:09.751,0.9485,0.94862,2.40,1.00
2014.10.28 03:13:11.071,0.94852,0.94863,1.15,1.00
2014.10.28 03:13:11.375,0.94853,0.94866,1.15,2.44
2014.10.28 03:13:11.932,0.94853,0.94866,1.15,2.25
2014.10.28 03:13:13.250,0.94855,0.94866,1.15,1.00
2014.10.28 03:13:13.756,0.94855,0.94868,1.15,2.44
2014.10.28 03:13:14.472,0.94855,0.94868,1.15,2.25
2014.10.28 03:13:15.058,0.94855,0.94868,1.15,2.62
2014.10.28 03:13:20.866,0.94855,0.94868,1.15,2.25
2014.10.28 03:13:36.247,0.94855,0.94868,2.02,1.87
2014.10.28 03:13:37.064,0.94855,0.94868,2.02,1.87
2014.10.28 03:13:37.592,0.94855,0.94868,2.02,1.50
2014.10.28 03:13:39.624,0.94855,0.94868,1.65,1.50
2014.10.28 03:13:39.929,0.94855,0.94866,1.15,1.37
2014.10.28 03:13:40.031,0.94854,0.94865,1.15,1.12
2014.10.28 03:13:40.335,0.94853,0.94865,1.65,1.37
2014.10.28 03:13:40.640,0.94853,0.94863,1.10,1.12
2014.10.28 03:13:41.526,0.94851,0.94863,1.15,1.37
2014.10.28 03:13:46.712,0.94852,0.94863,1.17,1.37
2014.10.28 03:13:47.555,0.94852,0.94863,1.17,1.37
2014.10.28 03:13:48.529,0.94852,0.94863,1.17,1.37
2014.10.28 03:13:48.915,0.94852,0.94863,1.17,1.25
2014.10.28 03:13:50.876,0.94855,0.94863,1.10,1.00
2014.10.28 03:13:51.079,0.94856,0.94865,1.20,1.00
2014.10.28 03:13:51.722,0.94856,0.94866,1.20,1.00
2014.10.28 03:14:00.605,0.94856,0.94866,1.17,1.00
2014.10.28 03:14:01.168,0.94856,0.94866,1.15,1.00
2014.10.28 03:14:01.704,0.94856,0.94866,1.15,1.00
2014.10.28 03:14:13.892,0.94856,0.94867,1.15,2.25
2014.10.28 03:14:14.197,0.94859,0.94868,1.17,1.00
2014.10.28 03:14:14.300,0.94859,0.9487,1.15,1.12
2014.10.28 03:14:14.908,0.9486,0.9487,1.20,1.12
2014.10.28 03:14:15.445,0.9486,0.9487,1.17,1.12
2014.10.28 03:14:28.300,0.9486,0.94871,1.17,1.87
2014.10.28 03:14:28.869,0.9486,0.94871,1.10,1.12
2014.10.28 03:14:30.097,0.9486,0.94871,1.10,1.37
2014.10.28 03:14:31.333,0.9486,0.94871,1.00,1.00
2014.10.28 03:14:31.384,0.9486,0.94871,1.07,1.00
2014.10.28 03:14:31.638,0.94861,0.94874,1.15,2.25
2014.10.28 03:14:31.842,0.94864,0.94876,1.10,1.10
2014.10.28 03:14:31.994,0.94864,0.94876,1.17,1.10
2014.10.28 03:14:32.605,0.94864,0.94877,1.15,2.44
2014.10.28 03:14:34.864,0.94866,0.94877,1.15,1.00
2014.10.28 03:14:35.377,0.94866,0.94878,1.57,1.12
2014.10.28 03:14:41.497,0.94866,0.94879,1.57,1.76
2014.10.28 03:14:42.911,0.94866,0.94879,1.57,1.29
2014.10.28 03:14:47.751,0.94866,0.94877,1.57,1.00
2014.10.28 03:14:48.258,0.94866,0.94878,1.00,2.14
2014.10.28 03:14:52.967,0.94866,0.94878,1.00,2.14
2014.10.28 03:14:53.986,0.94866,0.94878,1.00,1.64
2014.10.28 03:14:55.488,0.94866,0.94878,1.00,1.64
2014.10.28 03:14:56.052,0.94866,0.94878,1.00,1.64
2014.10.28 03:14:56.601,0.94866,0.94878,1.00,1.64
2014.10.28 03:15:00.972,0.94866,0.94878,1.00,1.46
2014.10.28 03:15:02.062,0.94866,0.94878,1.10,1.39
2014.10.28 03:15:02.367,0.94868,0.94879,1.20,1.37
2014.10.28 03:15:02.572,0.94868,0.9488,1.00,1.62
2014.10.28 03:15:02.674,0.94868,0.94881,1.15,2.81
2014.10.28 03:15:02.775,0.94868,0.94881,1.15,1.50
2014.10.28 03:15:03.587,0.94868,0.94881,1.15,1.87
2014.10.28 03:15:04.112,0.94868,0.94881,1.15,2.06
2014.10.28 03:15:04.367,0.94868,0.94881,1.00,2.21
2014.10.28 03:15:05.066,0.94868,0.94881,1.17,2.14
2014.10.28 03:15:05.569,0.94868,0.94881,1.10,2.21
2014.10.28 03:15:06.369,0.94868,0.94881,1.07,2.14
2014.10.28 03:15:07.181,0.94868,0.94881,1.07,2.14
2014.10.28 03:15:10.091,0.94868,0.94881,1.10,2.02
2014.10.28 03:15:11.706,0.94868,0.94881,1.10,2.02
2014.10.28 03:15:12.517,0.94868,0.94881,1.20,1.87
2014.10.28 03:15:13.060,0.94868,0.94881,1.10,2.02
2014.10.28 03:15:13.730,0.94868,0.94881,1.20,1.95
2014.10.28 03:15:15.007,0.94868,0.94881,1.20,1.50
2014.10.28 03:15:15.059,0.94868,0.94881,1.17,1.50
2014.10.28 03:15:15.585,0.94869,0.94881,1.15,1.50
2014.10.28 03:15:17.316,0.94869,0.94881,1.27,1.50
2014.10.28 03:15:17.827,0.94869,0.94881,2.02,1.00
2014.10.28 03:15:18.339,0.94869,0.94881,2.02,1.00
2014.10.28 03:15:21.918,0.94869,0.94881,1.65,1.00
2014.10.28 03:15:23.123,0.94869,0.94881,1.65,1.37
2014.10.28 03:15:23.276,0.94869,0.94881,1.57,1.47
2014.10.28 03:15:23.784,0.94869,0.94881,1.10,1.20
2014.10.28 03:15:24.296,0.94869,0.94881,1.00,1.27
2014.10.28 03:15:25.110,0.94869,0.94881,1.10,1.27
2014.10.28 03:15:27.263,0.94869,0.94881,1.10,1.47
2014.10.28 03:15:28.657,0.94869,0.94881,1.10,1.47
2014.10.28 03:15:29.267,0.94868,0.94881,1.65,1.47
2014.10.28 03:15:35.647,0.94868,0.94881,1.57,1.46
2014.10.28 03:15:36.153,0.94868,0.94881,1.65,1.39
2014.10.28 03:15:36.751,0.94868,0.94881,1.65,2.14
2014.10.28 03:15:37.258,0.94868,0.94881,1.65,2.14
2014.10.28 03:15:37.581,0.94868,0.9488,1.65,1.62
2014.10.28 03:15:38.096,0.94868,0.94881,1.57,1.74
2014.10.28 03:15:38.656,0.94868,0.94881,1.65,1.39
2014.10.28 03:15:38.708,0.94868,0.94881,1.65,1.31
2014.10.28 03:15:39.241,0.94868,0.94881,1.65,1.56
2014.10.28 03:15:39.981,0.94868,0.94881,1.65,1.62
2014.10.28 03:15:42.586,0.94866,0.94879,2.40,1.37
2014.10.28 03:15:42.637,0.94866,0.94877,2.40,1.37
2014.10.28 03:15:42.840,0.94864,0.94876,1.12,1.17
2014.10.28 03:15:43.675,0.94863,0.94876,1.10,2.02
2014.10.28 03:15:44.487,0.94863,0.94876,1.10,2.21
2014.10.28 03:15:44.588,0.94863,0.94876,1.10,1.84
2014.10.28 03:15:45.401,0.94863,0.94876,1.10,2.21
2014.10.28 03:15:47.130,0.94863,0.94875,1.10,1.39
2014.10.28 03:15:47.645,0.94863,0.94875,1.00,1.77
2014.10.28 03:16:07.209,0.94863,0.94876,1.10,2.21
2014.10.28 03:16:07.738,0.94863,0.94876,1.10,2.21
2014.10.28 03:16:08.283,0.94863,0.94876,1.10,2.02
2014.10.28 03:16:08.790,0.94863,0.94876,1.10,2.02
2014.10.28 03:16:09.627,0.94863,0.94876,1.10,2.21
2014.10.28 03:16:10.186,0.94863,0.94876,1.20,1.50
2014.10.28 03:16:10.795,0.94863,0.94876,1.10,1.57
2014.10.28 03:16:15.118,0.94863,0.94876,1.17,1.95
2014.10.28 03:16:15.745,0.94863,0.94876,1.10,2.02
2014.10.28 03:16:19.878,0.94863,0.94876,1.10,2.21
2014.10.28 03:16:19.980,0.94863,0.94876,1.10,2.21
2014.10.28 03:16:25.056,0.94863,0.94876,1.10,2.21
2014.10.28 03:16:27.400,0.94863,0.94876,1.10,2.21
2014.10.28 03:16:30.376,0.94863,0.94876,1.10,2.21
2014.10.28 03:16:41.114,0.94863,0.94876,1.10,2.21
2014.10.28 03:16:42.713,0.94863,0.94876,1.10,2.96
2014.10.28 03:16:42.814,0.94862,0.94876,1.17,2.21
2014.10.28 03:16:45.368,0.94862,0.94875,1.17,1.39
2014.10.28 03:16:47.581,0.94862,0.94876,1.17,2.21
2014.10.28 03:16:51.113,0.94862,0.94875,1.17,1.66
2014.10.28 03:16:54.519,0.94862,0.94875,1.17,1.66
2014.10.28 03:17:05.996,0.94861,0.94874,1.15,1.00
2014.10.28 03:17:06.300,0.94862,0.94876,1.65,1.10
2014.10.28 03:17:16.118,0.94862,0.94876,1.65,1.47
2014.10.28 03:17:27.222,0.94865,0.94876,1.27,1.00
2014.10.28 03:17:27.530,0.94871,0.94883,1.10,1.10
2014.10.28 03:17:28.034,0.94872,0.94883,1.00,1.10
2014.10.28 03:17:32.094,0.94872,0.94883,1.57,1.10
2014.10.28 03:17:32.246,0.94876,0.94887,1.00,1.29
2014.10.28 03:17:33.106,0.94876,0.94888,1.10,1.76
2014.10.28 03:17:33.806,0.94874,0.94886,2.40,1.00
2014.10.28 03:17:35.847,0.94874,0.94886,1.65,1.12
2014.10.28 03:17:37.084,0.94874,0.94886,1.65,1.37
2014.10.28 03:17:38.301,0.94874,0.94886,1.65,1.37
2014.10.28 03:17:42.119,0.94874,0.94886,1.65,1.37
2014.10.28 03:17:42.628,0.94874,0.94886,1.57,1.20
2014.10.28 03:17:45.356,0.94874,0.94886,1.65,1.00
2014.10.28 03:17:45.865,0.94874,0.94886,2.40,1.12
2014.10.28 03:17:47.145,0.94876,0.94886,1.15,1.00
2014.10.28 03:17:47.349,0.94876,0.94886,1.17,1.00
2014.10.28 03:18:00.190,0.94876,0.94886,1.00,1.00
2014.10.28 03:18:00.729,0.94874,0.94886,1.65,1.00
2014.10.28 03:18:02.275,0.94874,0.94886,1.65,1.00
2014.10.28 03:18:02.781,0.94874,0.94886,1.65,1.00
2014.10.28 03:18:05.198,0.94874,0.94886,1.65,1.00
2014.10.28 03:18:05.732,0.94874,0.94886,1.65,1.00
2014.10.28 03:18:06.233,0.94874,0.94886,1.65,1.12
2014.10.28 03:18:06.764,0.94874,0.94886,1.65,1.12
2014.10.28 03:18:07.782,0.94874,0.94886,1.65,1.00
2014.10.28 03:18:08.288,0.94874,0.94886,1.65,1.12
2014.10.28 03:18:08.799,0.94874,0.94886,1.65,1.12
2014.10.28 03:18:10.689,0.94874,0.94886,1.65,1.12
2014.10.28 03:18:26.594,0.94879,0.94888,1.10,1.31
2014.10.28 03:18:26.797,0.94879,0.94889,1.10,1.00
2014.10.28 03:18:27.305,0.9488,0.94891,1.00,1.39
2014.10.28 03:18:41.896,0.9488,0.94892,1.00,2.14
2014.10.28 03:19:00.144,0.94881,0.9489,1.00,1.37
2014.10.28 03:19:01.858,0.94881,0.9489,1.00,1.37
2014.10.28 03:19:02.393,0.94881,0.94892,1.00,1.66
2014.10.28 03:19:09.909,0.94881,0.94892,1.00,1.39
2014.10.28 03:19:10.735,0.94879,0.94888,1.17,1.12
2014.10.28 03:19:11.314,0.94879,0.94887,1.00,1.00
2014.10.28 03:19:12.172,0.94879,0.94887,1.00,1.37
2014.10.28 03:19:21.418,0.94879,0.9489,1.10,2.06
2014.10.28 03:19:24.008,0.94879,0.9489,1.00,1.76
2014.10.28 03:19:24.111,0.94879,0.9489,1.10,1.62
2014.10.28 03:19:24.517,0.94879,0.94889,1.10,1.37
2014.10.28 03:19:24.719,0.94879,0.9489,1.00,1.39
2014.10.28 03:19:30.333,0.94879,0.94887,1.00,1.00
2014.10.28 03:19:31.507,0.94879,0.94888,1.00,1.31
2014.10.28 03:19:45.840,0.94879,0.94889,1.00,1.37
2014.10.28 03:19:58.270,0.94879,0.9489,1.10,1.87
2014.10.28 03:19:58.322,0.94879,0.9489,1.07,1.87
2014.10.28 03:19:59.606,0.94879,0.9489,1.15,1.62
2014.10.28 03:20:00.212,0.94879,0.9489,1.07,1.62
2014.10.28 03:20:04.284,0.94879,0.9489,1.07,1.62
2014.10.28 03:20:07.023,0.94879,0.9489,1.07,1.37
2014.10.28 03:20:08.903,0.94879,0.9489,1.07,1.12
2014.10.28 03:20:09.412,0.94879,0.9489,1.07,1.37
2014.10.28 03:20:10.430,0.94879,0.94889,1.07,1.37
2014.10.28 03:20:10.958,0.94877,0.94889,1.15,1.12
2014.10.28 03:20:15.760,0.94877,0.94889,1.15,1.37
2014.10.28 03:20:15.862,0.94877,0.94889,1.15,1.12
2014.10.28 03:20:19.834,0.94877,0.94889,1.15,1.37
2014.10.28 03:20:20.206,0.94877,0.9489,1.15,1.62
2014.10.28 03:20:21.694,0.94877,0.9489,1.20,1.62
2014.10.28 03:20:22.647,0.94877,0.9489,1.20,1.37
2014.10.28 03:20:30.998,0.94877,0.94891,1.17,2.21
2014.10.28 03:20:32.759,0.94877,0.94889,1.17,1.37
2014.10.28 03:20:33.267,0.94877,0.94891,1.15,2.14
2014.10.28 03:20:33.319,0.94877,0.94891,1.15,2.14
2014.10.28 03:20:33.420,0.94878,0.94892,1.65,1.56
2014.10.28 03:20:33.925,0.9488,0.94892,1.00,1.31
2014.10.28 03:20:34.432,0.9488,0.94892,1.00,1.31
2014.10.28 03:20:35.577,0.9488,0.94892,1.00,1.37
2014.10.28 03:20:40.030,0.9488,0.94892,1.10,1.47
2014.10.28 03:20:40.513,0.9488,0.94892,1.07,1.37
2014.10.28 03:20:41.071,0.9488,0.94892,1.10,1.47
2014.10.28 03:20:41.605,0.9488,0.94892,1.17,1.37
2014.10.28 03:20:42.980,0.9488,0.94892,1.10,1.47
2014.10.28 03:20:43.487,0.9488,0.94892,1.17,1.37
2014.10.28 03:20:48.050,0.9488,0.94893,1.17,1.47
2014.10.28 03:20:49.253,0.9488,0.94893,1.20,1.45
2014.10.28 03:20:49.806,0.9488,0.94893,1.17,1.39
2014.10.28 03:20:50.389,0.9488,0.94893,1.10,1.46
2014.10.28 03:20:53.416,0.9488,0.94893,1.10,1.55
2014.10.28 03:20:53.974,0.9488,0.94893,1.07,1.57
2014.10.28 03:20:54.481,0.9488,0.94893,1.20,1.45
2014.10.28 03:20:55.131,0.9488,0.94893,1.17,1.39
2014.10.28 03:20:55.918,0.9488,0.94893,1.17,1.39
2014.10.28 03:20:58.296,0.9488,0.94893,1.20,1.70
2014.10.28 03:20:58.905,0.9488,0.94893,1.07,1.46
2014.10.28 03:20:59.475,0.9488,0.94893,1.65,1.70
2014.10.28 03:21:01.609,0.9488,0.94893,1.57,1.46
2014.10.28 03:21:02.391,0.9488,0.94893,1.57,1.46
2014.10.28 03:21:02.999,0.9488,0.94893,1.57,1.46
2014.10.28 03:21:03.518,0.9488,0.94893,1.65,1.62
2014.10.28 03:21:04.107,0.9488,0.94893,1.57,1.46
2014.10.28 03:21:04.619,0.9488,0.94893,1.65,1.70
2014.10.28 03:21:05.125,0.9488,0.94893,1.65,1.39
2014.10.28 03:21:08.575,0.9488,0.94893,1.65,1.39
2014.10.28 03:21:08.930,0.9488,0.94893,1.65,1.62
2014.10.28 03:21:09.443,0.9488,0.94893,1.65,1.62
2014.10.28 03:21:12.050,0.94881,0.94895,1.17,2.96
2014.10.28 03:21:12.583,0.94881,0.94895,1.17,2.96
2014.10.28 03:21:20.632,0.94881,0.94895,1.17,4.09
2014.10.28 03:21:27.609,0.94881,0.94895,1.17,2.96
2014.10.28 03:21:43.782,0.94881,0.94895,1.17,2.21
2014.10.28 03:21:44.696,0.94881,0.94895,1.17,2.14
2014.10.28 03:21:52.275,0.94881,0.94895,1.27,2.21
2014.10.28 03:21:52.821,0.94881,0.94895,1.27,2.14
2014.10.28 03:21:57.192,0.94881,0.94895,1.17,2.14
2014.10.28 03:21:57.756,0.94881,0.94895,1.17,2.14
2014.10.28 03:21:59.384,0.94881,0.94895,1.27,2.14
2014.10.28 03:22:00.688,0.94881,0.94895,1.17,1.95
2014.10.28 03:22:06.939,0.94881,0.94895,1.17,2.77
2014.10.28 03:22:07.446,0.94881,0.94895,1.15,2.62
2014.10.28 03:22:08.121,0.94881,0.94895,1.15,2.81
2014.10.28 03:22:08.831,0.94881,0.94895,1.15,2.81
2014.10.28 03:22:09.349,0.94881,0.94895,1.17,2.96
2014.10.28 03:22:11.540,0.9488,0.94895,1.15,2.14
2014.10.28 03:22:12.063,0.9488,0.94895,1.15,2.14
2014.10.28 03:22:17.726,0.9488,0.94895,1.15,2.21
2014.10.28 03:22:18.328,0.9488,0.94895,1.52,2.21
2014.10.28 03:22:18.633,0.9488,0.94892,1.20,1.47
2014.10.28 03:22:18.938,0.94879,0.94889,1.07,1.00
2014.10.28 03:22:19.242,0.94879,0.94887,1.50,1.00
2014.10.28 03:22:19.395,0.94879,0.94889,1.57,1.00
2014.10.28 03:22:20.155,0.94879,0.94889,1.57,1.37
2014.10.28 03:22:22.899,0.94879,0.94889,1.57,1.12
2014.10.28 03:22:25.205,0.94879,0.94888,1.57,1.00
2014.10.28 03:22:28.180,0.94876,0.94883,1.07,1.50
2014.10.28 03:22:28.231,0.94876,0.94883,1.00,1.50
2014.10.28 03:22:28.338,0.94871,0.94883,2.40,1.50
2014.10.28 03:22:28.542,0.94871,0.94881,1.17,1.00
2014.10.28 03:22:28.746,0.94871,0.94883,1.17,1.50
2014.10.28 03:22:29.255,0.94871,0.94882,1.17,1.00
2014.10.28 03:22:29.762,0.94871,0.94883,1.10,2.14
2014.10.28 03:22:31.429,0.94871,0.94883,1.00,2.21
2014.10.28 03:22:32.612,0.94871,0.94882,1.00,1.10
2014.10.28 03:22:33.541,0.94871,0.94883,1.47,1.95
2014.10.28 03:22:38.551,0.94871,0.94883,1.20,1.95
2014.10.28 03:22:39.058,0.94871,0.94883,1.47,1.47
2014.10.28 03:22:39.262,0.94871,0.94881,1.10,1.37
2014.10.28 03:22:40.278,0.9487,0.94881,1.10,1.87
2014.10.28 03:22:40.795,0.94869,0.9488,1.27,1.12
2014.10.28 03:23:01.431,0.94869,0.94881,1.27,2.06
2014.10.28 03:23:02.155,0.94869,0.94881,1.27,2.06
2014.10.28 03:23:02.715,0.94869,0.94881,1.27,2.06
2014.10.28 03:23:06.039,0.94869,0.94881,1.27,1.87
2014.10.28 03:23:17.194,0.94869,0.94881,1.27,2.06
2014.10.28 03:23:18.334,0.94869,0.9488,1.27,1.00
2014.10.28 03:23:24.956,0.94869,0.9488,1.17,1.37
2014.10.28 03:23:31.364,0.94869,0.94881,1.17,2.06
2014.10.28 03:23:34.738,0.94869,0.9488,1.17,1.00
2014.10.28 03:23:36.418,0.94869,0.94881,1.07,2.14
2014.10.28 03:23:36.521,0.94868,0.94878,1.10,1.50
2014.10.28 03:23:37.029,0.94866,0.94878,1.87,2.02
2014.10.28 03:23:45.077,0.94866,0.94878,1.37,2.21
2014.10.28 03:23:45.586,0.94866,0.94878,1.00,2.21
2014.10.28 03:23:45.637,0.94864,0.94876,1.50,1.27
2014.10.28 03:23:46.144,0.94864,0.94876,1.00,1.52
2014.10.28 03:24:01.867,0.94864,0.94876,1.00,2.21
2014.10.28 03:24:02.374,0.94864,0.94874,1.00,1.52
2014.10.28 03:24:03.675,0.94864,0.94874,1.00,1.46
2014.10.28 03:24:04.673,0.94864,0.94874,1.00,1.46
2014.10.28 03:24:05.233,0.94864,0.94874,1.00,1.15
2014.10.28 03:24:05.638,0.94864,0.94874,1.00,1.00
2014.10.28 03:24:06.187,0.94864,0.94875,1.00,1.10
2014.10.28 03:24:07.638,0.94864,0.94875,1.00,1.47
2014.10.28 03:24:08.223,0.94864,0.94875,1.00,1.39
2014.10.28 03:24:09.202,0.94864,0.94875,1.00,1.47
2014.10.28 03:24:10.639,0.94864,0.94875,1.00,1.20
2014.10.28 03:24:10.741,0.94864,0.94875,1.00,1.39
2014.10.28 03:24:10.845,0.94864,0.94875,1.00,1.39
2014.10.28 03:24:18.850,0.94864,0.94876,1.00,2.96
2014.10.28 03:24:20.033,0.94864,0.94876,1.00,2.96
2014.10.28 03:24:20.747,0.94864,0.94876,1.00,2.96
2014.10.28 03:24:22.478,0.94864,0.94876,1.00,1.76
2014.10.28 03:24:31.492,0.94864,0.94876,1.37,1.84
2014.10.28 03:24:31.543,0.94864,0.94876,1.47,1.76
2014.10.28 03:24:32.050,0.94864,0.94876,1.37,1.65
2014.10.28 03:24:35.502,0.94864,0.94876,1.12,1.65
2014.10.28 03:24:36.068,0.94864,0.94876,1.37,1.65
2014.10.28 03:24:40.287,0.94864,0.94876,1.37,1.65
2014.10.28 03:24:46.442,0.94862,0.94876,1.55,1.17
2014.10.28 03:24:55.174,0.94862,0.94876,1.55,1.17
2014.10.28 03:25:05.075,0.94863,0.94877,1.47,1.84
2014.10.28 03:25:31.659,0.94863,0.94877,1.37,1.25
2014.10.28 03:25:53.179,0.94863,0.94877,1.37,1.07
2014.10.28 03:26:06.519,0.94861,0.94878,1.64,2.21
2014.10.28 03:26:19.027,0.94861,0.94878,1.01,1.34
2014.10.28 03:26:28.045,0.9486,0.94877,3.71,1.84
2014.10.28 03:26:34.143,0.9486,0.94877,3.71,1.84
2014.10.28 03:26:35.549,0.9486,0.94877,4.09,1.84
2014.10.28 03:26:46.663,0.9486,0.94877,3.71,1.65
2014.10.28 03:26:52.399,0.9486,0.94877,4.09,1.65
2014.10.28 03:26:52.703,0.9486,0.94877,3.71,1.84
2014.10.28 03:26:58.206,0.9486,0.94877,3.71,1.84
2014.10.28 03:27:15.578,0.94861,0.94876,1.71,1.10
2014.10.28 03:27:16.348,0.94861,0.94876,1.71,1.17
2014.10.28 03:27:29.060,0.94861,0.94876,1.71,1.20
2014.10.28 03:27:31.183,0.94861,0.94876,1.71,1.07
2014.10.28 03:27:31.707,0.94861,0.94876,1.71,1.10
2014.10.28 03:27:32.464,0.94861,0.94876,1.71,1.10
2014.10.28 03:27:34.185,0.94861,0.94876,1.71,1.20
2014.10.28 03:27:45.843,0.94861,0.94876,1.74,1.07
2014.10.28 03:27:46.887,0.94861,0.94876,1.74,1.07
2014.10.28 03:27:50.016,0.94861,0.94876,1.71,1.10
2014.10.28 03:27:54.429,0.94861,0.94876,1.71,1.17
2014.10.28 03:27:54.956,0.94861,0.94876,1.71,1.10
2014.10.28 03:27:55.720,0.94863,0.94876,1.05,1.10
2014.10.28 03:27:55.874,0.94866,0.94878,1.90,1.00
2014.10.28 03:27:55.977,0.94866,0.9488,2.40,1.50
2014.10.28 03:27:56.505,0.94869,0.94881,2.02,1.25
2014.10.28 03:28:09.490,0.94869,0.94881,1.52,1.00
2014.10.28 03:28:32.547,0.94869,0.94881,1.84,1.00
2014.10.28 03:28:38.254,0.94869,0.94881,1.77,1.00
2014.10.28 03:28:44.551,0.94869,0.94881,1.77,1.00
2014.10.28 03:28:46.560,0.94869,0.94881,1.52,1.00
2014.10.28 03:28:51.292,0.94869,0.94881,1.52,1.00
2014.10.28 03:28:56.009,0.94869,0.94883,1.46,1.00
2014.10.28 03:28:56.061,0.94868,0.94884,2.81,1.00
2014.10.28 03:28:58.590,0.94868,0.94884,2.81,1.00
2014.10.28 03:29:00.832,0.94868,0.94884,2.89,1.00
2014.10.28 03:29:01.364,0.94868,0.94884,2.96,1.10
2014.10.28 03:29:06.632,0.94868,0.94884,2.96,1.47
2014.10.28 03:29:08.990,0.94869,0.94884,1.27,1.37
2014.10.28 03:29:09.599,0.94869,0.94884,1.46,1.47
2014.10.28 03:29:11.112,0.94869,0.94884,1.77,1.10
2014.10.28 03:29:25.109,0.94868,0.94884,2.96,1.00
2014.10.28 03:29:25.415,0.94874,0.94886,1.10,1.10
2014.10.28 03:29:29.752,0.94874,0.94886,1.07,1.00
2014.10.28 03:29:29.854,0.94875,0.94888,1.65,1.31
2014.10.28 03:29:31.491,0.94876,0.94889,1.07,2.14
2014.10.28 03:29:32.024,0.94876,0.94889,1.07,2.14
2014.10.28 03:29:34.445,0.94876,0.94889,1.07,2.14
2014.10.28 03:29:34.648,0.94876,0.94889,1.17,1.69
2014.10.28 03:29:34.902,0.94879,0.94891,1.20,1.57
2014.10.28 03:29:35.054,0.94879,0.94891,1.65,1.00
2014.10.28 03:29:36.676,0.94879,0.94891,1.65,1.00
2014.10.28 03:29:42.130,0.94879,0.94891,1.65,1.00
2014.10.28 03:29:46.716,0.94879,0.94891,1.65,1.00
2014.10.28 03:29:47.312,0.94879,0.94891,1.65,1.00
2014.10.28 03:29:53.173,0.94879,0.94891,1.65,1.00
2014.10.28 03:29:53.792,0.94879,0.94891,1.65,1.37
2014.10.28 03:29:54.451,0.94879,0.94891,1.65,2.62
2014.10.28 03:29:54.992,0.94879,0.94891,1.20,2.81
2014.10.28 03:29:55.501,0.94876,0.94888,1.65,1.00
2014.10.28 03:29:56.007,0.94876,0.94888,1.65,1.00
2014.10.28 03:29:56.323,0.94876,0.94888,1.57,1.47
2014.10.28 03:29:56.374,0.94876,0.94888,1.50,1.74
2014.10.28 03:29:56.577,0.94874,0.94886,1.00,1.95
2014.10.28 03:29:56.780,0.94872,0.94883,1.07,1.00
2014.10.28 03:29:57.086,0.9487,0.94881,1.40,1.00
2014.10.28 03:29:57.615,0.9487,0.94881,1.40,1.00
2014.10.28 03:29:58.116,0.9487,0.94881,1.15,1.00
2014.10.28 03:29:58.702,0.9487,0.94881,1.15,1.00
2014.10.28 03:30:00.575,0.9487,0.94881,1.15,1.00
2014.10.28 03:30:02.051,0.94871,0.94883,1.17,1.00
2014.10.28 03:30:02.559,0.94871,0.94883,1.65,1.00
2014.10.28 03:30:04.011,0.94871,0.94883,1.65,1.00
2014.10.28 03:30:04.723,0.94871,0.94883,1.65,1.00
2014.10.28 03:30:05.232,0.94871,0.94883,1.65,1.00
2014.10.28 03:30:07.021,0.94871,0.94883,1.65,1.00
2014.10.28 03:30:08.186,0.94871,0.94883,1.65,1.00
2014.10.28 03:30:08.773,0.94871,0.94883,1.65,1.00
2014.10.28 03:30:15.141,0.94871,0.94883,1.84,1.00
2014.10.28 03:30:16.309,0.94871,0.94883,1.84,1.00
2014.10.28 03:30:17.018,0.94871,0.94883,1.65,1.00
2014.10.28 03:30:30.044,0.94871,0.94883,1.57,1.07
2014.10.28 03:30:30.552,0.94871,0.94883,1.57,1.20
2014.10.28 03:30:31.061,0.94871,0.94883,1.50,1.17
2014.10.28 03:30:35.153,0.94871,0.94883,1.57,1.10
2014.10.28 03:30:35.763,0.94871,0.94883,1.50,1.07
2014.10.28 03:30:36.302,0.94871,0.94883,1.57,1.10
2014.10.28 03:30:36.353,0.94871,0.94881,1.10,1.00
2014.10.28 03:30:36.989,0.94869,0.94881,1.84,1.00
2014.10.28 03:30:37.612,0.94869,0.94881,1.84,1.00
2014.10.28 03:30:43.387,0.94869,0.94881,1.84,1.00
2014.10.28 03:30:43.974,0.94869,0.94881,1.84,1.00
2014.10.28 03:30:45.827,0.94869,0.94881,1.76,1.00
2014.10.28 03:30:46.351,0.94869,0.94881,1.84,1.00
2014.10.28 03:31:01.438,0.94869,0.94881,1.84,1.00
2014.10.28 03:31:02.084,0.94869,0.94881,1.84,1.00
2014.10.28 03:31:10.792,0.94869,0.94881,1.57,1.12
2014.10.28 03:31:11.299,0.94869,0.94881,1.00,1.12
2014.10.28 03:31:12.161,0.94869,0.94881,1.00,1.37
2014.10.28 03:31:12.693,0.94869,0.94881,1.00,1.00
2014.10.28 03:31:24.400,0.94869,0.94881,1.07,1.00
2014.10.28 03:31:36.367,0.94869,0.94883,1.40,1.10
2014.10.28 03:32:24.710,0.9487,0.94884,1.25,1.00
2014.10.28 03:32:33.339,0.9487,0.94884,1.10,1.15
2014.10.28 03:32:33.954,0.9487,0.94884,1.17,1.17
2014.10.28 03:32:40.376,0.9487,0.94884,1.15,1.50
2014.10.28 03:32:40.883,0.9487,0.94884,1.15,1.57
2014.10.28 03:32:52.184,0.94869,0.94885,1.40,1.20
2014.10.28 03:32:54.993,0.94869,0.94885,1.84,1.27
2014.10.28 03:32:55.500,0.94871,0.94884,1.15,1.00
2014.10.28 03:32:56.194,0.94871,0.94884,1.17,1.10
2014.10.28 03:32:57.293,0.94869,0.94881,1.34,1.00
2014.10.28 03:33:00.295,0.94869,0.94881,1.46,1.00
2014.10.28 03:33:00.804,0.94873,0.94885,1.10,1.76
2014.10.28 03:33:01.312,0.94871,0.94884,1.15,1.50
2014.10.28 03:33:01.842,0.94871,0.94884,1.15,1.50
2014.10.28 03:33:08.131,0.94871,0.94884,1.15,1.50
2014.10.28 03:33:08.675,0.94871,0.94884,1.15,1.50
2014.10.28 03:33:10.558,0.94871,0.94884,1.15,1.50
2014.10.28 03:33:18.249,0.94871,0.94884,1.15,1.00
2014.10.28 03:33:19.396,0.94871,0.94884,1.15,1.00
2014.10.28 03:33:19.903,0.94871,0.94884,1.65,1.00
2014.10.28 03:33:22.491,0.94871,0.94884,1.65,1.00
2014.10.28 03:33:23.205,0.94871,0.94884,1.65,1.00
2014.10.28 03:33:26.667,0.9487,0.94881,1.84,1.00
2014.10.28 03:33:27.290,0.9487,0.94881,1.84,1.00
2014.10.28 03:33:31.395,0.94872,0.94884,1.10,1.57
2014.10.28 03:33:32.699,0.94872,0.94884,1.17,1.00
2014.10.28 03:33:38.920,0.94872,0.94884,1.10,1.10
2014.10.28 03:33:39.529,0.94872,0.94884,1.07,1.00
2014.10.28 03:33:42.040,0.94872,0.94884,1.10,1.10
2014.10.28 03:33:42.547,0.94872,0.94884,1.17,1.00
2014.10.28 03:33:43.060,0.94872,0.94884,1.10,1.10
2014.10.28 03:33:43.672,0.94872,0.94884,1.17,1.00
2014.10.28 03:33:44.670,0.94872,0.94884,1.10,1.10
2014.10.28 03:33:45.272,0.94872,0.94884,1.07,1.00
2014.10.28 03:33:46.167,0.94872,0.94884,1.10,1.10
2014.10.28 03:33:51.873,0.94872,0.94884,1.17,1.00
2014.10.28 03:33:52.483,0.94872,0.94884,1.10,1.10
2014.10.28 03:33:55.376,0.94872,0.94884,1.17,1.00
2014.10.28 03:33:57.714,0.94872,0.94884,1.10,1.00
2014.10.28 03:34:01.999,0.94872,0.94884,1.07,1.00
2014.10.28 03:34:02.542,0.94872,0.94884,1.10,1.10
2014.10.28 03:34:03.049,0.94872,0.94884,1.07,1.00
2014.10.28 03:34:03.709,0.94872,0.94884,1.20,1.10
2014.10.28 03:34:05.905,0.94872,0.94884,1.07,1.00
2014.10.28 03:34:06.699,0.94872,0.94884,1.10,1.10
2014.10.28 03:34:07.299,0.94872,0.94884,1.17,1.00
2014.10.28 03:34:07.812,0.94872,0.94884,1.00,1.00
2014.10.28 03:34:15.757,0.94872,0.94884,1.17,1.00
2014.10.28 03:34:16.269,0.94872,0.94884,1.10,1.10
2014.10.28 03:34:16.776,0.94872,0.94884,1.17,1.00
2014.10.28 03:34:17.282,0.94872,0.94883,1.10,1.00
2014.10.28 03:34:20.389,0.94872,0.94883,1.07,1.00
2014.10.28 03:34:20.911,0.94872,0.94884,1.10,1.10
2014.10.28 03:34:21.522,0.94872,0.94884,1.07,1.00
2014.10.28 03:34:22.144,0.94872,0.94884,1.00,1.00
2014.10.28 03:34:22.927,0.94872,0.94884,1.17,1.00
2014.10.28 03:34:23.537,0.94872,0.94884,1.10,1.10
2014.10.28 03:34:24.358,0.94872,0.94884,1.17,1.00
2014.10.28 03:34:24.909,0.94872,0.94884,1.20,1.10
2014.10.28 03:34:25.416,0.94872,0.94884,1.07,1.00
2014.10.28 03:34:26.004,0.94872,0.94884,1.10,1.10
2014.10.28 03:34:28.746,0.94872,0.94884,1.17,1.00
2014.10.28 03:34:29.257,0.94872,0.94884,1.00,1.00
2014.10.28 03:34:30.061,0.94872,0.94884,1.17,1.00
2014.10.28 03:34:30.574,0.94872,0.94884,1.10,1.10
2014.10.28 03:34:36.269,0.9487,0.94886,1.40,1.09
2014.10.28 03:34:36.372,0.9487,0.94886,1.40,1.40
2014.10.28 03:34:42.491,0.9487,0.94886,1.40,1.09
2014.10.28 03:34:42.998,0.9487,0.94886,1.40,1.40
2014.10.28 03:34:43.688,0.9487,0.94886,1.40,1.09
2014.10.28 03:34:44.251,0.9487,0.94886,1.40,1.40
2014.10.28 03:34:46.586,0.9487,0.94886,1.15,1.46
2014.10.28 03:34:47.093,0.9487,0.94887,1.15,2.21
2014.10.28 03:34:56.276,0.94872,0.94887,1.15,1.39
2014.10.28 03:34:56.803,0.94876,0.94887,1.10,1.31
2014.10.28 03:34:57.331,0.94876,0.94887,1.10,1.12
2014.10.28 03:35:04.304,0.94876,0.94888,1.10,2.89
2014.10.28 03:35:05.577,0.94876,0.94888,1.10,2.14
2014.10.28 03:35:06.386,0.94876,0.94888,1.10,2.14
2014.10.28 03:35:07.257,0.94876,0.94888,1.10,2.14
2014.10.28 03:35:08.010,0.94876,0.94888,1.10,2.14
2014.10.28 03:35:16.429,0.94876,0.94888,1.17,1.87
2014.10.28 03:35:28.755,0.94876,0.94888,1.00,2.02
2014.10.28 03:35:29.305,0.94876,0.94888,1.10,1.95
2014.10.28 03:35:29.830,0.94876,0.94888,1.00,2.02
2014.10.28 03:35:30.402,0.94876,0.94888,1.10,1.95
2014.10.28 03:35:35.598,0.94876,0.94888,1.00,2.02
2014.10.28 03:35:36.116,0.94876,0.94888,1.10,1.20
2014.10.28 03:35:46.615,0.94876,0.94888,1.00,1.27
2014.10.28 03:35:46.718,0.94874,0.94886,1.10,1.10
2014.10.28 03:35:47.023,0.94874,0.94886,1.00,1.15
2014.10.28 03:35:47.531,0.94873,0.94883,1.00,1.00
2014.10.28 03:35:48.038,0.94871,0.94883,1.84,1.00
2014.10.28 03:35:48.545,0.94871,0.94883,1.65,1.00
2014.10.28 03:35:48.900,0.94871,0.94883,1.65,1.00
2014.10.28 03:35:49.407,0.94871,0.94883,2.40,1.00
2014.10.28 03:35:50.324,0.94871,0.94883,2.40,1.00
2014.10.28 03:35:50.831,0.94871,0.94883,2.59,1.00
2014.10.28 03:35:55.238,0.94871,0.94883,2.40,1.00
2014.10.28 03:35:55.846,0.94871,0.94883,2.40,1.00
2014.10.28 03:35:56.385,0.94871,0.94883,2.40,1.00
2014.10.28 03:36:00.923,0.94871,0.94883,2.40,1.00
2014.10.28 03:36:01.025,0.94874,0.94886,1.00,1.84
2014.10.28 03:36:01.127,0.94874,0.94886,1.00,1.84
2014.10.28 03:36:01.229,0.94871,0.94883,2.40,1.00
2014.10.28 03:36:02.255,0.94871,0.94883,2.59,1.00
2014.10.28 03:36:02.969,0.94874,0.94886,1.00,1.65
2014.10.28 03:36:03.071,0.94871,0.94883,2.59,1.00
2014.10.28 03:36:03.527,0.94874,0.94886,1.00,1.65
2014.10.28 03:36:03.831,0.94871,0.94883,2.59,1.00
2014.10.28 03:36:04.953,0.94874,0.94886,1.00,1.84
2014.10.28 03:36:05.054,0.94871,0.94883,2.40,1.00
2014.10.28 03:36:05.308,0.94873,0.94887,1.10,4.46
2014.10.28 03:36:05.409,0.94871,0.94883,1.65,1.00
2014.10.28 03:36:06.483,0.94873,0.94886,1.10,1.07
2014.10.28 03:36:06.585,0.94871,0.94883,1.84,1.00
2014.10.28 03:36:06.943,0.94874,0.94886,1.00,1.65
2014.10.28 03:36:07.046,0.94871,0.94883,1.84,1.00
2014.10.28 03:36:07.553,0.94871,0.94883,1.65,1.00
2014.10.28 03:36:08.799,0.94874,0.94885,1.00,1.10
2014.10.28 03:36:08.901,0.94871,0.94883,1.65,1.00
2014.10.28 03:36:09.257,0.94874,0.94886,1.00,1.46
2014.10.28 03:36:09.460,0.94871,0.94884,1.17,1.10
2014.10.28 03:36:09.815,0.94874,0.94886,1.00,1.46
2014.10.28 03:36:10.119,0.94871,0.94883,1.65,1.00
2014.10.28 03:36:10.673,0.94871,0.94883,1.65,1.00
2014.10.28 03:36:11.438,0.94873,0.94886,1.10,1.46
2014.10.28 03:36:11.540,0.94871,0.94883,1.65,1.00
2014.10.28 03:36:12.557,0.94871,0.94883,1.65,1.00
2014.10.28 03:36:13.071,0.94871,0.94883,1.65,1.00
2014.10.28 03:36:13.223,0.94874,0.94885,1.00,1.10
2014.10.28 03:36:13.426,0.94871,0.94883,1.65,1.00
2014.10.28 03:36:16.774,0.94871,0.94883,1.84,1.00
2014.10.28 03:36:16.825,0.94874,0.94886,1.10,1.20
2014.10.28 03:36:16.939,0.94871,0.94883,1.84,1.00
2014.10.28 03:36:17.091,0.94871,0.94883,1.84,1.00
2014.10.28 03:36:21.454,0.94871,0.94883,1.84,1.00
2014.10.28 03:36:21.960,0.94871,0.94883,1.84,1.00
2014.10.28 03:36:22.315,0.94874,0.94886,1.10,1.95
2014.10.28 03:36:22.467,0.94871,0.94883,1.84,1.00
2014.10.28 03:36:22.772,0.94874,0.94886,1.00,1.46
2014.10.28 03:36:22.874,0.94871,0.94883,1.65,1.00
2014.10.28 03:36:23.128,0.94873,0.94887,1.57,2.96
2014.10.28 03:36:23.230,0.94873,0.94883,1.10,1.00
2014.10.28 03:36:23.635,0.94874,0.94886,1.10,1.01
2014.10.28 03:36:23.787,0.94871,0.94883,1.65,1.00
2014.10.28 03:36:34.650,0.94874,0.94885,1.00,1.10
2014.10.28 03:36:35.198,0.94874,0.94886,1.10,2.14
2014.10.28 03:36:35.707,0.94874,0.94886,1.10,2.14
2014.10.28 03:36:42.562,0.94871,0.94883,1.84,1.00
2014.10.28 03:36:43.081,0.94871,0.94883,1.65,1.00
2014.10.28 03:36:53.870,0.94871,0.94883,1.65,1.00
2014.10.28 03:36:54.419,0.94871,0.94883,1.65,1.00
2014.10.28 03:37:09.677,0.94871,0.94883,1.65,1.00
2014.10.28 03:37:10.475,0.94871,0.94883,1.65,1.00
2014.10.28 03:37:11.302,0.94871,0.94883,1.65,1.00
2014.10.28 03:37:12.174,0.94871,0.94883,1.65,1.00
2014.10.28 03:37:12.739,0.94871,0.94883,1.65,1.00
2014.10.28 03:37:20.243,0.94871,0.94883,1.84,1.00
2014.10.28 03:37:25.207,0.94871,0.94883,1.65,1.00
2014.10.28 03:37:25.732,0.94871,0.94883,1.65,1.00
2014.10.28 03:37:30.040,0.94871,0.94883,1.65,1.00
2014.10.28 03:37:30.572,0.94871,0.94883,1.65,1.00
2014.10.28 03:37:33.927,0.94871,0.94883,1.65,1.00
2014.10.28 03:37:34.837,0.94871,0.94883,1.57,1.00
2014.10.28 03:37:38.757,0.94871,0.94883,1.65,1.00
2014.10.28 03:37:38.859,0.94871,0.94883,1.57,1.00
2014.10.28 03:37:38.960,0.94871,0.94883,1.65,1.00
2014.10.28 03:37:42.640,0.94869,0.94884,1.84,1.12
2014.10.28 03:37:45.372,0.94869,0.94884,1.84,1.12
2014.10.28 03:37:45.473,0.94869,0.94884,1.84,1.12
2014.10.28 03:37:47.591,0.94869,0.94884,1.84,1.20
2014.10.28 03:37:48.692,0.94869,0.94884,1.84,1.00
2014.10.28 03:37:50.282,0.94869,0.94884,1.84,1.00
2014.10.28 03:37:50.384,0.94869,0.94884,1.84,1.00
2014.10.28 03:37:51.097,0.94869,0.94884,1.34,1.00
2014.10.28 03:37:51.401,0.94869,0.94884,1.34,1.00
2014.10.28 03:37:52.376,0.94872,0.94884,1.65,1.00
2014.10.28 03:37:52.427,0.94875,0.94884,1.00,1.00
2014.10.28 03:37:52.732,0.94878,0.9489,1.65,1.87
2014.10.28 03:37:53.279,0.94878,0.94891,1.65,1.62
2014.10.28 03:37:53.854,0.94881,0.94893,1.10,2.89
2014.10.28 03:37:55.602,0.94881,0.94893,1.00,2.96
2014.10.28 03:37:55.807,0.94881,0.94893,1.10,2.70
2014.10.28 03:37:55.909,0.94881,0.94893,1.10,2.70
2014.10.28 03:37:58.544,0.94881,0.94893,1.10,2.70
2014.10.28 03:38:03.209,0.94883,0.94893,1.00,1.57
2014.10.28 03:38:03.514,0.94886,0.94898,1.65,1.50
2014.10.28 03:38:03.771,0.94888,0.949,1.17,1.25
2014.10.28 03:38:04.736,0.94888,0.94901,1.17,3.64
2014.10.28 03:38:05.532,0.94888,0.94901,1.17,3.64
2014.10.28 03:38:08.257,0.94888,0.94901,1.17,4.01
2014.10.28 03:38:08.461,0.94886,0.94896,1.17,1.12
2014.10.28 03:38:08.614,0.94883,0.94896,1.65,1.47
2014.10.28 03:38:09.135,0.94883,0.94896,1.00,2.77
2014.10.28 03:38:17.697,0.94883,0.94895,1.10,2.21
2014.10.28 03:38:18.241,0.94883,0.94895,1.00,2.21
2014.10.28 03:38:19.712,0.94883,0.94895,1.10,2.21
2014.10.28 03:38:20.438,0.94883,0.94895,1.00,2.21
2014.10.28 03:38:21.416,0.94883,0.94895,1.10,2.14
2014.10.28 03:38:21.924,0.94883,0.94895,1.00,2.21
2014.10.28 03:38:23.560,0.94883,0.94895,1.00,2.21
2014.10.28 03:38:23.814,0.94881,0.94894,1.57,2.77
2014.10.28 03:38:26.650,0.94883,0.94894,1.00,1.27
2014.10.28 03:38:28.148,0.94881,0.94894,1.57,2.02
2014.10.28 03:38:31.232,0.94883,0.94894,1.00,1.46
2014.10.28 03:38:32.255,0.94883,0.94894,1.17,1.12
2014.10.28 03:38:32.813,0.94883,0.94896,1.17,2.51
2014.10.28 03:38:32.967,0.94883,0.94896,1.00,2.59
2014.10.28 03:38:35.475,0.94883,0.94896,1.00,2.96
2014.10.28 03:38:39.532,0.94883,0.94896,1.00,2.96
2014.10.28 03:38:40.066,0.94883,0.94896,1.00,2.96
2014.10.28 03:38:42.900,0.94883,0.94896,1.00,2.96
2014.10.28 03:38:48.927,0.94883,0.94896,1.00,2.96
2014.10.28 03:38:49.474,0.94883,0.94896,1.00,2.96
2014.10.28 03:38:53.110,0.94883,0.94896,1.00,2.96
2014.10.28 03:39:18.188,0.94883,0.94896,1.00,2.96
2014.10.28 03:39:29.975,0.94883,0.94896,1.00,2.96
2014.10.28 03:39:31.394,0.9488,0.94896,1.17,2.21
2014.10.28 03:39:33.129,0.9488,0.94896,1.00,2.06
2014.10.28 03:39:39.413,0.9488,0.94896,1.00,2.06
2014.10.28 03:39:39.464,0.9488,0.94896,1.07,2.14
2014.10.28 03:39:39.971,0.94882,0.94896,1.17,2.21
2014.10.28 03:39:40.289,0.94884,0.94898,1.65,1.50
2014.10.28 03:39:40.697,0.94889,0.949,1.00,1.01
2014.10.28 03:39:42.405,0.94889,0.949,1.00,1.47
2014.10.28 03:39:42.507,0.94889,0.949,1.00,1.55
2014.10.28 03:39:42.660,0.94886,0.94898,1.65,1.00
2014.10.28 03:39:43.803,0.94886,0.94898,1.65,1.00
2014.10.28 03:39:46.100,0.94886,0.94898,1.65,1.37
2014.10.28 03:39:46.624,0.94886,0.94898,1.65,1.00
2014.10.28 03:39:49.685,0.94886,0.94898,1.65,1.00
2014.10.28 03:39:50.230,0.94886,0.94898,1.65,1.00
2014.10.28 03:39:50.731,0.94886,0.94898,1.65,1.00
2014.10.28 03:39:51.252,0.94886,0.94898,1.65,1.00
2014.10.28 03:39:51.354,0.94889,0.94901,1.17,1.31
2014.10.28 03:39:51.912,0.94889,0.94901,1.15,1.00
2014.10.28 03:39:54.122,0.94889,0.94901,1.17,1.12
2014.10.28 03:39:54.527,0.94889,0.949,1.10,1.37
2014.10.28 03:39:54.832,0.94889,0.949,1.10,1.50
2014.10.28 03:39:55.342,0.94889,0.94901,1.17,1.69
2014.10.28 03:39:55.869,0.94889,0.94901,1.10,1.57
2014.10.28 03:39:57.757,0.94889,0.949,1.10,1.00
2014.10.28 03:39:59.068,0.94889,0.94901,1.10,3.07
2014.10.28 03:40:00.702,0.94889,0.94901,1.07,2.25
2014.10.28 03:40:01.250,0.94889,0.94901,1.10,2.32
2014.10.28 03:40:06.619,0.94889,0.94901,1.07,1.50
2014.10.28 03:40:14.270,0.94889,0.94901,1.10,1.95
2014.10.28 03:40:15.439,0.94889,0.94901,1.07,1.95
2014.10.28 03:40:16.431,0.94889,0.94901,1.20,1.95
2014.10.28 03:40:16.964,0.94889,0.94901,1.17,1.87
2014.10.28 03:40:20.867,0.94889,0.94901,1.17,1.87
2014.10.28 03:40:22.976,0.94889,0.94901,1.17,1.87
2014.10.28 03:40:23.554,0.94889,0.94901,1.15,1.87
2014.10.28 03:40:24.247,0.94889,0.94901,1.15,1.50
2014.10.28 03:40:24.508,0.94891,0.94903,1.10,3.07
2014.10.28 03:40:27.864,0.94891,0.94903,1.00,1.57
2014.10.28 03:40:29.067,0.94891,0.94903,1.10,1.65
2014.10.28 03:40:30.883,0.94891,0.94903,1.72,1.50
2014.10.28 03:40:31.035,0.94894,0.94906,1.15,2.81
2014.10.28 03:40:31.291,0.94896,0.94908,1.17,1.69
2014.10.28 03:40:32.148,0.94896,0.94908,1.15,1.25
2014.10.28 03:40:32.990,0.94896,0.94908,1.07,1.37
2014.10.28 03:40:36.465,0.94896,0.94908,1.07,1.62
2014.10.28 03:40:40.638,0.94896,0.94908,1.07,1.62
2014.10.28 03:40:40.841,0.94894,0.94906,1.00,1.56
2014.10.28 03:40:40.892,0.94894,0.94906,1.00,2.14
2014.10.28 03:40:41.046,0.9489,0.94904,1.15,1.47
2014.10.28 03:40:41.097,0.9489,0.94904,1.15,1.95
2014.10.28 03:40:41.605,0.94889,0.94901,1.40,1.00
2014.10.28 03:40:42.665,0.94889,0.94901,1.15,1.00
2014.10.28 03:40:42.772,0.94889,0.94901,1.20,1.47
2014.10.28 03:40:46.837,0.94889,0.94901,1.20,1.00
2014.10.28 03:40:46.888,0.94889,0.94901,1.17,1.00
2014.10.28 03:40:48.210,0.94889,0.94901,1.15,1.00
2014.10.28 03:40:52.784,0.94889,0.94901,1.17,1.00
2014.10.28 03:41:04.100,0.94889,0.94901,1.15,1.00
2014.10.28 03:41:04.202,0.94891,0.94903,1.10,3.71
2014.10.28 03:41:08.751,0.94891,0.94903,1.07,1.87
2014.10.28 03:41:09.258,0.94891,0.94903,1.15,1.87
2014.10.28 03:41:13.140,0.94891,0.94903,1.15,1.87
2014.10.28 03:41:14.299,0.94891,0.94903,1.65,1.00
2014.10.28 03:41:14.401,0.94894,0.94905,1.17,1.50
2014.10.28 03:41:14.706,0.94896,0.94907,1.10,1.25
2014.10.28 03:41:15.283,0.94896,0.94908,1.17,1.39
2014.10.28 03:41:15.791,0.94896,0.94908,1.15,1.31
2014.10.28 03:41:16.409,0.94896,0.94908,1.15,1.62
2014.10.28 03:41:16.866,0.94896,0.94908,1.10,1.39
2014.10.28 03:41:17.538,0.94896,0.94908,1.00,1.74
2014.10.28 03:41:17.793,0.94894,0.94906,1.10,1.47
2014.10.28 03:41:18.250,0.94894,0.94906,1.10,1.10
2014.10.28 03:41:18.776,0.94894,0.94906,1.10,1.29
2014.10.28 03:41:20.855,0.94894,0.94906,1.10,1.66
2014.10.28 03:41:22.026,0.94894,0.94906,1.10,1.66
2014.10.28 03:41:23.156,0.94894,0.94906,1.00,1.71
2014.10.28 03:41:25.946,0.94894,0.94906,1.00,1.74
2014.10.28 03:41:26.153,0.94894,0.94906,1.00,1.74
2014.10.28 03:41:27.379,0.94894,0.94906,1.00,1.74
2014.10.28 03:41:30.549,0.94894,0.94906,1.00,1.71
2014.10.28 03:41:31.056,0.94894,0.94906,1.00,1.46
2014.10.28 03:41:31.715,0.94894,0.94906,1.07,1.39
2014.10.28 03:41:31.919,0.94894,0.94906,1.15,1.00
2014.10.28 03:41:32.427,0.94896,0.94908,1.15,1.19
2014.10.28 03:41:32.976,0.94896,0.94908,1.15,1.25
2014.10.28 03:41:33.472,0.94896,0.94908,1.00,1.46
2014.10.28 03:41:33.980,0.94894,0.94906,1.17,1.12
2014.10.28 03:41:43.576,0.94894,0.94906,1.15,1.25
2014.10.28 03:41:45.081,0.94894,0.94906,1.15,1.37
2014.10.28 03:41:45.183,0.94894,0.94906,1.10,1.47
2014.10.28 03:41:47.984,0.94894,0.94906,1.10,1.39
2014.10.28 03:41:48.550,0.94894,0.94906,1.10,1.66
2014.10.28 03:41:54.197,0.94894,0.94906,1.00,1.40
2014.10.28 03:41:54.707,0.94894,0.94906,1.00,1.36
2014.10.28 03:41:55.676,0.94894,0.94906,1.00,1.74
2014.10.28 03:41:56.183,0.94894,0.94906,1.00,1.74
2014.10.28 03:41:56.715,0.94894,0.94906,1.00,1.71
2014.10.28 03:41:57.463,0.94894,0.94906,1.00,1.74
2014.10.28 03:41:58.624,0.94894,0.94906,1.00,1.84
2014.10.28 03:42:05.223,0.94894,0.94906,1.10,1.01
2014.10.28 03:42:07.823,0.94894,0.94906,1.17,1.62
2014.10.28 03:42:08.347,0.94894,0.94906,1.15,1.31
2014.10.28 03:42:08.932,0.94894,0.94906,1.17,1.31
2014.10.28 03:42:10.032,0.94894,0.94906,1.15,1.25
2014.10.28 03:42:10.539,0.94894,0.94906,1.20,1.25
2014.10.28 03:42:12.216,0.94894,0.94906,1.17,1.25
2014.10.28 03:42:13.935,0.94894,0.94906,1.00,1.62
2014.10.28 03:42:14.442,0.94894,0.94906,1.10,1.39
2014.10.28 03:42:14.962,0.94894,0.94906,1.10,1.39
2014.10.28 03:42:24.936,0.94894,0.94906,1.00,1.77
2014.10.28 03:42:25.241,0.94891,0.94903,1.65,1.12
2014.10.28 03:42:29.019,0.94891,0.94903,1.17,1.62
2014.10.28 03:42:33.600,0.94891,0.94903,1.17,1.37
2014.10.28 03:42:35.217,0.94891,0.94903,1.17,1.31
2014.10.28 03:42:41.820,0.94891,0.94903,1.17,1.62
2014.10.28 03:42:43.122,0.94891,0.94903,1.17,1.31
2014.10.28 03:42:43.671,0.94891,0.94903,1.15,1.31
2014.10.28 03:42:44.207,0.94891,0.94903,1.15,1.31
2014.10.28 03:42:54.992,0.94891,0.94903,1.17,1.31
2014.10.28 03:42:56.345,0.94891,0.94903,1.15,1.62
2014.10.28 03:42:57.095,0.94891,0.94903,1.27,1.31
2014.10.28 03:42:57.603,0.94891,0.94903,1.27,1.31
2014.10.28 03:42:57.902,0.94891,0.94903,1.27,1.31
2014.10.28 03:42:58.444,0.94891,0.94903,1.27,1.31
2014.10.28 03:43:01.963,0.94891,0.94903,1.17,1.62
2014.10.28 03:43:02.969,0.94891,0.94903,1.17,1.31
2014.10.28 03:43:03.481,0.94891,0.94903,1.27,1.12
2014.10.28 03:43:20.121,0.94891,0.94903,1.55,1.12
2014.10.28 03:43:40.119,0.94889,0.94905,1.52,2.96
2014.10.28 03:43:48.713,0.94889,0.94905,1.52,2.21
2014.10.28 03:44:06.661,0.94889,0.94905,1.52,2.96
2014.10.28 03:44:07.169,0.94889,0.94905,1.55,2.96
2014.10.28 03:44:07.683,0.94889,0.94905,1.52,2.96
2014.10.28 03:44:08.464,0.94889,0.94905,1.52,2.21
2014.10.28 03:44:09.047,0.94889,0.94905,1.52,2.21
2014.10.28 03:44:09.613,0.94889,0.94905,1.52,2.96
2014.10.28 03:44:10.615,0.94889,0.94905,1.52,2.21
2014.10.28 03:44:12.577,0.94889,0.94905,1.52,2.89
2014.10.28 03:44:13.186,0.94889,0.94905,1.52,2.96
2014.10.28 03:44:13.714,0.94889,0.94905,1.52,2.21
2014.10.28 03:44:14.296,0.94889,0.94905,1.52,2.14
2014.10.28 03:44:14.811,0.94889,0.94905,1.52,2.96
2014.10.28 03:44:17.609,0.94889,0.94905,1.52,2.21
2014.10.28 03:44:19.410,0.94889,0.94905,1.52,2.21
2014.10.28 03:44:20.135,0.94889,0.94905,1.52,2.21
2014.10.28 03:44:21.372,0.94889,0.94905,1.52,2.14
2014.10.28 03:44:21.964,0.94889,0.94905,1.52,2.21
2014.10.28 03:44:22.888,0.94889,0.94906,1.52,3.71
2014.10.28 03:44:23.612,0.94889,0.94906,1.52,3.71
2014.10.28 03:44:24.125,0.94889,0.94906,1.52,3.71
2014.10.28 03:44:26.507,0.94891,0.94906,1.55,1.84
2014.10.28 03:44:26.711,0.94893,0.94906,1.95,1.57
2014.10.28 03:44:26.813,0.94893,0.94906,2.02,1.00
2014.10.28 03:44:26.864,0.94896,0.94909,1.15,1.19
2014.10.28 03:44:29.838,0.94896,0.94909,1.15,1.25
2014.10.28 03:44:35.845,0.94896,0.94909,1.15,1.31
2014.10.28 03:44:36.861,0.94896,0.94909,1.15,1.25
2014.10.28 03:44:41.615,0.94896,0.94909,1.27,1.01
2014.10.28 03:44:49.892,0.94896,0.94909,1.20,1.29
2014.10.28 03:44:51.926,0.94896,0.94909,1.27,1.01
2014.10.28 03:44:56.156,0.94896,0.94909,1.27,1.25
2014.10.28 03:44:56.774,0.94896,0.94909,1.27,1.39
2014.10.28 03:45:06.916,0.94896,0.94909,1.27,1.39
2014.10.28 03:45:07.918,0.94896,0.94909,1.27,1.39
2014.10.28 03:45:17.155,0.94896,0.94909,1.27,1.39
2014.10.28 03:45:26.770,0.94896,0.94909,1.47,1.46
2014.10.28 03:45:29.973,0.94893,0.9491,2.21,2.96
2014.10.28 03:45:30.489,0.94893,0.94908,2.21,1.20
2014.10.28 03:45:32.518,0.94893,0.9491,2.21,1.71
2014.10.28 03:45:33.878,0.94893,0.9491,2.21,2.96
2014.10.28 03:45:49.631,0.94893,0.9491,2.96,1.77
2014.10.28 03:45:55.280,0.94893,0.9491,2.21,1.77
2014.10.28 03:45:57.479,0.94893,0.9491,2.21,1.46
2014.10.28 03:45:58.085,0.94894,0.9491,1.77,1.46
2014.10.28 03:45:58.390,0.94892,0.94908,1.65,2.02
2014.10.28 03:45:58.968,0.94893,0.94905,1.00,1.40
2014.10.28 03:45:59.482,0.94893,0.94905,1.00,1.40
2014.10.28 03:45:59.832,0.94891,0.94904,1.00,1.40
2014.10.28 03:46:00.362,0.94891,0.94904,1.10,1.46
2014.10.28 03:46:00.516,0.94891,0.94904,1.15,1.62
2014.10.28 03:46:00.820,0.94891,0.94904,1.10,1.46
2014.10.28 03:46:01.327,0.94891,0.94904,1.10,1.46
2014.10.28 03:46:03.955,0.94891,0.94904,1.00,1.77
2014.10.28 03:46:11.414,0.94891,0.94904,1.00,1.84
2014.10.28 03:46:11.516,0.94888,0.94902,1.27,1.55
2014.10.28 03:46:12.682,0.94888,0.94902,1.17,1.46
2014.10.28 03:46:41.111,0.94887,0.949,1.27,1.62
2014.10.28 03:46:41.315,0.94887,0.949,1.20,1.46
2014.10.28 03:46:42.378,0.94887,0.949,1.20,1.46
2014.10.28 03:46:49.126,0.94887,0.949,1.20,1.09
2014.10.28 03:47:03.834,0.94889,0.949,1.00,1.20
2014.10.28 03:47:04.038,0.94889,0.949,1.00,1.47
2014.10.28 03:47:04.139,0.94887,0.949,1.20,1.45
2014.10.28 03:47:04.241,0.94887,0.949,1.10,1.45
2014.10.28 03:47:04.343,0.94887,0.949,1.10,1.95
2014.10.28 03:47:05.022,0.94887,0.949,1.10,1.95
2014.10.28 03:47:05.553,0.94887,0.949,1.10,2.89
2014.10.28 03:47:15.688,0.94886,0.94899,1.07,1.47
2014.10.28 03:47:16.252,0.94886,0.94899,1.07,1.66
2014.10.28 03:47:28.855,0.94884,0.94899,1.15,1.56
2014.10.28 03:47:33.291,0.94884,0.94899,1.15,1.66
2014.10.28 03:47:37.997,0.94883,0.94899,1.27,1.56
2014.10.28 03:47:38.543,0.94883,0.94899,1.27,1.66
2014.10.28 03:47:41.165,0.94883,0.949,3.15,2.21
2014.10.28 03:47:44.122,0.94885,0.949,1.27,1.46
2014.10.28 03:47:44.389,0.94887,0.94901,1.27,2.21
2014.10.28 03:47:44.440,0.94887,0.94902,1.27,4.46
2014.10.28 03:47:46.505,0.94891,0.94903,1.00,4.46
2014.10.28 03:47:47.012,0.94891,0.94903,1.17,3.56
2014.10.28 03:48:06.547,0.94891,0.94903,1.20,2.14
2014.10.28 03:48:28.070,0.94891,0.94903,1.10,2.14
2014.10.28 03:48:31.481,0.94891,0.94903,1.10,2.14
2014.10.28 03:48:38.082,0.94891,0.94903,1.10,2.14
2014.10.28 03:48:46.653,0.94887,0.94903,2.96,1.62
2014.10.28 03:48:47.158,0.94887,0.94903,2.21,1.37
2014.10.28 03:48:48.027,0.94887,0.94903,2.21,1.37
2014.10.28 03:48:48.537,0.94887,0.94903,2.21,1.37
2014.10.28 03:48:49.148,0.94887,0.94903,2.21,1.62
2014.10.28 03:48:49.757,0.94887,0.94904,2.21,1.56
2014.10.28 03:48:51.056,0.94887,0.94904,2.21,1.66
2014.10.28 03:48:51.566,0.94887,0.94904,2.21,1.56
2014.10.28 03:48:52.717,0.94887,0.94904,2.21,1.39
2014.10.28 03:49:05.767,0.94891,0.94904,1.17,1.39
2014.10.28 03:49:07.324,0.94891,0.94904,1.17,1.39
2014.10.28 03:49:36.119,0.94891,0.94904,1.17,1.66
2014.10.28 03:49:52.819,0.94891,0.94904,1.00,1.31
2014.10.28 03:49:53.737,0.94891,0.94904,1.00,1.56
2014.10.28 03:49:54.722,0.94891,0.94904,1.45,1.00
2014.10.28 03:49:54.925,0.94895,0.94906,1.27,1.25
2014.10.28 03:49:55.130,0.94895,0.94908,1.17,1.57
2014.10.28 03:49:59.013,0.94895,0.94908,1.55,1.20
2014.10.28 03:49:59.521,0.94895,0.94908,1.27,1.20
2014.10.28 03:50:02.460,0.94895,0.94908,1.27,1.31
2014.10.28 03:50:10.876,0.94897,0.94909,1.15,1.62
2014.10.28 03:50:12.449,0.94897,0.94909,1.15,1.12
2014.10.28 03:50:13.489,0.94897,0.9491,1.27,2.06
2014.10.28 03:50:13.595,0.94897,0.9491,1.27,2.06
2014.10.28 03:50:14.223,0.94897,0.9491,1.27,2.06
2014.10.28 03:50:14.274,0.94897,0.9491,1.27,2.06
2014.10.28 03:50:15.393,0.94897,0.9491,1.52,2.06
2014.10.28 03:50:15.901,0.94897,0.9491,1.27,2.06
2014.10.28 03:50:20.488,0.94897,0.9491,1.27,1.87
2014.10.28 03:50:22.506,0.94897,0.9491,1.15,1.87
2014.10.28 03:50:34.101,0.94897,0.9491,1.65,1.62
2014.10.28 03:50:34.611,0.94897,0.9491,1.65,1.62
2014.10.28 03:50:35.188,0.94897,0.9491,1.65,1.62
2014.10.28 03:50:39.015,0.94897,0.9491,1.27,1.62
2014.10.28 03:50:39.556,0.94897,0.9491,2.02,1.62
2014.10.28 03:50:40.063,0.94897,0.9491,2.02,1.62
2014.10.28 03:50:41.195,0.94897,0.9491,2.02,1.47
2014.10.28 03:50:42.667,0.94897,0.9491,2.02,1.47
2014.10.28 03:50:43.772,0.94897,0.9491,2.02,1.47
2014.10.28 03:50:44.280,0.949,0.9491,1.00,1.10
2014.10.28 03:50:45.144,0.949,0.9491,1.00,1.47
2014.10.28 03:50:45.734,0.94899,0.9491,1.00,1.47
2014.10.28 03:50:47.160,0.94899,0.9491,1.12,1.10
2014.10.28 03:50:48.290,0.94899,0.9491,1.12,1.47
2014.10.28 03:50:49.964,0.94899,0.9491,1.12,1.20
2014.10.28 03:50:50.499,0.94899,0.9491,1.00,1.47
2014.10.28 03:50:51.871,0.94899,0.9491,1.00,1.20
2014.10.28 03:50:56.696,0.94898,0.9491,1.57,1.47
2014.10.28 03:51:14.857,0.94898,0.94912,1.00,2.21
2014.10.28 03:51:15.364,0.94899,0.94914,1.10,3.71
2014.10.28 03:51:37.813,0.94898,0.94914,1.17,3.71
2014.10.28 03:51:37.965,0.94898,0.94914,1.20,3.71
2014.10.28 03:51:38.016,0.94898,0.94914,1.17,3.71
2014.10.28 03:51:38.565,0.94898,0.94914,1.17,3.71
2014.10.28 03:51:39.072,0.94898,0.94914,1.17,3.71
2014.10.28 03:51:39.601,0.94898,0.94914,1.17,3.71
2014.10.28 03:51:41.019,0.94898,0.94914,1.17,3.71
2014.10.28 03:51:41.664,0.94898,0.94914,1.17,3.71
2014.10.28 03:51:45.150,0.94898,0.94914,1.17,4.46
2014.10.28 03:51:46.160,0.94897,0.94912,1.15,1.76
2014.10.28 03:51:46.484,0.94897,0.94912,1.15,1.66
2014.10.28 03:51:53.753,0.94897,0.94913,1.15,2.21
2014.10.28 03:52:04.077,0.94897,0.94913,1.17,2.96
2014.10.28 03:52:04.608,0.94897,0.94913,1.10,2.96
2014.10.28 03:52:05.495,0.94897,0.94913,1.17,2.96
2014.10.28 03:52:06.416,0.94897,0.94913,1.10,2.21
2014.10.28 03:52:07.044,0.94897,0.94913,1.17,2.21
2014.10.28 03:52:08.187,0.94897,0.94913,1.10,2.21
2014.10.28 03:52:08.734,0.94897,0.94912,1.17,1.71
2014.10.28 03:52:09.245,0.94897,0.94912,1.20,1.71
2014.10.28 03:52:12.610,0.94897,0.94913,1.17,2.21
2014.10.28 03:52:17.092,0.94899,0.94913,1.00,1.71
2014.10.28 03:52:30.086,0.94899,0.94913,1.00,2.21
2014.10.28 03:52:31.352,0.94899,0.94912,1.00,2.96
2014.10.28 03:52:31.874,0.94899,0.94913,1.17,3.71
2014.10.28 03:52:40.469,0.94899,0.94913,1.20,2.21
2014.10.28 03:52:45.606,0.94899,0.94913,1.07,2.21
2014.10.28 03:52:47.813,0.94898,0.94913,1.15,2.21
2014.10.28 03:53:01.837,0.94898,0.94913,1.07,1.74
2014.10.28 03:53:01.939,0.94898,0.94913,1.07,1.74
2014.10.28 03:53:05.863,0.94896,0.94912,1.27,1.64
2014.10.28 03:53:16.857,0.94896,0.94912,1.27,1.39
2014.10.28 03:53:33.609,0.94896,0.94913,1.15,2.96
2014.10.28 03:53:41.050,0.94898,0.94913,1.15,2.21
2014.10.28 03:53:43.941,0.94897,0.94913,1.15,2.21
2014.10.28 03:53:46.095,0.94898,0.94912,1.15,1.39
2014.10.28 03:53:46.847,0.94898,0.94912,1.17,1.46
2014.10.28 03:53:47.355,0.94898,0.94912,1.15,1.39
2014.10.28 03:53:47.958,0.94898,0.94912,1.07,1.70
2014.10.28 03:53:48.725,0.94898,0.94912,1.15,1.62
2014.10.28 03:53:50.261,0.94898,0.94912,1.17,1.46
2014.10.28 03:53:50.776,0.94898,0.94912,1.15,1.39
2014.10.28 03:53:51.294,0.94898,0.94912,1.17,1.74
2014.10.28 03:53:51.842,0.94898,0.94912,1.15,1.66
2014.10.28 03:53:52.369,0.94898,0.94912,1.15,1.39
2014.10.28 03:53:53.078,0.94899,0.94912,1.17,1.39
2014.10.28 03:53:53.690,0.94899,0.94912,1.17,1.39
2014.10.28 03:53:58.691,0.94899,0.94912,1.17,1.39
2014.10.28 03:54:17.709,0.94899,0.94912,1.20,1.32
2014.10.28 03:54:22.861,0.94898,0.94912,1.15,1.01
2014.10.28 03:54:23.438,0.94898,0.94912,1.07,1.32
2014.10.28 03:54:32.237,0.94898,0.94912,1.15,1.25
2014.10.28 03:54:33.163,0.94898,0.94912,1.17,1.09
2014.10.28 03:54:36.637,0.94898,0.94912,1.27,1.01
2014.10.28 03:54:37.139,0.94898,0.94912,1.17,1.46
2014.10.28 03:54:49.588,0.94896,0.94913,1.46,1.74
2014.10.28 03:54:56.811,0.94896,0.94913,1.46,1.71
2014.10.28 03:55:00.006,0.94896,0.94913,1.46,1.74
2014.10.28 03:55:00.575,0.94896,0.94913,1.40,1.74
2014.10.28 03:55:01.183,0.94896,0.94913,1.40,1.71
2014.10.28 03:55:01.690,0.94896,0.94913,1.40,1.64
2014.10.28 03:55:02.301,0.94896,0.94913,1.40,1.71
2014.10.28 03:55:02.909,0.94896,0.94913,1.40,1.71
2014.10.28 03:55:04.224,0.94896,0.94913,1.40,1.71
2014.10.28 03:55:04.730,0.94896,0.94913,1.40,1.71
2014.10.28 03:55:06.129,0.94896,0.94913,1.40,1.71
2014.10.28 03:55:07.639,0.94896,0.94913,1.40,1.71
2014.10.28 03:55:07.789,0.94896,0.94913,1.40,1.74
2014.10.28 03:55:08.447,0.94896,0.94913,1.40,1.71
2014.10.28 03:55:09.054,0.94896,0.94913,1.40,1.74
2014.10.28 03:55:09.155,0.94896,0.94913,1.40,1.74
2014.10.28 03:55:09.358,0.94896,0.94913,1.40,1.74
2014.10.28 03:55:09.865,0.94896,0.94913,1.40,1.74
2014.10.28 03:55:10.472,0.94896,0.94913,1.40,1.74
2014.10.28 03:55:13.278,0.94896,0.94913,1.40,1.71
2014.10.28 03:55:13.885,0.94896,0.94913,1.40,1.74
2014.10.28 03:55:14.545,0.94896,0.94913,1.40,1.71
2014.10.28 03:55:15.564,0.94896,0.94913,1.15,2.21
2014.10.28 03:55:18.065,0.94896,0.94913,1.15,2.21
2014.10.28 03:55:18.572,0.94896,0.94913,1.15,2.21
2014.10.28 03:55:19.089,0.94896,0.94913,1.15,2.21
2014.10.28 03:55:19.597,0.94896,0.94913,1.15,2.21
2014.10.28 03:55:21.355,0.94896,0.94913,1.15,2.21
2014.10.28 03:55:51.350,0.94896,0.94913,1.15,2.96
2014.10.28 03:55:51.878,0.94896,0.94913,1.15,2.96
2014.10.28 03:55:52.339,0.94896,0.94913,1.15,2.96
2014.10.28 03:55:52.901,0.94896,0.94913,1.15,2.96
2014.10.28 03:55:53.836,0.94896,0.94913,1.15,2.96
2014.10.28 03:55:54.342,0.94896,0.94913,1.15,2.96
2014.10.28 03:55:56.464,0.94895,0.94912,1.84,2.14
2014.10.28 03:55:57.082,0.94895,0.94912,1.65,2.96
2014.10.28 03:56:00.648,0.94895,0.94911,1.40,1.39
2014.10.28 03:56:01.197,0.94895,0.94911,1.40,1.39
2014.10.28 03:56:06.403,0.94897,0.9491,1.15,1.62
2014.10.28 03:56:06.607,0.94896,0.94909,1.10,1.55
2014.10.28 03:56:06.710,0.94896,0.94909,1.10,2.02
2014.10.28 03:56:07.268,0.94896,0.94908,1.00,2.21
2014.10.28 03:56:07.371,0.94893,0.94905,1.10,1.01
2014.10.28 03:56:07.575,0.94892,0.94905,1.10,2.21
2014.10.28 03:56:07.829,0.9489,0.94903,1.57,1.46
2014.10.28 03:56:08.349,0.94889,0.94902,1.10,2.02
2014.10.28 03:56:08.856,0.94889,0.94902,1.17,1.95
2014.10.28 03:56:09.111,0.94889,0.94902,1.17,2.14
2014.10.28 03:56:09.620,0.94889,0.94902,1.15,2.06
2014.10.28 03:56:10.126,0.94889,0.94902,1.17,2.14
2014.10.28 03:56:10.918,0.94889,0.94902,1.20,2.06
2014.10.28 03:56:11.188,0.94889,0.94902,1.17,2.06
2014.10.28 03:56:11.696,0.94889,0.94902,1.15,1.69
2014.10.28 03:56:12.206,0.94889,0.94902,1.17,2.14
2014.10.28 03:56:13.629,0.94889,0.94902,1.17,1.76
2014.10.28 03:56:14.288,0.94889,0.94902,1.17,2.14
2014.10.28 03:56:14.832,0.94889,0.94902,1.17,2.14
2014.10.28 03:56:24.428,0.94889,0.94902,1.10,2.21
2014.10.28 03:56:26.463,0.94889,0.94902,1.07,2.21
2014.10.28 03:56:27.092,0.94889,0.94902,1.10,2.21
2014.10.28 03:56:27.758,0.94889,0.94902,1.07,2.21
2014.10.28 03:56:28.934,0.94889,0.94902,1.17,2.14
2014.10.28 03:56:30.812,0.94889,0.94902,1.17,2.14
2014.10.28 03:56:34.319,0.94889,0.94902,1.17,2.14
2014.10.28 03:56:40.330,0.94889,0.94902,1.07,2.89
2014.10.28 03:56:53.553,0.94889,0.94902,1.07,2.89
2014.10.28 03:56:54.111,0.94889,0.94902,1.10,2.96
2014.10.28 03:56:54.668,0.94889,0.94902,1.17,2.14
2014.10.28 03:57:00.934,0.94889,0.94902,1.10,2.14
2014.10.28 03:57:12.321,0.94887,0.94903,1.17,1.74
2014.10.28 03:57:12.828,0.94887,0.949,1.15,1.12
2014.10.28 03:57:13.368,0.94887,0.949,1.15,1.12
2014.10.28 03:57:14.838,0.94887,0.94899,1.17,1.31
2014.10.28 03:57:14.890,0.94887,0.94899,1.65,1.56
2014.10.28 03:57:14.993,0.94885,0.94897,3.07,1.39
2014.10.28 03:57:15.248,0.94883,0.94894,1.00,1.20
2014.10.28 03:57:15.806,0.94882,0.94894,2.40,1.10
2014.10.28 03:57:16.313,0.94882,0.94894,2.32,1.00
2014.10.28 03:57:18.339,0.94882,0.94894,2.40,1.20
2014.10.28 03:57:18.860,0.94882,0.94894,2.32,1.12
2014.10.28 03:57:19.459,0.94882,0.94894,2.32,1.10
2014.10.28 03:57:21.417,0.94882,0.94894,2.32,1.25
2014.10.28 03:57:33.543,0.94882,0.94894,2.40,1.01
2014.10.28 03:57:34.051,0.94882,0.94894,2.32,1.00
2014.10.28 03:57:49.476,0.94882,0.94894,2.32,1.10
2014.10.28 03:58:04.779,0.94882,0.94894,2.32,1.25
2014.10.28 03:58:05.388,0.94882,0.94894,2.40,1.10
2014.10.28 03:58:08.589,0.94882,0.94894,2.32,1.00
2014.10.28 03:58:09.388,0.94882,0.94894,2.32,1.10
2014.10.28 03:58:09.894,0.94882,0.94894,2.40,1.00
2014.10.28 03:58:15.050,0.94882,0.94896,1.65,1.36
2014.10.28 03:58:15.902,0.94882,0.94897,1.17,2.21
2014.10.28 03:58:17.339,0.94884,0.94896,1.17,1.19
2014.10.28 03:58:17.871,0.94884,0.94896,1.17,1.19
2014.10.28 03:58:18.441,0.94884,0.94896,1.17,1.25
2014.10.28 03:58:23.586,0.94883,0.94895,1.65,1.00
2014.10.28 03:58:23.688,0.94883,0.94895,1.57,1.10
2014.10.28 03:58:28.661,0.94883,0.94895,1.57,1.00
2014.10.28 03:58:38.988,0.94883,0.94895,2.25,1.46
2014.10.28 03:59:07.031,0.94882,0.94894,2.70,1.10
2014.10.28 03:59:20.569,0.94882,0.94894,1.95,1.00
2014.10.28 03:59:21.076,0.94882,0.94894,1.95,1.10
2014.10.28 03:59:30.684,0.94882,0.94896,1.87,1.46
2014.10.28 03:59:31.193,0.94883,0.94896,1.20,1.46
2014.10.28 03:59:33.612,0.94883,0.94896,1.12,1.46
2014.10.28 03:59:34.120,0.94883,0.94896,1.20,1.46
2014.10.28 03:59:38.695,0.94883,0.94896,1.47,1.17
2014.10.28 03:59:39.238,0.94883,0.94896,1.55,1.00
2014.10.28 03:59:56.531,0.94883,0.94896,2.40,1.00
2014.10.28 03:59:58.059,0.94886,0.94897,1.37,1.17
