2010.05.17 18:00:01.200,1.13375,1.13385,1.60,1.00
2010.05.17 18:00:01.271,1.13375,1.1339,1.60,2.40
2010.05.17 18:00:01.296,1.13375,1.1339,1.60,1.00
2010.05.17 18:00:02.295,1.13375,1.13395,1.60,16.40
2010.05.17 18:00:02.639,1.13375,1.13395,12.00,6.00
2010.05.17 18:00:02.986,1.13375,1.13395,12.10,6.00
2010.05.17 18:00:03.954,1.13375,1.13395,12.90,6.00
2010.05.17 18:00:04.298,1.13375,1.13395,13.00,1.60
2010.05.17 18:00:04.502,1.13375,1.13395,10.60,1.60
2010.05.17 18:00:04.701,1.13375,1.13395,6.60,1.60
2010.05.17 18:00:04.903,1.13375,1.13395,5.80,9.60
2010.05.17 18:00:05.833,1.13375,1.1339,1.80,2.40
2010.05.17 18:00:06.620,1.13375,1.1339,1.00,4.80
2010.05.17 18:00:06.851,1.1337,1.13385,1.00,1.60
2010.05.17 18:00:07.755,1.1337,1.1339,1.00,13.60
2010.05.17 18:00:08.187,1.1337,1.1339,2.40,13.60
2010.05.17 18:00:08.477,1.1337,1.1339,1.00,14.40
2010.05.17 18:00:08.766,1.1337,1.13385,1.00,1.60
2010.05.17 18:00:10.514,1.1337,1.1339,5.60,11.20
2010.05.17 18:00:11.184,1.13375,1.1339,1.00,9.60
2010.05.17 18:00:11.382,1.13375,1.13395,1.00,10.40
2010.05.17 18:00:11.763,1.1337,1.13395,14.40,10.40
2010.05.17 18:00:12.895,1.1337,1.1339,13.60,2.40
2010.05.17 18:00:13.218,1.1337,1.1339,13.60,4.00
2010.05.17 18:00:13.535,1.1337,1.13395,8.80,15.20
2010.05.17 18:00:13.857,1.1337,1.1339,5.60,6.40
2010.05.17 18:00:14.684,1.1337,1.1339,13.60,2.40
2010.05.17 18:00:14.785,1.13375,1.13395,1.70,14.40
2010.05.17 18:00:15.083,1.13375,1.13395,1.70,12.00
2010.05.17 18:00:15.825,1.13375,1.13395,1.70,14.40
2010.05.17 18:00:16.183,1.1338,1.13395,3.20,4.00
2010.05.17 18:00:16.534,1.1338,1.134,4.80,9.60
2010.05.17 18:00:17.526,1.1338,1.134,3.20,10.40
2010.05.17 18:00:18.958,1.1338,1.134,5.60,9.60
2010.05.17 18:00:19.752,1.1338,1.134,9.60,5.60
2010.05.17 18:00:19.897,1.1338,1.134,9.60,9.60
2010.05.17 18:00:20.045,1.1338,1.134,5.60,9.60
2010.05.17 18:00:21.179,1.1338,1.134,12.80,1.60
2010.05.17 18:00:23.339,1.1338,1.134,13.60,1.60
2010.05.17 18:00:23.546,1.13385,1.134,1.00,1.60
2010.05.17 18:00:23.763,1.1339,1.1341,3.20,12.00
2010.05.17 18:00:24.413,1.1339,1.1341,3.20,8.80
2010.05.17 18:00:24.762,1.1339,1.1341,9.60,1.60
2010.05.17 18:00:25.526,1.1339,1.1341,8.80,1.60
2010.05.17 18:00:27.336,1.134,1.1341,1.00,1.60
2010.05.17 18:00:27.421,1.134,1.13415,1.00,8.00
2010.05.17 18:00:35.375,1.134,1.13415,1.00,8.10
2010.05.17 18:00:47.952,1.134,1.13415,1.00,8.00
2010.05.17 18:00:48.092,1.134,1.13415,1.00,8.10
2010.05.17 18:00:50.598,1.134,1.13415,1.00,8.00
2010.05.17 18:00:51.763,1.134,1.13415,1.00,8.00
2010.05.17 18:00:52.107,1.13405,1.13415,1.00,7.20
2010.05.17 18:00:52.457,1.13405,1.13415,1.00,1.60
2010.05.17 18:00:52.805,1.134,1.13415,1.00,3.20
2010.05.17 18:01:00.282,1.13395,1.13415,13.50,3.20
2010.05.17 18:01:00.462,1.13395,1.13415,8.00,9.60
2010.05.17 18:01:00.643,1.13395,1.1341,4.80,1.60
2010.05.17 18:01:01.544,1.13395,1.1341,8.80,1.60
2010.05.17 18:01:04.492,1.13395,1.1341,4.80,1.60
2010.05.17 18:01:06.949,1.1339,1.1341,9.60,10.40
2010.05.17 18:01:08.790,1.1339,1.1341,8.80,10.40
2010.05.17 18:01:13.143,1.1339,1.1341,6.40,10.40
2010.05.17 18:01:13.410,1.1338,1.13405,14.00,18.00
2010.05.17 18:01:13.666,1.1338,1.134,13.60,4.00
2010.05.17 18:01:28.005,1.1338,1.134,11.20,5.60
2010.05.17 18:01:28.266,1.1338,1.13395,2.40,3.60
2010.05.17 18:01:28.948,1.1338,1.1339,2.40,2.40
2010.05.17 18:01:29.204,1.1336,1.1338,6.80,2.40
2010.05.17 18:01:31.682,1.13365,1.1338,5.20,2.40
2010.05.17 18:01:32.460,1.13365,1.1338,5.20,4.80
2010.05.17 18:01:32.648,1.1336,1.1338,5.60,10.40
2010.05.17 18:01:33.649,1.1336,1.1338,1.60,11.20
2010.05.17 18:01:33.988,1.13355,1.13375,11.20,8.00
2010.05.17 18:01:34.655,1.13355,1.13375,11.20,9.60
2010.05.17 18:01:36.199,1.1336,1.13375,1.00,8.00
2010.05.17 18:01:39.664,1.13355,1.13375,10.40,9.60
2010.05.17 18:01:39.825,1.13355,1.13375,4.80,12.00
2010.05.17 18:01:39.982,1.13355,1.13375,4.80,11.20
2010.05.17 18:01:40.628,1.13355,1.13375,5.20,11.20
2010.05.17 18:01:40.959,1.13355,1.13375,4.80,12.00
2010.05.17 18:01:41.289,1.13355,1.1337,1.60,4.80
2010.05.17 18:01:42.280,1.1335,1.13365,1.00,1.60
2010.05.17 18:01:43.864,1.13345,1.13365,19.60,2.40
2010.05.17 18:01:44.096,1.13335,1.13355,10.40,1.60
2010.05.17 18:01:45.856,1.13335,1.13355,2.40,14.80
2010.05.17 18:01:46.163,1.13335,1.13355,5.60,12.40
2010.05.17 18:01:46.473,1.13335,1.13355,1.60,12.40
2010.05.17 18:01:49.053,1.13335,1.1335,1.60,1.00
2010.05.17 18:01:51.103,1.13335,1.13355,1.60,13.20
2010.05.17 18:01:51.534,1.13335,1.13355,1.60,10.00
2010.05.17 18:01:51.683,1.13335,1.1335,1.60,1.00
2010.05.17 18:01:52.484,1.1333,1.1335,12.80,2.40
2010.05.17 18:01:53.296,1.1333,1.1335,14.90,1.60
2010.05.17 18:01:54.213,1.13335,1.13355,10.40,1.60
2010.05.17 18:01:56.536,1.13335,1.13355,10.40,6.40
2010.05.17 18:01:56.712,1.13335,1.13355,1.60,14.40
2010.05.17 18:01:56.886,1.13335,1.13355,1.60,14.80
2010.05.17 18:01:57.051,1.13335,1.13355,5.60,10.80
2010.05.17 18:01:57.221,1.13335,1.13355,5.60,12.40
2010.05.17 18:02:01.050,1.13335,1.13355,5.60,10.00
2010.05.17 18:02:01.928,1.13335,1.13355,5.60,4.00
2010.05.17 18:02:02.468,1.13335,1.13355,5.60,3.20
2010.05.17 18:02:03.094,1.13335,1.13355,5.60,4.10
2010.05.17 18:02:03.994,1.1333,1.1335,13.60,4.00
2010.05.17 18:02:04.572,1.1333,1.1335,12.80,4.00
2010.05.17 18:02:04.691,1.1333,1.1335,12.80,5.60
2010.05.17 18:02:04.812,1.1333,1.1335,8.80,9.60
2010.05.17 18:02:04.932,1.1333,1.1335,8.80,5.60
2010.05.17 18:02:06.362,1.1333,1.1335,8.80,5.70
2010.05.17 18:02:07.182,1.1333,1.1335,4.80,9.70
2010.05.17 18:02:07.437,1.1333,1.1335,8.80,5.70
2010.05.17 18:02:08.075,1.1333,1.1335,8.80,5.60
2010.05.17 18:02:08.967,1.1333,1.13345,5.60,2.40
2010.05.17 18:02:09.318,1.13325,1.1334,1.00,4.00
2010.05.17 18:02:09.553,1.13325,1.1334,1.00,4.00
2010.05.17 18:02:09.792,1.1332,1.1334,15.20,4.00
2010.05.17 18:02:10.033,1.1332,1.1334,8.80,4.00
2010.05.17 18:02:10.976,1.1332,1.1334,8.80,8.00
2010.05.17 18:02:11.143,1.1332,1.1334,8.80,9.60
2010.05.17 18:02:11.318,1.1332,1.13335,8.00,1.60
2010.05.17 18:02:11.496,1.13315,1.13335,16.00,3.20
2010.05.17 18:02:11.663,1.13315,1.13335,14.00,3.20
2010.05.17 18:02:11.833,1.13315,1.13335,11.60,3.20
2010.05.17 18:02:12.821,1.1332,1.1334,14.40,2.40
2010.05.17 18:02:13.166,1.1332,1.1334,8.80,5.60
2010.05.17 18:02:14.239,1.1332,1.1334,8.80,9.70
2010.05.17 18:02:14.483,1.13315,1.13335,14.00,3.20
2010.05.17 18:02:15.564,1.1332,1.13335,3.20,1.60
2010.05.17 18:02:15.858,1.1332,1.13335,4.00,1.60
2010.05.17 18:02:16.154,1.13325,1.1334,1.00,9.70
2010.05.17 18:02:17.897,1.13325,1.1334,1.00,9.70
2010.05.17 18:02:18.534,1.1332,1.13335,5.60,1.60
2010.05.17 18:02:18.743,1.1332,1.13335,11.20,1.60
2010.05.17 18:02:19.930,1.1332,1.13335,3.20,1.60
2010.05.17 18:02:21.329,1.1332,1.1334,4.80,16.00
2010.05.17 18:02:21.674,1.1332,1.1334,4.80,16.80
2010.05.17 18:02:22.710,1.1332,1.1334,4.80,17.20
2010.05.17 18:02:23.018,1.1332,1.1334,4.80,17.40
2010.05.17 18:02:26.843,1.1332,1.1334,3.20,17.40
2010.05.17 18:02:27.181,1.1332,1.13335,3.20,1.60
2010.05.17 18:02:27.525,1.13315,1.13335,14.40,6.00
2010.05.17 18:02:27.866,1.1332,1.13335,3.20,3.20
2010.05.17 18:02:29.573,1.1332,1.13335,3.20,1.60
2010.05.17 18:02:32.076,1.1332,1.1334,8.80,5.20
2010.05.17 18:02:32.716,1.1332,1.1334,8.80,3.60
2010.05.17 18:02:33.013,1.1332,1.1334,8.80,12.80
2010.05.17 18:02:33.885,1.1332,1.1334,8.80,8.80
2010.05.17 18:02:34.901,1.1332,1.1334,4.80,12.80
2010.05.17 18:02:36.182,1.1332,1.1334,4.80,13.20
2010.05.17 18:02:36.524,1.1332,1.1334,4.80,12.80
2010.05.17 18:02:36.862,1.1332,1.1334,8.80,12.80
2010.05.17 18:02:38.360,1.1332,1.1334,4.80,10.80
2010.05.17 18:02:38.453,1.1332,1.1334,4.80,14.80
2010.05.17 18:02:38.822,1.1332,1.1334,2.40,14.80
2010.05.17 18:02:39.470,1.1332,1.13335,2.40,5.60
2010.05.17 18:02:39.824,1.13315,1.13335,10.80,11.20
2010.05.17 18:02:40.168,1.13315,1.13335,10.80,11.20
2010.05.17 18:02:40.516,1.13315,1.13335,13.40,7.20
2010.05.17 18:02:41.486,1.13315,1.13335,6.20,12.40
2010.05.17 18:02:41.623,1.13315,1.13335,2.20,12.40
2010.05.17 18:02:43.922,1.13315,1.13335,6.20,8.40
2010.05.17 18:02:44.071,1.13315,1.1333,6.20,2.40
2010.05.17 18:02:45.893,1.13315,1.1333,2.20,2.40
2010.05.17 18:02:47.102,1.13315,1.1333,2.10,2.40
2010.05.17 18:02:48.210,1.1331,1.1333,9.60,6.80
2010.05.17 18:02:48.345,1.1331,1.1333,9.60,6.50
2010.05.17 18:02:48.473,1.1331,1.1333,5.60,10.50
2010.05.17 18:02:48.733,1.1331,1.1333,4.80,11.30
2010.05.17 18:02:48.861,1.1331,1.13325,4.80,1.60
2010.05.17 18:02:49.697,1.13305,1.13315,15.60,1.00
2010.05.17 18:02:50.031,1.133,1.1332,9.60,5.60
2010.05.17 18:02:50.359,1.133,1.13325,13.60,15.60
2010.05.17 18:02:51.306,1.13305,1.13325,5.60,11.60
2010.05.17 18:02:52.123,1.13305,1.1332,5.60,2.40
2010.05.17 18:02:52.338,1.13305,1.13315,4.00,2.00
2010.05.17 18:02:53.194,1.133,1.13315,3.20,2.00
2010.05.17 18:02:53.474,1.13295,1.1331,9.60,1.60
2010.05.17 18:02:53.745,1.133,1.1331,1.00,1.60
2010.05.17 18:02:55.224,1.13295,1.1331,6.40,3.20
2010.05.17 18:02:55.572,1.13285,1.13305,8.80,2.40
2010.05.17 18:02:55.763,1.13285,1.13305,2.40,11.40
2010.05.17 18:02:56.634,1.13285,1.13305,1.60,19.00
2010.05.17 18:02:58.451,1.13285,1.1331,1.60,21.40
2010.05.17 18:02:59.373,1.13285,1.1331,1.60,20.60
2010.05.17 18:02:59.993,1.13285,1.1331,1.60,22.20
2010.05.17 18:03:01.120,1.13295,1.13305,1.00,1.00
2010.05.17 18:03:01.364,1.13295,1.1332,1.00,20.30
2010.05.17 18:03:01.604,1.1329,1.1332,10.40,20.70
2010.05.17 18:03:01.843,1.1329,1.1332,10.40,20.70
2010.05.17 18:03:02.716,1.13295,1.1332,14.40,20.70
2010.05.17 18:03:03.101,1.13295,1.1332,14.40,22.30
2010.05.17 18:03:06.260,1.1329,1.13305,1.00,4.80
2010.05.17 18:03:06.306,1.1328,1.1331,14.30,22.60
2010.05.17 18:03:06.352,1.1328,1.1331,12.70,32.20
2010.05.17 18:03:06.402,1.1328,1.1331,8.00,32.20
2010.05.17 18:03:06.453,1.1328,1.1331,4.80,23.40
2010.05.17 18:03:07.427,1.1328,1.13305,8.80,18.40
2010.05.17 18:03:07.559,1.1328,1.13305,12.80,17.80
2010.05.17 18:03:07.683,1.1328,1.13305,8.80,17.80
2010.05.17 18:03:07.803,1.1328,1.13305,12.80,17.60
2010.05.17 18:03:11.172,1.1328,1.13295,8.80,1.60
2010.05.17 18:03:11.397,1.1328,1.1329,4.80,1.00
2010.05.17 18:03:11.627,1.1328,1.133,1.00,14.50
2010.05.17 18:03:13.035,1.1328,1.133,1.00,14.40
2010.05.17 18:03:13.285,1.1328,1.13305,3.20,20.00
2010.05.17 18:03:14.260,1.1328,1.13305,7.20,18.40
2010.05.17 18:03:14.606,1.13285,1.13305,2.40,20.00
2010.05.17 18:03:14.884,1.13285,1.13305,3.20,13.20
2010.05.17 18:03:16.524,1.1329,1.1331,3.20,16.80
2010.05.17 18:03:16.754,1.1329,1.1331,4.80,13.60
2010.05.17 18:03:17.666,1.1329,1.1331,8.80,8.00
2010.05.17 18:03:17.995,1.1329,1.1331,9.60,8.00
2010.05.17 18:03:19.170,1.1329,1.1331,10.90,8.00
2010.05.17 18:03:19.438,1.133,1.1332,4.80,12.00
2010.05.17 18:03:19.705,1.133,1.1332,4.80,9.60
2010.05.17 18:03:19.974,1.133,1.1332,8.80,9.60
2010.05.17 18:03:20.874,1.13295,1.13315,1.60,15.20
2010.05.17 18:03:21.131,1.133,1.13315,1.00,10.40
2010.05.17 18:03:21.391,1.133,1.13315,10.40,2.40
2010.05.17 18:03:22.195,1.13305,1.1332,1.60,5.10
2010.05.17 18:03:22.489,1.13305,1.1332,1.60,3.60
2010.05.17 18:03:22.788,1.133,1.1332,13.60,6.00
2010.05.17 18:03:23.568,1.133,1.1332,5.60,10.00
2010.05.17 18:03:23.878,1.133,1.1332,4.80,16.40
2010.05.17 18:03:24.483,1.133,1.13315,4.80,1.00
2010.05.17 18:03:25.788,1.133,1.1332,4.80,11.60
2010.05.17 18:03:26.153,1.133,1.13315,4.80,1.00
2010.05.17 18:03:26.333,1.133,1.1332,4.80,12.40
2010.05.17 18:03:26.516,1.133,1.1332,8.80,11.60
2010.05.17 18:03:27.507,1.133,1.1332,9.70,5.20
2010.05.17 18:03:27.723,1.133,1.1332,10.90,5.20
2010.05.17 18:03:27.933,1.133,1.1332,14.90,5.20
2010.05.17 18:03:29.001,1.133,1.1332,14.80,5.20
2010.05.17 18:03:29.360,1.13305,1.1332,1.00,5.20
2010.05.17 18:03:29.454,1.1331,1.1332,1.00,2.80
2010.05.17 18:03:29.553,1.1331,1.13325,1.00,6.40
2010.05.17 18:03:29.652,1.1331,1.13325,3.20,3.20
2010.05.17 18:03:34.745,1.1331,1.13325,3.20,1.60
2010.05.17 18:03:34.954,1.1331,1.13325,7.20,1.60
2010.05.17 18:03:36.423,1.1331,1.13325,3.20,1.60
2010.05.17 18:03:36.671,1.1332,1.13335,3.20,7.20
2010.05.17 18:03:37.544,1.13315,1.13335,5.70,3.20
2010.05.17 18:03:38.047,1.13315,1.13335,5.70,7.20
2010.05.17 18:03:39.560,1.13315,1.1333,5.60,1.00
2010.05.17 18:03:39.909,1.1331,1.1333,8.80,5.60
2010.05.17 18:03:40.116,1.1331,1.1333,8.80,8.00
2010.05.17 18:03:41.688,1.1331,1.1333,8.80,12.00
2010.05.17 18:03:41.798,1.13315,1.13335,5.70,3.20
2010.05.17 18:03:43.497,1.13315,1.13335,6.00,3.20
2010.05.17 18:03:43.839,1.13315,1.13335,5.60,3.20
2010.05.17 18:03:44.183,1.1331,1.1333,9.60,6.40
2010.05.17 18:03:45.087,1.1331,1.1333,8.80,4.80
2010.05.17 18:03:45.436,1.13315,1.1333,1.00,3.20
2010.05.17 18:03:46.501,1.13315,1.1333,1.00,1.60
2010.05.17 18:03:46.780,1.13315,1.1333,1.00,1.60
2010.05.17 18:03:48.564,1.13315,1.13335,6.00,7.20
2010.05.17 18:03:49.387,1.13315,1.13335,6.20,7.20
2010.05.17 18:03:50.760,1.13315,1.13335,6.20,8.00
2010.05.17 18:03:50.864,1.13315,1.1333,1.60,2.40
2010.05.17 18:03:51.593,1.1331,1.1333,9.60,4.00
2010.05.17 18:03:51.700,1.1331,1.1333,12.80,4.00
2010.05.17 18:03:52.006,1.1331,1.1333,12.00,4.00
2010.05.17 18:03:52.920,1.1331,1.13325,1.60,9.60
2010.05.17 18:03:53.172,1.13305,1.13325,1.60,12.40
2010.05.17 18:03:54.424,1.133,1.1332,15.20,2.40
2010.05.17 18:03:54.768,1.133,1.1332,13.60,1.60
2010.05.17 18:03:55.456,1.133,1.1332,13.60,4.00
2010.05.17 18:03:56.563,1.133,1.13325,13.60,16.40
2010.05.17 18:03:56.771,1.13305,1.13325,4.00,7.20
2010.05.17 18:03:58.914,1.13305,1.1332,1.60,4.80
2010.05.17 18:03:59.046,1.133,1.1332,12.80,4.80
2010.05.17 18:03:59.821,1.133,1.1332,8.80,8.80
2010.05.17 18:04:01.881,1.13295,1.1331,6.40,2.40
2010.05.17 18:04:02.226,1.1329,1.13305,1.60,4.00
2010.05.17 18:04:02.942,1.1329,1.1331,1.00,15.20
2010.05.17 18:04:03.180,1.13285,1.13305,5.80,13.80
2010.05.17 18:04:04.897,1.13285,1.13305,5.60,13.80
2010.05.17 18:04:05.074,1.13285,1.13305,1.60,13.00
2010.05.17 18:04:05.756,1.1328,1.133,13.70,3.20
2010.05.17 18:04:06.081,1.1329,1.1331,12.80,6.40
2010.05.17 18:04:07.384,1.1329,1.13305,8.10,4.00
2010.05.17 18:04:07.628,1.1329,1.1331,10.10,8.00
2010.05.17 18:04:08.493,1.1329,1.1331,14.00,4.80
2010.05.17 18:04:08.820,1.1329,1.1331,12.80,4.80
2010.05.17 18:04:09.138,1.1329,1.1331,9.60,4.00
2010.05.17 18:04:10.095,1.1329,1.1331,8.80,4.80
2010.05.17 18:04:10.432,1.1329,1.13305,3.20,1.60
2010.05.17 18:04:10.765,1.1329,1.1331,3.20,15.20
2010.05.17 18:04:13.449,1.1329,1.13315,4.80,18.80
2010.05.17 18:04:13.758,1.1329,1.1331,3.20,11.20
2010.05.17 18:04:14.064,1.1329,1.1331,2.40,15.20
2010.05.17 18:04:15.012,1.13285,1.13305,1.20,18.40
2010.05.17 18:04:15.359,1.13285,1.13305,4.00,11.20
2010.05.17 18:04:15.626,1.13285,1.13305,4.00,9.60
2010.05.17 18:04:16.303,1.13285,1.13305,4.00,6.40
2010.05.17 18:04:16.581,1.13275,1.13295,12.00,1.60
2010.05.17 18:04:18.100,1.1328,1.133,8.80,10.40
2010.05.17 18:04:18.339,1.1328,1.13305,8.80,24.60
2010.05.17 18:04:18.573,1.1328,1.13305,8.80,24.60
2010.05.17 18:04:20.482,1.1328,1.13295,4.80,1.60
2010.05.17 18:04:24.066,1.1328,1.133,8.80,4.80
2010.05.17 18:04:24.869,1.1328,1.13305,12.80,18.40
2010.05.17 18:04:25.219,1.1328,1.13305,8.80,18.40
2010.05.17 18:04:25.569,1.1328,1.13305,8.80,21.40
2010.05.17 18:04:26.359,1.1328,1.13305,12.80,18.40
2010.05.17 18:04:26.680,1.1329,1.13315,4.80,18.00
2010.05.17 18:04:26.996,1.1329,1.13315,8.80,20.00
2010.05.17 18:04:29.856,1.1329,1.13305,4.00,1.60
2010.05.17 18:04:30.017,1.13285,1.1331,8.70,16.00
2010.05.17 18:04:30.179,1.1329,1.1331,3.20,8.80
2010.05.17 18:04:31.265,1.13285,1.1331,12.00,15.20
2010.05.17 18:04:32.515,1.1329,1.1331,1.50,13.60
2010.05.17 18:04:33.210,1.133,1.1331,1.00,12.00
2010.05.17 18:04:33.356,1.133,1.1332,3.20,16.80
2010.05.17 18:04:33.531,1.133,1.1332,3.20,12.60
2010.05.17 18:04:34.576,1.133,1.13315,4.80,1.00
2010.05.17 18:04:35.593,1.133,1.13315,3.20,2.00
2010.05.17 18:04:36.932,1.133,1.13315,3.20,1.60
2010.05.17 18:04:37.124,1.133,1.1332,4.80,8.40
2010.05.17 18:04:37.316,1.13305,1.1332,1.60,4.00
2010.05.17 18:04:38.367,1.13305,1.13325,9.60,3.20
2010.05.17 18:04:38.556,1.13305,1.13325,12.00,3.20
2010.05.17 18:04:39.745,1.13315,1.13335,1.00,7.20
2010.05.17 18:04:40.085,1.13315,1.13335,3.20,3.20
2010.05.17 18:04:42.787,1.1332,1.1333,2.40,3.20
2010.05.17 18:04:42.871,1.1331,1.1333,4.00,7.60
2010.05.17 18:04:43.036,1.13305,1.1333,13.60,11.60
2010.05.17 18:04:43.116,1.13305,1.1333,13.70,11.60
2010.05.17 18:04:43.836,1.1331,1.1333,2.40,9.20
2010.05.17 18:04:44.182,1.13305,1.13325,8.00,7.20
2010.05.17 18:04:45.496,1.1331,1.13325,4.80,4.00
2010.05.17 18:04:45.840,1.1331,1.1333,8.90,5.20
2010.05.17 18:04:47.095,1.1331,1.1333,8.10,5.20
2010.05.17 18:04:47.210,1.1331,1.1333,8.90,5.20
2010.05.17 18:04:48.824,1.1332,1.13335,3.20,9.60
2010.05.17 18:04:49.169,1.1332,1.1334,8.80,7.60
2010.05.17 18:04:49.951,1.1332,1.1334,12.80,3.60
2010.05.17 18:04:50.264,1.1332,1.13335,1.60,8.00
2010.05.17 18:04:50.850,1.1332,1.13335,1.60,1.60
2010.05.17 18:04:51.157,1.1332,1.13335,1.60,2.80
2010.05.17 18:04:51.814,1.13325,1.13335,1.60,1.20
2010.05.17 18:04:52.168,1.13325,1.13345,1.60,12.40
2010.05.17 18:04:52.330,1.13325,1.1334,1.60,2.40
2010.05.17 18:04:53.619,1.13325,1.13345,2.40,16.40
2010.05.17 18:04:53.957,1.13325,1.13345,1.60,7.20
2010.05.17 18:04:54.901,1.13325,1.13345,1.60,5.60
2010.05.17 18:04:57.296,1.13325,1.13345,5.60,5.60
2010.05.17 18:04:57.781,1.13325,1.13345,5.60,1.60
2010.05.17 18:04:58.041,1.13325,1.13345,6.40,1.60
2010.05.17 18:04:58.302,1.13325,1.13345,10.40,1.60
2010.05.17 18:04:59.613,1.13325,1.13345,11.70,1.60
2010.05.17 18:04:59.811,1.13325,1.13345,10.40,1.60
2010.05.17 18:05:00.013,1.13325,1.13345,7.60,1.60
2010.05.17 18:05:01.327,1.13325,1.1334,1.60,1.00
2010.05.17 18:05:03.629,1.1332,1.1334,14.90,2.20
2010.05.17 18:05:03.924,1.1332,1.1334,8.80,6.20
2010.05.17 18:05:04.483,1.1332,1.1334,8.80,5.20
2010.05.17 18:05:05.130,1.1332,1.1334,8.80,3.60
2010.05.17 18:05:05.461,1.1333,1.13345,6.40,1.00
2010.05.17 18:05:05.789,1.13325,1.1334,1.60,1.00
2010.05.17 18:05:06.709,1.1332,1.1334,14.90,1.20
2010.05.17 18:05:06.990,1.1332,1.1334,14.90,2.00
2010.05.17 18:05:07.263,1.1332,1.1334,14.90,3.00
2010.05.17 18:05:08.579,1.13325,1.1334,2.90,1.40
2010.05.17 18:05:08.857,1.13325,1.1334,9.20,1.40
2010.05.17 18:05:10.652,1.13325,1.1334,8.00,1.40
2010.05.17 18:05:10.823,1.13325,1.1334,8.00,1.20
2010.05.17 18:05:10.995,1.13325,1.1334,5.60,1.20
2010.05.17 18:05:11.163,1.13325,1.1334,4.00,1.20
2010.05.17 18:05:11.966,1.13325,1.1334,6.40,1.20
2010.05.17 18:05:14.292,1.13325,1.1334,4.00,1.20
2010.05.17 18:05:14.424,1.1333,1.1334,3.20,1.00
2010.05.17 18:05:14.553,1.1333,1.13345,2.40,9.60
2010.05.17 18:05:15.207,1.1333,1.13345,2.40,5.60
2010.05.17 18:05:15.551,1.1333,1.13345,2.40,1.60
2010.05.17 18:05:16.646,1.1333,1.1335,8.00,11.20
2010.05.17 18:05:16.929,1.1333,1.1335,8.80,6.40
2010.05.17 18:05:17.208,1.1333,1.1335,6.00,10.40
2010.05.17 18:05:18.095,1.13335,1.1335,4.00,1.00
2010.05.17 18:05:18.427,1.13335,1.13355,4.00,15.20
2010.05.17 18:05:19.074,1.1333,1.1335,14.80,4.80
2010.05.17 18:05:19.404,1.1333,1.1335,14.00,4.80
2010.05.17 18:05:20.416,1.1333,1.13345,2.90,2.40
2010.05.17 18:05:20.586,1.1333,1.1335,14.10,4.80
2010.05.17 18:05:21.712,1.13335,1.1335,2.50,2.40
2010.05.17 18:05:22.018,1.13335,1.1335,2.40,2.40
2010.05.17 18:05:22.323,1.13335,1.13355,2.40,14.80
2010.05.17 18:05:22.625,1.13335,1.13355,6.40,12.40
2010.05.17 18:05:23.554,1.13335,1.1335,2.40,1.00
2010.05.17 18:05:23.858,1.1333,1.1335,13.60,2.40
2010.05.17 18:05:24.043,1.1333,1.1335,8.80,2.40
2010.05.17 18:05:26.051,1.1333,1.1335,8.80,4.00
2010.05.17 18:05:26.257,1.1333,1.1335,8.80,8.00
2010.05.17 18:05:31.103,1.1333,1.1335,8.90,5.60
2010.05.17 18:05:31.856,1.13335,1.13355,14.40,7.20
2010.05.17 18:05:32.543,1.13335,1.1335,2.40,2.40
2010.05.17 18:05:33.488,1.13335,1.1335,4.10,1.60
2010.05.17 18:05:33.843,1.13335,1.1335,8.00,1.60
2010.05.17 18:05:34.963,1.13335,1.13355,8.00,13.20
2010.05.17 18:05:35.615,1.13335,1.1335,8.00,1.60
2010.05.17 18:05:35.935,1.13335,1.1335,2.40,2.40
2010.05.17 18:05:41.035,1.13345,1.1336,1.00,13.60
2010.05.17 18:05:41.209,1.13345,1.13365,7.30,10.00
2010.05.17 18:05:41.379,1.1335,1.13365,1.00,9.20
2010.05.17 18:05:42.050,1.1335,1.13365,1.00,8.80
2010.05.17 18:05:42.405,1.1335,1.1337,4.80,13.60
2010.05.17 18:05:42.750,1.1335,1.1337,4.80,9.60
2010.05.17 18:05:45.014,1.1335,1.1337,4.80,8.00
2010.05.17 18:05:45.328,1.1336,1.13375,3.20,1.60
2010.05.17 18:05:46.980,1.13355,1.1337,4.00,5.20
2010.05.17 18:05:48.242,1.1335,1.13365,10.40,1.60
2010.05.17 18:05:48.888,1.1335,1.13365,6.40,1.60
2010.05.17 18:05:48.930,1.13345,1.13365,10.40,1.60
2010.05.17 18:05:49.133,1.13345,1.13365,10.40,2.80
2010.05.17 18:05:49.174,1.13345,1.13365,9.60,2.80
2010.05.17 18:05:49.855,1.13345,1.13365,9.60,5.20
2010.05.17 18:05:49.908,1.13345,1.13365,5.60,10.80
2010.05.17 18:05:50.259,1.13345,1.13365,5.70,10.00
2010.05.17 18:05:50.606,1.13345,1.13365,10.90,3.20
2010.05.17 18:05:51.620,1.13345,1.13365,2.90,16.40
2010.05.17 18:05:51.842,1.13345,1.13365,2.90,12.40
2010.05.17 18:05:52.067,1.13345,1.13365,6.90,7.20
2010.05.17 18:05:52.831,1.13345,1.13365,10.90,3.20
2010.05.17 18:05:53.081,1.13345,1.13365,6.90,10.00
2010.05.17 18:05:53.330,1.13345,1.13365,2.90,14.80
2010.05.17 18:05:53.576,1.13345,1.13365,2.80,12.40
2010.05.17 18:05:54.393,1.13345,1.13365,1.60,12.40
2010.05.17 18:05:54.744,1.1335,1.13365,2.40,3.20
2010.05.17 18:05:55.088,1.13345,1.13365,10.80,3.20
2010.05.17 18:05:56.092,1.13345,1.13365,10.90,3.90
2010.05.17 18:05:56.438,1.13345,1.13365,6.90,13.10
2010.05.17 18:06:00.459,1.13345,1.13365,6.80,13.10
2010.05.17 18:06:01.352,1.13345,1.13365,1.60,13.10
2010.05.17 18:06:05.872,1.1334,1.13365,13.60,13.10
2010.05.17 18:06:08.767,1.1334,1.13365,13.60,17.10
2010.05.17 18:06:09.572,1.1334,1.13365,13.70,17.10
2010.05.17 18:06:10.061,1.1334,1.13365,13.60,17.10
2010.05.17 18:06:11.049,1.1334,1.13365,13.60,17.30
2010.05.17 18:06:11.172,1.1334,1.13365,13.70,17.30
2010.05.17 18:06:11.911,1.1334,1.13365,13.70,18.10
2010.05.17 18:06:12.302,1.1334,1.13365,13.60,18.10
2010.05.17 18:06:12.622,1.1334,1.13365,13.70,18.10
2010.05.17 18:06:13.784,1.1334,1.13365,13.60,18.10
2010.05.17 18:06:14.215,1.1334,1.1336,13.60,1.60
2010.05.17 18:06:14.381,1.1334,1.1336,13.60,2.40
2010.05.17 18:06:14.421,1.1334,1.1336,13.60,1.60
2010.05.17 18:06:14.504,1.1334,1.1336,9.60,1.60
2010.05.17 18:06:14.858,1.1334,1.13355,9.60,1.00
2010.05.17 18:06:15.523,1.1334,1.13355,5.60,1.00
2010.05.17 18:06:15.854,1.13335,1.13355,11.30,5.20
2010.05.17 18:06:16.013,1.13335,1.13355,15.30,4.40
2010.05.17 18:06:21.488,1.13335,1.13355,15.30,4.00
2010.05.17 18:06:21.730,1.1334,1.1336,12.80,4.00
2010.05.17 18:06:21.863,1.1334,1.1336,12.80,3.20
2010.05.17 18:06:21.993,1.1334,1.1336,12.90,3.20
2010.05.17 18:06:22.125,1.1334,1.13365,14.90,7.60
2010.05.17 18:06:22.916,1.1335,1.13365,3.20,1.60
2010.05.17 18:06:23.498,1.1335,1.13365,4.80,1.60
2010.05.17 18:06:25.413,1.1335,1.1337,4.80,9.20
2010.05.17 18:06:26.134,1.1335,1.1337,4.90,9.20
2010.05.17 18:06:26.386,1.1335,1.1337,4.80,9.20
2010.05.17 18:06:27.071,1.1335,1.1337,4.90,9.20
2010.05.17 18:06:27.922,1.1336,1.13375,3.20,10.40
2010.05.17 18:06:28.713,1.1336,1.13375,3.20,5.60
2010.05.17 18:06:28.911,1.13355,1.13375,1.60,12.40
2010.05.17 18:06:29.575,1.1335,1.13365,6.40,2.40
2010.05.17 18:06:29.923,1.13345,1.13365,14.10,4.40
2010.05.17 18:06:30.218,1.1335,1.13365,4.10,2.00
2010.05.17 18:06:31.101,1.13355,1.1337,2.40,6.80
2010.05.17 18:06:31.328,1.1335,1.1337,12.80,6.00
2010.05.17 18:06:31.557,1.1336,1.1337,3.70,1.60
2010.05.17 18:06:32.232,1.13365,1.1337,2.40,1.60
2010.05.17 18:06:32.581,1.13365,1.1338,2.40,5.20
2010.05.17 18:06:32.923,1.13365,1.1338,2.40,3.60
2010.05.17 18:06:33.920,1.1336,1.1338,8.80,9.20
2010.05.17 18:06:34.272,1.13365,1.1338,2.40,3.60
2010.05.17 18:06:35.338,1.13365,1.1338,2.40,5.20
2010.05.17 18:06:35.591,1.13345,1.1337,12.90,5.20
2010.05.17 18:06:36.965,1.1335,1.1337,4.90,9.20
2010.05.17 18:06:37.311,1.13355,1.1337,1.00,3.60
2010.05.17 18:06:37.657,1.1335,1.1337,8.80,5.20
2010.05.17 18:06:38.403,1.1335,1.1337,14.10,5.20
2010.05.17 18:06:38.748,1.1335,1.1336,10.10,1.00
2010.05.17 18:06:38.994,1.1335,1.1336,10.10,1.00
2010.05.17 18:06:39.116,1.1335,1.1336,10.00,1.00
2010.05.17 18:06:40.326,1.1335,1.1336,8.80,1.00
2010.05.17 18:06:41.778,1.1335,1.1336,7.20,1.00
2010.05.17 18:06:42.130,1.1335,1.1336,11.60,1.00
2010.05.17 18:06:42.480,1.1335,1.1336,14.00,1.00
2010.05.17 18:06:45.485,1.13355,1.1336,2.40,1.00
2010.05.17 18:06:45.832,1.1336,1.1338,3.20,3.20
2010.05.17 18:06:47.749,1.13355,1.13375,1.60,7.20
2010.05.17 18:06:49.282,1.1336,1.13375,3.20,3.20
2010.05.17 18:06:53.614,1.1336,1.13375,3.20,1.60
2010.05.17 18:06:59.448,1.1336,1.13375,7.20,1.60
2010.05.17 18:06:59.597,1.1336,1.1338,12.80,5.20
2010.05.17 18:06:59.885,1.1336,1.1338,3.20,11.60
2010.05.17 18:07:00.956,1.1336,1.13375,3.20,1.60
2010.05.17 18:07:11.016,1.1336,1.1338,4.80,12.10
2010.05.17 18:07:13.148,1.1336,1.13375,3.20,3.20
2010.05.17 18:07:13.241,1.1335,1.1337,3.20,11.60
2010.05.17 18:07:13.326,1.1335,1.13365,3.20,1.60
2010.05.17 18:07:14.160,1.1335,1.13365,3.20,7.20
2010.05.17 18:07:24.464,1.1335,1.13365,3.20,5.60
2010.05.17 18:07:24.803,1.1335,1.1337,3.20,14.40
2010.05.17 18:07:25.774,1.1335,1.1337,3.20,9.60
2010.05.17 18:07:26.723,1.1335,1.1337,3.20,10.40
2010.05.17 18:07:29.181,1.1335,1.1337,4.80,10.40
2010.05.17 18:07:29.383,1.1335,1.1337,8.80,10.40
2010.05.17 18:07:29.693,1.1335,1.1336,6.40,2.40
2010.05.17 18:07:30.411,1.1335,1.1336,4.00,2.40
2010.05.17 18:07:30.761,1.1333,1.1335,1.60,2.40
2010.05.17 18:07:32.229,1.13335,1.1335,1.60,3.20
2010.05.17 18:07:33.065,1.13335,1.1335,1.60,8.80
2010.05.17 18:07:33.213,1.13335,1.1335,1.60,8.00
2010.05.17 18:07:33.994,1.13335,1.1335,2.40,8.00
2010.05.17 18:07:34.269,1.13335,1.13355,2.40,8.80
2010.05.17 18:07:34.546,1.13335,1.13355,2.40,7.20
2010.05.17 18:07:35.725,1.13335,1.13355,1.60,8.00
2010.05.17 18:07:36.023,1.13335,1.13355,1.60,8.80
2010.05.17 18:07:36.916,1.1334,1.13355,4.00,8.80
2010.05.17 18:07:37.916,1.1334,1.13355,13.60,1.00
2010.05.17 18:07:38.255,1.13345,1.13355,1.60,1.00
2010.05.17 18:07:39.298,1.1335,1.13375,3.20,15.20
2010.05.17 18:07:39.638,1.1335,1.13375,4.80,13.60
2010.05.17 18:07:39.976,1.1335,1.13375,4.00,13.60
2010.05.17 18:07:40.958,1.1335,1.1337,1.60,14.60
2010.05.17 18:07:41.287,1.1335,1.1337,1.60,14.40
2010.05.17 18:07:41.452,1.1335,1.1337,1.60,14.60
2010.05.17 18:07:42.092,1.1335,1.1337,1.60,15.40
2010.05.17 18:07:49.296,1.1335,1.13365,1.60,8.00
2010.05.17 18:07:49.504,1.1334,1.1336,8.80,5.60
2010.05.17 18:07:49.696,1.1334,1.1336,8.00,4.80
2010.05.17 18:07:49.888,1.1334,1.1336,1.70,16.00
2010.05.17 18:07:50.715,1.1334,1.13355,2.90,1.60
2010.05.17 18:07:51.033,1.1334,1.13355,2.80,4.00
2010.05.17 18:07:51.356,1.1334,1.13355,1.60,4.00
2010.05.17 18:07:53.000,1.1334,1.13355,1.70,4.00
2010.05.17 18:07:53.156,1.1334,1.13355,3.30,1.60
2010.05.17 18:07:53.307,1.1334,1.13365,9.70,21.00
2010.05.17 18:07:54.008,1.1334,1.1336,13.60,2.40
2010.05.17 18:07:54.703,1.1334,1.1336,13.70,2.40
2010.05.17 18:07:56.282,1.1334,1.1336,13.60,2.40
2010.05.17 18:07:57.016,1.1334,1.1336,13.60,2.40
2010.05.17 18:07:59.266,1.13345,1.1336,1.20,2.40
2010.05.17 18:07:59.603,1.1335,1.1337,12.50,7.10
2010.05.17 18:07:59.766,1.1335,1.1337,14.90,1.90
2010.05.17 18:08:01.052,1.1335,1.1337,14.90,1.10
2010.05.17 18:08:01.313,1.13355,1.1337,1.60,1.10
2010.05.17 18:08:04.403,1.13355,1.1337,1.60,3.50
2010.05.17 18:08:11.410,1.1335,1.13365,13.60,1.60
2010.05.17 18:08:11.612,1.1335,1.13365,4.00,1.60
2010.05.17 18:08:11.808,1.13345,1.13365,7.20,1.60
2010.05.17 18:08:12.461,1.13345,1.13365,7.20,5.60
2010.05.17 18:08:12.766,1.13345,1.13365,6.40,3.20
2010.05.17 18:08:14.016,1.1335,1.13365,3.20,3.20
2010.05.17 18:08:15.005,1.13345,1.13365,8.80,6.40
2010.05.17 18:08:15.168,1.1335,1.13365,3.20,8.00
2010.05.17 18:08:15.339,1.1335,1.13365,3.20,4.00
2010.05.17 18:08:16.354,1.1335,1.13375,14.90,13.40
2010.05.17 18:08:19.968,1.1336,1.13375,3.20,1.60
2010.05.17 18:08:20.655,1.1336,1.13375,7.20,1.60
2010.05.17 18:08:21.639,1.1336,1.1338,13.70,4.80
2010.05.17 18:08:21.840,1.1336,1.1338,13.60,5.60
2010.05.17 18:08:22.035,1.1336,1.1338,13.60,6.00
2010.05.17 18:08:22.223,1.1336,1.1338,13.60,5.20
2010.05.17 18:08:24.895,1.1336,1.13375,13.60,1.60
2010.05.17 18:08:25.194,1.1336,1.13375,11.20,1.60
2010.05.17 18:08:25.860,1.1336,1.13375,10.40,1.60
2010.05.17 18:08:25.986,1.1336,1.13375,2.40,4.00
2010.05.17 18:08:28.613,1.13355,1.1337,12.00,1.20
2010.05.17 18:08:28.704,1.13355,1.1337,5.60,5.20
2010.05.17 18:08:28.797,1.1335,1.1337,19.20,5.20
2010.05.17 18:08:29.557,1.1335,1.13365,16.80,1.60
2010.05.17 18:08:29.909,1.1335,1.13365,7.20,4.00
2010.05.17 18:08:30.895,1.1335,1.1336,7.20,1.60
2010.05.17 18:08:31.212,1.1334,1.13355,4.00,1.00
2010.05.17 18:08:31.529,1.1334,1.13355,8.00,1.00
2010.05.17 18:08:32.174,1.1334,1.1336,8.00,4.80
2010.05.17 18:08:34.025,1.1334,1.1335,4.00,1.60
2010.05.17 18:08:34.372,1.1334,1.13355,9.20,1.60
2010.05.17 18:08:35.018,1.13345,1.1336,1.60,2.40
2010.05.17 18:08:36.293,1.13345,1.13365,1.60,11.20
2010.05.17 18:08:36.522,1.13345,1.13365,9.60,4.00
2010.05.17 18:08:37.438,1.13345,1.13365,11.20,1.60
2010.05.17 18:08:38.096,1.1335,1.1337,7.20,5.60
2010.05.17 18:08:38.825,1.1335,1.1337,7.20,4.00
2010.05.17 18:08:39.114,1.1335,1.1337,14.90,3.20
2010.05.17 18:08:39.673,1.1335,1.1337,9.60,9.60
2010.05.17 18:08:40.932,1.1335,1.1337,13.60,1.60
2010.05.17 18:08:42.714,1.1335,1.1337,4.90,8.80
2010.05.17 18:08:43.026,1.1335,1.1337,6.00,8.80
2010.05.17 18:08:43.643,1.1335,1.1337,6.10,8.80
2010.05.17 18:08:44.691,1.1334,1.1336,7.20,7.20
2010.05.17 18:08:45.995,1.1334,1.1336,7.20,11.20
2010.05.17 18:08:50.572,1.1334,1.1336,7.20,10.40
2010.05.17 18:08:51.358,1.1334,1.13355,7.20,1.60
2010.05.17 18:08:51.519,1.1334,1.13355,3.20,1.60
2010.05.17 18:08:52.980,1.1334,1.13355,3.30,1.60
2010.05.17 18:08:53.177,1.1334,1.1336,4.90,6.40
2010.05.17 18:08:54.020,1.1334,1.1336,8.80,4.00
2010.05.17 18:08:54.373,1.1334,1.1336,13.60,1.60
2010.05.17 18:08:56.647,1.1335,1.13365,3.20,4.20
2010.05.17 18:08:56.729,1.1335,1.1337,9.60,3.20
2010.05.17 18:08:57.498,1.1335,1.1337,9.60,6.40
2010.05.17 18:08:57.663,1.1335,1.1337,6.40,7.20
2010.05.17 18:08:58.006,1.13345,1.1337,14.00,15.20
2010.05.17 18:08:58.466,1.13345,1.1337,14.80,15.20
2010.05.17 18:08:58.804,1.13345,1.1337,14.80,16.00
2010.05.17 18:08:59.776,1.13345,1.1337,13.60,16.00
2010.05.17 18:09:00.017,1.13345,1.1337,13.60,12.00
2010.05.17 18:09:00.373,1.13345,1.1337,13.60,11.20
2010.05.17 18:09:00.553,1.13345,1.1337,14.80,12.00
2010.05.17 18:09:01.092,1.13345,1.1337,13.60,12.00
2010.05.17 18:09:01.753,1.13345,1.13365,13.60,1.60
2010.05.17 18:09:01.973,1.1335,1.13365,1.00,1.60
2010.05.17 18:09:02.193,1.1335,1.1337,3.20,12.00
2010.05.17 18:09:02.823,1.1335,1.1337,7.20,8.00
2010.05.17 18:09:02.974,1.1335,1.1337,7.20,12.00
2010.05.17 18:09:05.831,1.13355,1.13375,1.00,13.60
2010.05.17 18:09:06.002,1.13355,1.13375,6.40,13.60
2010.05.17 18:09:08.762,1.13355,1.13375,6.40,18.40
2010.05.17 18:09:08.886,1.13355,1.1337,2.40,2.40
2010.05.17 18:09:11.900,1.1336,1.13375,2.40,6.80
2010.05.17 18:09:12.050,1.1336,1.13375,3.20,2.40
2010.05.17 18:09:12.199,1.1336,1.1338,5.60,8.00
2010.05.17 18:09:12.950,1.1336,1.1338,9.60,9.20
2010.05.17 18:09:13.301,1.1336,1.1338,13.60,3.60
2010.05.17 18:09:13.654,1.1336,1.1338,14.90,3.60
2010.05.17 18:09:14.648,1.1337,1.13385,2.40,4.80
2010.05.17 18:09:15.003,1.1337,1.1339,3.20,16.00
2010.05.17 18:09:15.970,1.1337,1.1339,3.20,15.20
2010.05.17 18:09:18.611,1.1336,1.1338,9.60,8.00
2010.05.17 18:09:18.754,1.1336,1.1338,9.60,4.00
2010.05.17 18:09:19.941,1.1337,1.13385,3.20,1.60
2010.05.17 18:09:22.564,1.1337,1.13385,3.20,5.60
2010.05.17 18:09:23.371,1.13375,1.1339,3.20,4.00
2010.05.17 18:09:23.442,1.13375,1.13395,3.20,14.80
2010.05.17 18:09:23.525,1.13375,1.13395,6.40,14.60
2010.05.17 18:09:24.221,1.13375,1.13395,6.40,12.00
2010.05.17 18:09:24.309,1.13375,1.1339,5.60,2.40
2010.05.17 18:09:24.657,1.13375,1.1339,1.60,3.20
2010.05.17 18:09:25.628,1.1337,1.1339,13.60,4.00
2010.05.17 18:09:25.859,1.1337,1.1339,13.60,4.80
2010.05.17 18:09:26.087,1.1337,1.1339,13.60,7.20
2010.05.17 18:09:26.303,1.1337,1.1339,14.80,7.20
2010.05.17 18:09:27.138,1.1337,1.13385,12.40,2.40
2010.05.17 18:09:27.407,1.1337,1.1338,8.00,2.40
2010.05.17 18:09:28.318,1.1336,1.1338,12.00,3.20
2010.05.17 18:09:28.660,1.1336,1.1338,9.60,1.00
2010.05.17 18:09:28.997,1.1336,1.1338,13.60,2.40
2010.05.17 18:09:30.237,1.1336,1.1338,13.60,1.20
2010.05.17 18:09:30.554,1.1336,1.1338,13.60,5.20
2010.05.17 18:09:32.323,1.13365,1.1338,6.40,1.60
2010.05.17 18:09:33.124,1.1337,1.13385,2.40,6.00
2010.05.17 18:09:33.906,1.1337,1.1339,4.00,16.00
2010.05.17 18:09:34.160,1.1337,1.1339,8.80,7.20
2010.05.17 18:09:36.185,1.1337,1.1339,12.80,4.00
2010.05.17 18:09:36.869,1.13375,1.1339,2.40,1.00
2010.05.17 18:09:37.192,1.13375,1.1339,8.80,1.60
2010.05.17 18:09:37.521,1.1337,1.13385,2.10,3.20
2010.05.17 18:09:38.167,1.1337,1.13385,2.10,2.40
2010.05.17 18:09:38.478,1.1337,1.1339,5.30,11.20
2010.05.17 18:09:40.028,1.1337,1.1339,5.30,10.40
2010.05.17 18:09:40.888,1.1337,1.1339,5.60,10.40
2010.05.17 18:09:41.885,1.1337,1.1339,4.80,10.40
2010.05.17 18:09:43.029,1.1337,1.1339,4.80,11.20
2010.05.17 18:09:47.834,1.1337,1.1339,4.00,11.20
2010.05.17 18:09:48.024,1.1337,1.1339,4.00,15.20
2010.05.17 18:09:48.404,1.1337,1.1339,4.00,11.20
2010.05.17 18:09:49.242,1.1337,1.1339,4.00,12.00
2010.05.17 18:09:50.035,1.1337,1.1339,4.80,11.20
2010.05.17 18:09:52.703,1.1337,1.1339,13.60,6.40
2010.05.17 18:09:53.861,1.1337,1.1339,17.20,4.80
2010.05.17 18:09:54.127,1.13375,1.1339,2.40,2.40
2010.05.17 18:09:58.698,1.13375,1.1339,2.40,1.60
2010.05.17 18:09:59.405,1.13375,1.13395,8.80,14.30
2010.05.17 18:10:01.172,1.1338,1.13395,2.40,5.00
2010.05.17 18:10:01.274,1.1338,1.134,5.60,13.60
2010.05.17 18:10:01.379,1.1338,1.134,10.40,9.60
2010.05.17 18:10:01.474,1.13385,1.134,2.40,2.40
2010.05.17 18:10:04.217,1.1338,1.134,9.60,4.80
2010.05.17 18:10:05.105,1.1338,1.134,9.60,8.80
2010.05.17 18:10:05.833,1.1338,1.134,14.40,4.80
2010.05.17 18:10:06.084,1.13385,1.134,2.40,2.40
2010.05.17 18:10:07.358,1.13375,1.1339,8.00,1.00
2010.05.17 18:10:07.723,1.13375,1.13395,8.90,13.90
2010.05.17 18:10:08.449,1.1338,1.13395,1.00,12.60
2010.05.17 18:10:08.781,1.1338,1.134,9.60,4.80
2010.05.17 18:10:10.044,1.1338,1.134,5.60,8.80
2010.05.17 18:10:10.724,1.1338,1.134,5.60,9.60
2010.05.17 18:10:11.064,1.1338,1.134,5.60,8.80
2010.05.17 18:10:14.990,1.1338,1.134,5.70,8.80
2010.05.17 18:10:15.141,1.1338,1.134,6.50,8.80
2010.05.17 18:10:15.425,1.13385,1.134,2.40,2.40
2010.05.17 18:10:17.178,1.13385,1.134,2.40,1.00
2010.05.17 18:10:20.437,1.1338,1.13395,12.00,2.40
2010.05.17 18:10:20.601,1.1338,1.1339,4.00,1.00
2010.05.17 18:10:20.756,1.13375,1.1339,8.00,3.20
2010.05.17 18:10:21.585,1.13375,1.1339,5.60,3.20
2010.05.17 18:10:23.363,1.1337,1.1339,4.00,16.00
2010.05.17 18:10:24.617,1.13365,1.1338,4.40,1.00
2010.05.17 18:10:25.608,1.1336,1.13375,2.40,5.60
2010.05.17 18:10:25.891,1.1336,1.13375,3.20,1.60
2010.05.17 18:10:26.168,1.1336,1.1338,7.20,9.20
2010.05.17 18:10:26.981,1.1336,1.1338,8.80,9.20
2010.05.17 18:10:27.331,1.13355,1.13375,10.40,3.20
2010.05.17 18:10:27.676,1.13355,1.13375,10.40,6.40
2010.05.17 18:10:28.645,1.13355,1.13375,1.60,10.40
2010.05.17 18:10:28.983,1.13355,1.13375,1.60,14.40
2010.05.17 18:10:29.317,1.13355,1.13375,13.20,10.40
2010.05.17 18:10:29.574,1.1336,1.13375,1.00,10.40
2010.05.17 18:10:31.518,1.1335,1.1337,12.80,2.40
2010.05.17 18:10:32.212,1.1335,1.1337,12.80,4.80
2010.05.17 18:10:32.277,1.1335,1.1337,7.20,7.20
2010.05.17 18:10:35.530,1.1335,1.1337,3.90,11.20
2010.05.17 18:10:36.319,1.1335,1.1337,6.70,8.00
2010.05.17 18:10:36.608,1.1335,1.1337,13.60,1.60
2010.05.17 18:10:38.003,1.1335,1.1337,13.60,4.00
2010.05.17 18:10:38.269,1.1335,1.1337,9.60,4.00
2010.05.17 18:10:39.741,1.1335,1.1337,13.60,1.60
2010.05.17 18:10:41.670,1.1335,1.1337,14.90,4.00
2010.05.17 18:10:41.845,1.13355,1.1337,4.00,4.00
2010.05.17 18:10:42.023,1.13355,1.1337,7.20,1.60
2010.05.17 18:10:42.204,1.13355,1.1337,12.80,1.60
2010.05.17 18:10:43.148,1.13355,1.1337,8.80,1.60
2010.05.17 18:10:44.009,1.1335,1.1337,13.60,4.00
2010.05.17 18:10:48.998,1.1335,1.1337,9.60,4.00
2010.05.17 18:10:49.014,1.1335,1.1337,10.80,4.00
2010.05.17 18:10:49.073,1.1335,1.1337,10.80,8.00
2010.05.17 18:10:49.095,1.1335,1.1337,10.90,8.00
2010.05.17 18:10:49.176,1.1335,1.1337,14.90,8.00
2010.05.17 18:10:50.165,1.13345,1.13365,12.80,3.20
2010.05.17 18:10:53.480,1.13345,1.13365,8.80,7.20
2010.05.17 18:10:54.798,1.13345,1.13365,12.80,3.20
2010.05.17 18:10:56.286,1.13345,1.13365,8.80,3.20
2010.05.17 18:10:56.469,1.1335,1.13365,3.20,3.20
2010.05.17 18:11:05.705,1.1334,1.1336,3.20,15.20
2010.05.17 18:11:05.799,1.1334,1.13355,3.20,1.60
2010.05.17 18:11:09.690,1.1334,1.13355,6.90,1.60
2010.05.17 18:11:09.886,1.1334,1.1336,14.80,1.00
2010.05.17 18:11:10.854,1.1334,1.1336,5.50,13.60
2010.05.17 18:11:15.268,1.1334,1.1336,9.50,9.60
2010.05.17 18:11:15.463,1.1334,1.1336,5.50,9.60
2010.05.17 18:11:21.443,1.13345,1.1336,7.40,4.00
2010.05.17 18:11:22.270,1.13355,1.1336,1.60,4.00
2010.05.17 18:11:22.619,1.1336,1.1338,3.20,3.20
2010.05.17 18:11:28.453,1.1336,1.13375,2.40,3.20
2010.05.17 18:11:28.659,1.13355,1.13375,4.00,3.20
2010.05.17 18:11:28.767,1.1335,1.13375,14.40,7.20
2010.05.17 18:11:28.866,1.1335,1.13375,14.50,7.20
2010.05.17 18:11:29.522,1.13355,1.13375,4.00,7.20
2010.05.17 18:11:29.875,1.1336,1.1338,4.80,11.20
2010.05.17 18:11:30.222,1.13365,1.13385,2.50,19.60
2010.05.17 18:11:31.186,1.1336,1.1338,12.80,4.80
2010.05.17 18:11:31.531,1.1336,1.1338,4.80,12.00
2010.05.17 18:11:31.803,1.1336,1.1338,4.80,11.60
2010.05.17 18:11:33.076,1.1336,1.1338,4.80,12.00
2010.05.17 18:11:33.222,1.1336,1.13375,3.20,1.60
2010.05.17 18:11:33.516,1.1336,1.13375,2.40,1.60
2010.05.17 18:11:34.430,1.1335,1.1337,14.40,5.60
2010.05.17 18:11:34.714,1.1335,1.1337,8.80,11.20
2010.05.17 18:11:34.993,1.1335,1.1337,4.80,11.20
2010.05.17 18:11:36.596,1.1335,1.1337,4.80,15.20
2010.05.17 18:11:37.492,1.1335,1.13365,3.20,1.60
2010.05.17 18:11:40.929,1.1335,1.13365,4.10,1.60
2010.05.17 18:11:40.994,1.1335,1.1337,6.90,10.40
2010.05.17 18:11:41.695,1.1335,1.1337,10.90,4.00
2010.05.17 18:11:42.012,1.1336,1.13375,3.20,1.60
2010.05.17 18:11:45.130,1.1336,1.13375,3.20,3.20
2010.05.17 18:11:45.171,1.1336,1.13375,3.20,1.60
2010.05.17 18:11:52.849,1.1336,1.13375,3.20,3.20
2010.05.17 18:11:53.201,1.1336,1.1337,3.20,1.60
2010.05.17 18:11:57.313,1.1336,1.1337,1.00,1.60
2010.05.17 18:12:03.863,1.13355,1.1337,4.00,1.60
2010.05.17 18:12:04.015,1.13355,1.1337,2.40,1.60
2010.05.17 18:12:04.064,1.13355,1.1337,2.40,9.60
2010.05.17 18:12:04.112,1.1335,1.1337,8.00,13.60
2010.05.17 18:12:04.785,1.1335,1.1337,6.40,10.40
2010.05.17 18:12:05.017,1.13345,1.13365,8.00,3.20
2010.05.17 18:12:05.240,1.13345,1.13365,5.60,8.00
2010.05.17 18:12:05.467,1.1334,1.13365,13.60,12.00
2010.05.17 18:12:06.328,1.1334,1.1336,9.60,4.00
2010.05.17 18:12:06.671,1.1334,1.1336,3.20,14.40
2010.05.17 18:12:08.005,1.1333,1.13345,2.40,12.80
2010.05.17 18:12:08.306,1.1332,1.1334,2.40,7.60
2010.05.17 18:12:09.239,1.13315,1.13335,4.90,12.00
2010.05.17 18:12:09.502,1.13325,1.13335,1.00,1.60
2010.05.17 18:12:10.411,1.1333,1.13345,3.20,3.20
2010.05.17 18:12:11.958,1.13325,1.13345,11.60,3.20
2010.05.17 18:12:12.231,1.13325,1.13345,1.60,7.20
2010.05.17 18:12:13.042,1.1333,1.13345,3.20,3.20
2010.05.17 18:12:14.995,1.13335,1.1335,1.00,12.00
2010.05.17 18:12:15.642,1.13335,1.1335,1.60,11.20
2010.05.17 18:12:15.951,1.13335,1.13355,8.80,11.20
2010.05.17 18:12:17.190,1.13335,1.13355,8.00,12.40
2010.05.17 18:12:17.470,1.13335,1.1335,1.60,2.40
2010.05.17 18:12:19.156,1.13335,1.13355,4.80,14.00
2010.05.17 18:12:19.428,1.13335,1.13355,8.80,7.60
2010.05.17 18:12:19.700,1.13335,1.1335,4.00,2.40
2010.05.17 18:12:20.693,1.1333,1.13345,3.20,3.20
2010.05.17 18:12:21.709,1.13335,1.1335,8.80,3.20
2010.05.17 18:12:22.890,1.13335,1.1335,4.80,3.20
2010.05.17 18:12:23.113,1.1333,1.1335,8.80,6.40
2010.05.17 18:12:25.387,1.1334,1.1335,1.00,4.00
2010.05.17 18:12:25.573,1.13345,1.13355,7.20,3.20
2010.05.17 18:12:25.755,1.13345,1.13365,7.20,8.40
2010.05.17 18:12:26.510,1.1335,1.13365,1.00,8.00
2010.05.17 18:12:26.862,1.1335,1.1337,3.20,11.20
2010.05.17 18:12:27.207,1.1335,1.1337,4.00,7.20
2010.05.17 18:12:27.547,1.1335,1.1337,7.20,7.20
2010.05.17 18:12:28.558,1.1335,1.1337,3.20,7.20
2010.05.17 18:12:29.005,1.1335,1.1337,3.30,4.80
2010.05.17 18:12:29.734,1.1335,1.1337,8.50,4.80
2010.05.17 18:12:30.045,1.1335,1.13375,8.80,8.80
2010.05.17 18:12:30.353,1.13355,1.13375,4.00,4.00
2010.05.17 18:12:31.245,1.1336,1.13375,3.20,4.00
2010.05.17 18:12:31.564,1.1336,1.1338,3.20,12.40
2010.05.17 18:12:31.877,1.1336,1.1338,3.20,8.40
2010.05.17 18:12:33.076,1.1336,1.1338,1.00,11.60
2010.05.17 18:12:33.370,1.13355,1.13375,4.40,4.00
2010.05.17 18:12:34.302,1.13355,1.13375,4.00,4.00
2010.05.17 18:12:34.579,1.1335,1.13375,13.60,8.00
2010.05.17 18:12:35.936,1.1335,1.1337,4.00,6.40
2010.05.17 18:12:36.931,1.1335,1.1337,8.00,8.40
2010.05.17 18:12:37.873,1.1335,1.1337,4.00,12.40
2010.05.17 18:12:38.493,1.1335,1.1337,4.00,8.40
2010.05.17 18:12:40.424,1.1335,1.1337,5.20,7.20
2010.05.17 18:12:40.514,1.1335,1.1337,9.20,6.40
2010.05.17 18:12:40.602,1.1335,1.1337,9.20,4.00
2010.05.17 18:12:40.693,1.1335,1.13375,13.20,8.00
2010.05.17 18:12:40.782,1.1335,1.13375,9.20,8.00
2010.05.17 18:12:42.260,1.1336,1.1338,3.20,12.40
2010.05.17 18:12:46.502,1.1336,1.1338,2.40,12.40
2010.05.17 18:12:46.582,1.13355,1.1338,11.60,12.40
2010.05.17 18:12:46.652,1.13355,1.1338,10.80,12.40
2010.05.17 18:12:46.722,1.13355,1.1338,8.80,12.40
2010.05.17 18:12:48.264,1.1336,1.1338,3.20,12.40
2010.05.17 18:12:50.473,1.13355,1.1338,9.20,12.40
2010.05.17 18:12:50.619,1.13355,1.1338,4.80,14.80
2010.05.17 18:12:50.763,1.13355,1.1338,4.00,15.20
2010.05.17 18:12:51.775,1.13355,1.13375,4.00,10.40
2010.05.17 18:12:51.982,1.1335,1.1337,3.70,6.80
2010.05.17 18:12:52.187,1.1335,1.1337,8.50,2.80
2010.05.17 18:12:52.386,1.1335,1.1337,8.50,6.00
2010.05.17 18:12:54.134,1.1335,1.1337,7.20,6.00
2010.05.17 18:12:55.326,1.1335,1.1337,7.20,12.40
2010.05.17 18:12:55.508,1.1335,1.1337,3.20,12.40
2010.05.17 18:13:00.604,1.1335,1.1337,4.00,12.00
2010.05.17 18:13:00.766,1.1335,1.1337,8.90,1.00
2010.05.17 18:13:01.083,1.1335,1.1337,8.00,1.20
2010.05.17 18:13:02.019,1.1335,1.1337,3.20,5.20
2010.05.17 18:13:02.316,1.1335,1.1337,7.20,7.60
2010.05.17 18:13:02.604,1.1335,1.1337,8.10,1.00
2010.05.17 18:13:02.896,1.1335,1.1337,12.00,1.00
2010.05.17 18:13:04.104,1.1335,1.1337,11.20,2.00
2010.05.17 18:13:04.437,1.1335,1.1337,3.20,8.40
2010.05.17 18:13:07.433,1.1335,1.13365,3.20,1.00
2010.05.17 18:13:09.208,1.1335,1.13365,3.30,1.00
2010.05.17 18:13:09.401,1.1335,1.13365,12.10,1.00
2010.05.17 18:13:09.964,1.13355,1.1337,1.00,1.00
2010.05.17 18:13:10.167,1.1336,1.1337,1.00,1.00
2010.05.17 18:13:10.366,1.1336,1.13375,4.30,4.00
2010.05.17 18:13:11.326,1.1336,1.1338,8.00,2.00
2010.05.17 18:13:11.555,1.13355,1.1338,11.50,12.40
2010.05.17 18:13:11.776,1.13355,1.1338,11.50,13.20
2010.05.17 18:13:12.927,1.1336,1.1338,3.20,8.40
2010.05.17 18:13:13.866,1.1336,1.1338,2.40,9.20
2010.05.17 18:13:14.036,1.13355,1.13375,8.00,1.00
2010.05.17 18:13:14.822,1.13355,1.13375,4.00,5.20
2010.05.17 18:13:15.135,1.1335,1.1337,12.00,1.00
2010.05.17 18:13:16.040,1.1335,1.1337,7.20,3.60
2010.05.17 18:13:16.315,1.1335,1.1337,7.20,4.40
2010.05.17 18:13:17.333,1.1335,1.1337,7.20,8.40
2010.05.17 18:13:20.395,1.1335,1.1337,7.20,6.00
2010.05.17 18:13:20.742,1.1335,1.1337,7.20,2.00
2010.05.17 18:13:21.766,1.1335,1.1337,7.20,4.40
2010.05.17 18:13:22.666,1.13345,1.1337,10.10,15.60
2010.05.17 18:13:25.786,1.1335,1.1337,1.00,15.60
2010.05.17 18:13:26.477,1.1335,1.1337,1.00,17.20
2010.05.17 18:13:26.699,1.1334,1.1336,10.90,3.20
2010.05.17 18:13:26.928,1.1334,1.1336,10.90,8.80
2010.05.17 18:13:27.247,1.1334,1.1336,10.90,4.80
2010.05.17 18:13:28.355,1.1334,1.1336,14.90,4.00
2010.05.17 18:13:31.484,1.1334,1.1336,14.90,4.80
2010.05.17 18:13:31.798,1.1334,1.1336,14.80,4.80
2010.05.17 18:13:31.882,1.1334,1.1336,14.80,5.60
2010.05.17 18:13:31.973,1.1334,1.1336,13.60,8.00
2010.05.17 18:13:32.065,1.1334,1.1336,8.80,12.00
2010.05.17 18:13:32.728,1.1334,1.1336,8.00,12.80
2010.05.17 18:13:33.074,1.1334,1.1336,9.60,4.80
2010.05.17 18:13:33.417,1.1334,1.1336,13.70,4.80
2010.05.17 18:13:34.409,1.1334,1.1336,9.60,4.80
2010.05.17 18:13:42.072,1.1334,1.1336,9.60,5.60
2010.05.17 18:13:42.252,1.1334,1.1336,8.80,4.00
2010.05.17 18:13:42.424,1.1334,1.1336,12.80,2.40
2010.05.17 18:13:42.603,1.1334,1.1336,13.60,2.40
2010.05.17 18:13:43.124,1.1334,1.13355,13.60,1.00
2010.05.17 18:13:43.784,1.1334,1.13355,12.00,1.00
2010.05.17 18:13:44.135,1.13335,1.1335,8.00,1.00
2010.05.17 18:13:44.333,1.13335,1.1335,9.20,1.00
2010.05.17 18:13:44.723,1.13335,1.1335,8.10,1.00
2010.05.17 18:13:44.922,1.13335,1.1335,9.30,1.00
2010.05.17 18:13:45.685,1.13335,1.13345,4.00,1.00
2010.05.17 18:13:45.980,1.1333,1.1335,12.80,2.40
2010.05.17 18:13:47.819,1.1332,1.1334,12.80,6.80
2010.05.17 18:13:47.965,1.1332,1.1334,8.80,6.80
2010.05.17 18:13:49.154,1.1332,1.1334,8.90,6.80
2010.05.17 18:13:51.497,1.1332,1.1334,10.10,6.80
2010.05.17 18:13:52.482,1.1332,1.1334,3.30,10.80
2010.05.17 18:13:52.831,1.1332,1.13335,3.20,5.60
2010.05.17 18:13:54.145,1.1332,1.13335,3.20,3.20
2010.05.17 18:13:55.979,1.1332,1.13335,2.40,7.70
2010.05.17 18:13:56.294,1.1331,1.13325,3.20,1.60
2010.05.17 18:13:57.253,1.133,1.13315,3.20,4.00
2010.05.17 18:13:57.578,1.1329,1.13315,14.00,10.40
2010.05.17 18:13:57.894,1.1329,1.13315,10.00,10.40
2010.05.17 18:13:59.264,1.1329,1.1331,10.00,9.60
2010.05.17 18:13:59.477,1.1329,1.1331,10.00,5.60
2010.05.17 18:13:59.687,1.1329,1.1331,10.00,4.00
2010.05.17 18:13:59.895,1.1329,1.1331,10.10,4.00
2010.05.17 18:14:00.234,1.1329,1.1331,14.10,1.60
2010.05.17 18:14:01.036,1.13295,1.13315,8.00,3.60
2010.05.17 18:14:02.299,1.133,1.13315,3.20,2.00
2010.05.17 18:14:02.651,1.13295,1.13315,8.00,8.40
2010.05.17 18:14:02.995,1.13295,1.13315,8.00,10.00
2010.05.17 18:14:06.072,1.13295,1.13305,2.40,1.60
2010.05.17 18:14:06.133,1.13285,1.13305,2.80,24.60
2010.05.17 18:14:06.177,1.1328,1.13305,5.60,26.30
2010.05.17 18:14:06.851,1.1328,1.133,4.00,10.40
2010.05.17 18:14:07.203,1.1327,1.13295,12.80,18.70
2010.05.17 18:14:07.458,1.1327,1.13295,8.80,18.60
2010.05.17 18:14:08.119,1.1327,1.13295,12.80,18.60
2010.05.17 18:14:08.377,1.1327,1.13295,14.00,14.80
2010.05.17 18:14:08.873,1.1327,1.133,14.10,23.80
2010.05.17 18:14:09.163,1.13275,1.133,6.30,15.00
2010.05.17 18:14:10.080,1.1327,1.13295,14.80,20.80
2010.05.17 18:14:10.339,1.13275,1.13295,1.00,21.00
2010.05.17 18:14:10.598,1.13275,1.13295,1.80,21.80
2010.05.17 18:14:11.997,1.1328,1.13295,1.20,12.20
2010.05.17 18:14:12.200,1.1327,1.1329,6.40,13.20
2010.05.17 18:14:13.014,1.13265,1.1329,8.00,19.40
2010.05.17 18:14:13.351,1.13265,1.1329,5.60,18.80
2010.05.17 18:14:13.664,1.1327,1.1329,2.40,18.80
2010.05.17 18:14:14.652,1.1327,1.1329,7.20,11.60
2010.05.17 18:14:14.956,1.1327,1.1329,13.60,7.60
2010.05.17 18:14:15.989,1.1327,1.1329,12.80,7.60
2010.05.17 18:14:17.647,1.1327,1.1329,14.00,7.60
2010.05.17 18:14:17.985,1.1327,1.1329,12.80,7.60
2010.05.17 18:14:18.933,1.1327,1.13285,11.20,1.60
2010.05.17 18:14:19.832,1.13275,1.1329,2.40,5.20
2010.05.17 18:14:20.012,1.1327,1.1329,6.40,12.40
2010.05.17 18:14:20.354,1.1327,1.1329,7.20,12.40
2010.05.17 18:14:23.726,1.1327,1.13285,11.20,1.60
2010.05.17 18:14:25.074,1.1327,1.13285,11.20,1.60
2010.05.17 18:14:25.937,1.13275,1.1329,5.20,2.80
2010.05.17 18:14:26.116,1.13275,1.13295,4.00,22.20
2010.05.17 18:14:26.288,1.13275,1.13295,4.00,24.20
2010.05.17 18:14:27.086,1.1327,1.13295,8.00,33.00
2010.05.17 18:14:27.400,1.1327,1.13295,12.80,22.60
2010.05.17 18:14:27.706,1.1327,1.13295,12.80,21.00
2010.05.17 18:14:28.017,1.1327,1.13295,14.00,21.00
2010.05.17 18:14:28.975,1.1327,1.13295,12.80,23.80
2010.05.17 18:14:30.245,1.1327,1.1329,8.80,11.60
2010.05.17 18:14:30.588,1.13275,1.1329,1.20,11.60
2010.05.17 18:14:30.930,1.13275,1.13295,8.40,19.20
2010.05.17 18:14:31.828,1.13275,1.13295,8.30,13.60
2010.05.17 18:14:32.125,1.1327,1.1329,14.80,3.20
2010.05.17 18:14:32.419,1.13275,1.13295,3.60,17.10
2010.05.17 18:14:34.575,1.13275,1.1329,3.60,1.60
2010.05.17 18:14:34.874,1.13275,1.1329,2.40,2.00
2010.05.17 18:14:35.735,1.13275,1.1329,3.60,2.00
2010.05.17 18:14:36.197,1.13275,1.1329,2.40,2.00
2010.05.17 18:14:36.428,1.13275,1.1329,3.60,2.00
2010.05.17 18:14:37.497,1.13275,1.1329,5.50,1.60
2010.05.17 18:14:37.695,1.1328,1.1329,3.60,1.00
2010.05.17 18:14:38.718,1.1328,1.13295,2.40,9.20
2010.05.17 18:14:40.359,1.1328,1.13295,3.60,15.60
2010.05.17 18:14:42.313,1.1328,1.1329,2.40,1.60
2010.05.17 18:14:43.062,1.1328,1.1329,2.40,2.00
2010.05.17 18:14:46.096,1.1328,1.1329,2.40,3.60
2010.05.17 18:14:46.219,1.13275,1.1329,6.40,3.60
2010.05.17 18:14:46.275,1.13275,1.13295,2.40,25.00
2010.05.17 18:14:47.061,1.1327,1.13295,10.00,25.00
2010.05.17 18:14:50.428,1.1327,1.1329,10.00,11.60
2010.05.17 18:14:51.278,1.1327,1.1329,7.20,11.60
2010.05.17 18:15:01.106,1.1327,1.1329,6.40,11.60
2010.05.17 18:15:01.181,1.13275,1.1329,1.20,11.60
2010.05.17 18:15:01.254,1.13275,1.13295,1.30,33.00
2010.05.17 18:15:01.328,1.13275,1.13295,1.30,33.00
2010.05.17 18:15:01.406,1.13275,1.13295,3.70,33.00
2010.05.17 18:15:01.543,1.13275,1.13295,3.70,25.00
2010.05.17 18:15:02.596,1.13275,1.13295,5.20,25.00
2010.05.17 18:15:03.463,1.13275,1.1329,5.30,2.00
2010.05.17 18:15:03.843,1.1328,1.1329,1.20,2.00
2010.05.17 18:15:04.914,1.13275,1.1329,5.20,2.00
2010.05.17 18:15:05.144,1.1327,1.1329,14.80,6.00
2010.05.17 18:15:06.393,1.1327,1.1329,14.90,6.00
2010.05.17 18:15:07.398,1.13275,1.1329,1.00,6.00
2010.05.17 18:15:07.917,1.13275,1.13295,3.60,25.40
2010.05.17 18:15:08.787,1.13275,1.133,16.50,19.60
2010.05.17 18:15:11.312,1.1328,1.13295,1.20,5.60
2010.05.17 18:15:13.991,1.1327,1.1329,14.90,6.00
2010.05.17 18:15:14.086,1.1327,1.13295,14.80,25.00
2010.05.17 18:15:14.262,1.1327,1.13295,10.80,25.00
2010.05.17 18:15:14.584,1.1327,1.13295,10.90,25.80
2010.05.17 18:15:15.644,1.1327,1.13295,10.80,25.80
2010.05.17 18:15:15.842,1.13275,1.13295,2.40,25.80
2010.05.17 18:15:16.473,1.1327,1.13295,14.90,25.80
2010.05.17 18:15:16.664,1.1327,1.13295,10.90,25.80
2010.05.17 18:15:17.641,1.1327,1.1329,10.80,10.00
2010.05.17 18:15:18.062,1.1327,1.1329,10.90,10.00
2010.05.17 18:15:18.424,1.1327,1.1329,14.80,6.00
2010.05.17 18:15:18.577,1.1327,1.13285,6.40,5.20
2010.05.17 18:15:19.466,1.1325,1.13275,5.20,17.20
2010.05.17 18:15:19.706,1.1325,1.13275,5.20,14.80
2010.05.17 18:15:19.948,1.13255,1.13275,2.40,7.20
2010.05.17 18:15:20.613,1.1326,1.1327,2.40,1.60
2010.05.17 18:15:20.972,1.1324,1.13265,8.00,8.00
2010.05.17 18:15:21.321,1.1324,1.13255,6.40,3.20
2010.05.17 18:15:22.212,1.1322,1.13245,14.80,5.60
2010.05.17 18:15:22.468,1.1322,1.13245,8.80,6.00
2010.05.17 18:15:23.157,1.1322,1.13245,8.80,6.20
2010.05.17 18:15:23.503,1.1322,1.13235,1.20,1.00
2010.05.17 18:15:23.849,1.1322,1.1324,7.60,1.60
2010.05.17 18:15:25.074,1.13215,1.1323,7.60,1.00
2010.05.17 18:15:26.213,1.13215,1.13235,7.70,4.80
2010.05.17 18:15:26.527,1.1322,1.1324,3.60,10.80
2010.05.17 18:15:26.833,1.1322,1.1324,3.60,9.20
2010.05.17 18:15:27.730,1.1322,1.1324,4.50,9.20
2010.05.17 18:15:28.063,1.1322,1.1324,7.70,2.80
2010.05.17 18:15:28.384,1.1322,1.1324,8.50,6.80
2010.05.17 18:15:29.331,1.13225,1.1324,3.60,1.60
2010.05.17 18:15:29.561,1.1322,1.1324,12.40,1.60
2010.05.17 18:15:29.789,1.1322,1.1324,7.60,2.00
2010.05.17 18:15:30.633,1.1322,1.1324,11.60,2.00
2010.05.17 18:15:30.979,1.1322,1.1324,11.70,2.80
2010.05.17 18:15:31.329,1.1322,1.1324,7.70,2.80
2010.05.17 18:15:31.883,1.1322,1.1324,7.60,6.80
2010.05.17 18:15:32.093,1.1322,1.1324,7.70,6.80
2010.05.17 18:15:33.085,1.1322,1.1324,7.70,2.00
2010.05.17 18:15:33.299,1.1322,1.1324,6.40,2.00
2010.05.17 18:15:34.879,1.13215,1.1323,9.30,1.00
2010.05.17 18:15:35.907,1.13215,1.13235,9.30,2.80
2010.05.17 18:15:36.877,1.1322,1.1324,6.40,8.40
2010.05.17 18:15:38.974,1.13215,1.1324,9.30,16.80
2010.05.17 18:15:41.285,1.1322,1.1324,2.40,10.40
2010.05.17 18:15:42.293,1.1322,1.1324,2.40,10.80
2010.05.17 18:15:49.771,1.13215,1.1323,11.70,1.00
2010.05.17 18:15:50.120,1.13215,1.1323,4.00,1.00
2010.05.17 18:15:50.469,1.1321,1.1323,12.50,1.00
2010.05.17 18:15:51.389,1.13215,1.1323,1.00,1.00
2010.05.17 18:15:51.747,1.13215,1.1323,2.00,1.00
2010.05.17 18:15:53.162,1.13205,1.13225,11.70,2.00
2010.05.17 18:15:56.274,1.13205,1.13225,11.60,2.00
2010.05.17 18:15:56.367,1.13205,1.1322,7.60,1.60
2010.05.17 18:15:56.464,1.1321,1.1322,2.40,1.60
2010.05.17 18:15:57.231,1.1321,1.13225,2.40,2.00
2010.05.17 18:15:57.334,1.13205,1.13225,11.60,1.00
2010.05.17 18:15:59.335,1.13205,1.1322,8.00,1.00
2010.05.17 18:15:59.570,1.13205,1.13215,4.00,4.40
2010.05.17 18:15:59.759,1.132,1.1321,1.60,1.00
2010.05.17 18:16:00.459,1.13195,1.1321,1.00,1.00
2010.05.17 18:16:00.651,1.13195,1.13215,1.20,13.10
2010.05.17 18:16:00.997,1.13195,1.13215,5.20,13.10
2010.05.17 18:16:01.831,1.13195,1.13215,5.20,11.50
2010.05.17 18:16:02.121,1.1319,1.13215,12.40,9.10
2010.05.17 18:16:04.201,1.1319,1.1321,11.20,2.40
2010.05.17 18:16:04.434,1.1319,1.1321,11.20,3.20
2010.05.17 18:16:05.286,1.1319,1.1321,3.20,7.20
2010.05.17 18:16:05.629,1.1319,1.1321,7.20,7.20
2010.05.17 18:16:05.979,1.1319,1.1321,7.20,2.40
2010.05.17 18:16:06.697,1.1319,1.1321,11.20,2.40
2010.05.17 18:16:06.958,1.1319,1.1321,7.20,3.20
2010.05.17 18:16:07.463,1.1319,1.1321,7.20,3.60
2010.05.17 18:16:08.824,1.13195,1.1321,1.00,2.80
2010.05.17 18:16:10.202,1.13195,1.1321,4.80,2.40
2010.05.17 18:16:10.550,1.1319,1.13215,13.00,4.80
2010.05.17 18:16:11.326,1.1319,1.13215,13.20,4.80
2010.05.17 18:16:11.635,1.132,1.1322,11.20,1.00
2010.05.17 18:16:12.569,1.13205,1.13225,1.30,14.20
2010.05.17 18:16:12.919,1.13205,1.13225,5.20,9.60
2010.05.17 18:16:14.585,1.13215,1.13225,1.20,8.20
2010.05.17 18:16:14.810,1.1321,1.13225,8.00,2.40
2010.05.17 18:16:15.650,1.1321,1.1323,10.40,3.20
2010.05.17 18:16:15.932,1.1321,1.1323,3.20,6.40
2010.05.17 18:16:17.162,1.1321,1.1323,12.50,2.40
2010.05.17 18:16:17.509,1.1321,1.1323,13.30,2.40
2010.05.17 18:16:18.465,1.1321,1.13235,13.30,13.60
2010.05.17 18:16:20.127,1.1322,1.1324,7.20,6.40
2010.05.17 18:16:20.466,1.1322,1.13245,12.00,17.40
2010.05.17 18:16:20.804,1.1322,1.1324,8.00,2.40
2010.05.17 18:16:21.885,1.13225,1.1324,1.00,1.00
2010.05.17 18:16:22.229,1.13225,1.1324,1.00,4.00
2010.05.17 18:16:23.106,1.1322,1.13235,8.80,2.80
2010.05.17 18:16:23.325,1.13215,1.1324,10.80,14.40
2010.05.17 18:16:23.540,1.13225,1.1324,4.10,1.00
2010.05.17 18:16:24.270,1.1323,1.1324,1.00,1.00
2010.05.17 18:16:24.619,1.1323,1.1325,1.00,7.20
2010.05.17 18:16:25.591,1.1323,1.1325,7.20,1.00
2010.05.17 18:16:26.278,1.1323,1.1325,8.40,1.00
2010.05.17 18:16:26.630,1.13235,1.1325,2.40,1.00
2010.05.17 18:16:27.618,1.1323,1.1325,9.60,7.20
2010.05.17 18:16:27.838,1.1323,1.1325,12.00,3.20
2010.05.17 18:16:28.062,1.1323,1.1325,12.10,1.00
2010.05.17 18:16:28.915,1.13235,1.13255,7.20,2.80
2010.05.17 18:16:29.225,1.13235,1.13255,8.40,2.80
2010.05.17 18:16:31.256,1.1323,1.1325,16.40,1.00
2010.05.17 18:16:32.208,1.1323,1.1325,11.20,1.00
2010.05.17 18:16:32.787,1.1323,1.1325,11.20,3.20
2010.05.17 18:16:33.711,1.13225,1.13245,1.00,14.00
2010.05.17 18:16:33.890,1.13225,1.13245,5.00,10.00
2010.05.17 18:16:35.034,1.13225,1.1324,4.90,1.00
2010.05.17 18:16:35.350,1.13225,1.13245,5.20,7.20
2010.05.17 18:16:35.671,1.1323,1.1325,3.60,10.40
2010.05.17 18:16:36.521,1.1323,1.1325,4.00,12.00
2010.05.17 18:16:36.874,1.13235,1.1325,1.00,4.80
2010.05.17 18:16:37.719,1.1323,1.1325,8.00,1.00
2010.05.17 18:16:37.944,1.1323,1.13245,4.00,3.60
2010.05.17 18:16:38.240,1.13225,1.13245,2.40,8.40
2010.05.17 18:16:39.152,1.13225,1.1325,10.40,12.00
2010.05.17 18:16:39.387,1.13225,1.1325,10.00,12.80
2010.05.17 18:16:39.615,1.13225,1.1325,11.60,12.00
2010.05.17 18:16:39.850,1.1323,1.1324,3.20,1.00
2010.05.17 18:16:40.737,1.13225,1.1324,1.00,1.60
2010.05.17 18:16:41.080,1.13225,1.13245,4.90,10.80
2010.05.17 18:16:41.426,1.13225,1.1324,4.90,1.00
2010.05.17 18:16:41.765,1.13225,1.1324,1.00,1.00
2010.05.17 18:16:42.607,1.13225,1.1324,1.00,3.20
2010.05.17 18:16:43.264,1.13225,1.1324,1.20,2.40
2010.05.17 18:16:44.538,1.13225,1.1324,1.20,3.20
2010.05.17 18:16:45.233,1.13225,1.1324,1.20,4.00
2010.05.17 18:16:46.767,1.13225,1.1324,1.20,7.20
2010.05.17 18:16:48.552,1.13225,1.1324,1.20,3.20
2010.05.17 18:16:48.733,1.13225,1.1324,1.60,3.20
2010.05.17 18:16:49.004,1.13225,1.1324,1.80,3.20
2010.05.17 18:16:49.790,1.13215,1.1323,8.40,1.00
2010.05.17 18:16:49.884,1.13215,1.1323,1.00,1.00
2010.05.17 18:16:50.208,1.13215,1.13235,2.40,6.40
2010.05.17 18:16:50.525,1.13215,1.13235,2.40,4.00
2010.05.17 18:16:51.561,1.13225,1.13245,6.70,6.40
2010.05.17 18:16:51.758,1.13225,1.1325,8.30,12.00
2010.05.17 18:16:52.897,1.13225,1.1325,8.20,12.00
2010.05.17 18:16:53.235,1.13225,1.1325,8.20,13.60
2010.05.17 18:16:55.022,1.13225,1.1325,8.20,12.80
2010.05.17 18:16:55.673,1.13225,1.13245,4.00,1.00
2010.05.17 18:16:56.751,1.1323,1.13255,12.00,17.20
2010.05.17 18:16:56.855,1.1323,1.1325,8.00,2.40
2010.05.17 18:16:56.954,1.1323,1.13255,8.00,16.40
2010.05.17 18:16:57.687,1.1323,1.1325,8.00,1.00
2010.05.17 18:16:57.791,1.1323,1.1325,3.20,10.40
2010.05.17 18:16:58.138,1.1323,1.1325,7.20,6.40
2010.05.17 18:16:59.757,1.1323,1.1325,7.20,2.40
2010.05.17 18:17:00.065,1.1323,1.13255,7.20,14.80
2010.05.17 18:17:01.121,1.1323,1.13255,14.40,8.00
2010.05.17 18:17:04.164,1.1323,1.13255,13.60,8.80
2010.05.17 18:17:04.888,1.1323,1.13255,11.20,8.90
2010.05.17 18:17:05.089,1.13225,1.13245,4.50,1.00
2010.05.17 18:17:05.286,1.13225,1.13245,1.00,7.60
2010.05.17 18:17:05.946,1.13225,1.13245,1.00,11.60
2010.05.17 18:17:06.294,1.13225,1.13245,1.00,13.20
2010.05.17 18:17:06.977,1.13225,1.13235,1.00,2.40
2010.05.17 18:17:08.154,1.13225,1.1324,1.00,8.40
2010.05.17 18:17:08.252,1.1323,1.1325,3.20,4.80
2010.05.17 18:17:08.346,1.1323,1.1325,7.20,4.00
2010.05.17 18:17:09.141,1.1323,1.1325,11.20,4.00
2010.05.17 18:17:09.497,1.1323,1.1324,6.40,1.00
2010.05.17 18:17:09.842,1.13225,1.1324,2.40,2.80
2010.05.17 18:17:10.562,1.13215,1.13235,15.60,2.00
2010.05.17 18:17:10.911,1.13215,1.13235,7.60,4.40
2010.05.17 18:17:11.892,1.1321,1.13225,6.00,4.80
2010.05.17 18:17:12.193,1.132,1.1322,14.80,1.00
2010.05.17 18:17:13.144,1.13205,1.1322,2.40,1.60
2010.05.17 18:17:13.430,1.13205,1.1322,2.40,1.00
2010.05.17 18:17:13.998,1.13205,1.1322,6.40,1.00
2010.05.17 18:17:14.928,1.13205,1.1322,3.30,8.80
2010.05.17 18:17:15.271,1.1321,1.1324,12.80,13.20
2010.05.17 18:17:15.976,1.1321,1.1324,14.00,13.20
2010.05.17 18:17:17.776,1.1321,1.13235,14.00,12.40
2010.05.17 18:17:17.954,1.1321,1.13235,14.00,11.60
2010.05.17 18:17:18.134,1.1321,1.13235,15.20,12.40
2010.05.17 18:17:18.316,1.13215,1.13235,2.40,11.60
2010.05.17 18:17:19.159,1.1321,1.1323,15.20,1.00
2010.05.17 18:17:19.350,1.1321,1.1323,14.80,1.00
2010.05.17 18:17:20.175,1.1321,1.1323,15.30,1.00
2010.05.17 18:17:20.516,1.13215,1.1323,2.40,1.00
2010.05.17 18:17:20.855,1.13215,1.1323,6.40,1.00
2010.05.17 18:17:22.494,1.13215,1.1323,2.40,1.00
2010.05.17 18:17:23.236,1.1321,1.13225,8.40,1.00
2010.05.17 18:17:24.047,1.1321,1.13225,3.60,1.00
2010.05.17 18:17:24.224,1.1321,1.13225,3.60,2.40
2010.05.17 18:17:25.861,1.13215,1.13225,2.40,1.60
2010.05.17 18:17:26.148,1.13215,1.1323,2.40,1.60
2010.05.17 18:17:27.297,1.13205,1.13225,17.00,6.40
2010.05.17 18:17:27.488,1.13205,1.13225,21.00,2.40
2010.05.17 18:17:27.677,1.13205,1.1322,20.80,1.00
2010.05.17 18:17:28.495,1.13205,1.1322,10.40,1.00
2010.05.17 18:17:28.819,1.13205,1.1322,2.40,1.00
2010.05.17 18:17:29.134,1.132,1.1322,12.40,1.00
2010.05.17 18:17:30.060,1.132,1.1322,12.50,1.00
2010.05.17 18:17:30.366,1.1321,1.13225,1.00,7.60
2010.05.17 18:17:30.674,1.13215,1.1323,2.40,5.60
2010.05.17 18:17:31.582,1.13215,1.1323,2.40,1.00
2010.05.17 18:17:31.874,1.13205,1.1322,7.60,1.00
2010.05.17 18:17:32.157,1.13205,1.1322,4.40,1.00
2010.05.17 18:17:32.808,1.13205,1.13225,5.20,14.80
2010.05.17 18:17:33.151,1.1321,1.1323,7.20,1.60
2010.05.17 18:17:33.497,1.1321,1.1323,11.20,1.60
2010.05.17 18:17:34.640,1.1321,1.1323,7.20,5.60
2010.05.17 18:17:34.868,1.1321,1.1323,6.40,5.60
2010.05.17 18:17:35.099,1.13205,1.13225,17.70,5.60
2010.05.17 18:17:35.326,1.13205,1.13225,16.90,3.20
2010.05.17 18:17:36.164,1.13205,1.13225,15.70,3.20
2010.05.17 18:17:36.514,1.1321,1.13225,2.90,7.20
2010.05.17 18:17:36.873,1.13215,1.1323,3.20,2.40
2010.05.17 18:17:36.976,1.13215,1.13235,3.20,6.00
2010.05.17 18:17:37.693,1.1322,1.13235,3.20,6.00
2010.05.17 18:17:38.037,1.1322,1.13235,4.00,5.60
2010.05.17 18:17:38.376,1.13215,1.13235,12.80,1.60
2010.05.17 18:17:39.129,1.13215,1.13235,8.80,1.60
2010.05.17 18:17:39.413,1.13195,1.1322,3.70,2.40
2010.05.17 18:17:39.686,1.13195,1.1322,3.60,6.40
2010.05.17 18:17:39.957,1.13195,1.1322,3.60,2.40
2010.05.17 18:17:40.844,1.132,1.13215,2.40,2.70
2010.05.17 18:17:41.193,1.132,1.13215,2.40,2.40
2010.05.17 18:17:41.857,1.132,1.13215,4.40,1.60
2010.05.17 18:17:42.812,1.13205,1.1322,2.70,1.00
2010.05.17 18:17:42.995,1.13205,1.1322,3.50,1.00
2010.05.17 18:17:43.713,1.13205,1.1322,4.70,1.00
2010.05.17 18:17:43.895,1.13205,1.1322,3.50,1.00
2010.05.17 18:17:44.868,1.13205,1.1322,3.10,1.00
2010.05.17 18:17:45.089,1.13205,1.1322,2.40,1.00
2010.05.17 18:17:45.355,1.132,1.1322,12.00,1.00
2010.05.17 18:17:45.615,1.132,1.1322,8.00,1.00
2010.05.17 18:17:47.231,1.132,1.1322,12.00,1.00
2010.05.17 18:17:47.783,1.132,1.1322,12.10,1.00
2010.05.17 18:17:48.698,1.13205,1.13225,17.60,1.60
2010.05.17 18:17:48.974,1.13205,1.13225,19.20,1.60
2010.05.17 18:17:50.074,1.13205,1.13225,20.80,1.60
2010.05.17 18:17:52.216,1.13205,1.13225,19.60,1.60
2010.05.17 18:17:52.246,1.13205,1.1322,10.40,1.00
2010.05.17 18:17:52.269,1.13205,1.1322,8.40,1.00
2010.05.17 18:17:52.289,1.13205,1.1322,6.40,1.00
2010.05.17 18:17:52.347,1.13205,1.1322,2.40,1.00
2010.05.17 18:17:53.437,1.132,1.1322,9.30,1.00
2010.05.17 18:17:53.747,1.13205,1.13225,12.40,8.00
2010.05.17 18:17:54.295,1.13205,1.13225,16.10,2.40
2010.05.17 18:17:55.237,1.13205,1.13225,20.90,1.60
2010.05.17 18:17:55.833,1.1321,1.13225,1.20,1.60
2010.05.17 18:17:57.062,1.1321,1.13225,1.30,1.60
2010.05.17 18:18:00.606,1.1321,1.13225,3.20,1.60
2010.05.17 18:18:00.946,1.13215,1.1323,2.40,4.80
2010.05.17 18:18:01.920,1.1321,1.1323,3.20,5.10
2010.05.17 18:18:02.208,1.1321,1.1323,3.20,9.10
2010.05.17 18:18:03.133,1.1321,1.1323,3.20,5.60
2010.05.17 18:18:04.154,1.1321,1.1323,4.00,5.60
2010.05.17 18:18:04.497,1.1321,1.1323,4.10,5.60
2010.05.17 18:18:05.412,1.1321,1.1323,5.30,4.80
2010.05.17 18:18:05.620,1.13215,1.13235,2.40,14.80
2010.05.17 18:18:05.826,1.13215,1.13235,2.40,14.00
2010.05.17 18:18:07.114,1.1322,1.13235,2.40,8.00
2010.05.17 18:18:07.410,1.13225,1.1324,1.00,9.60
2010.05.17 18:18:08.358,1.13225,1.1324,1.00,4.00
2010.05.17 18:18:08.639,1.13225,1.13245,2.10,15.60
2010.05.17 18:18:08.924,1.1323,1.1324,2.40,1.00
2010.05.17 18:18:09.599,1.1323,1.13245,3.20,10.40
2010.05.17 18:18:09.940,1.1323,1.1325,7.20,4.80
2010.05.17 18:18:11.469,1.13225,1.13245,4.80,3.60
2010.05.17 18:18:11.804,1.13225,1.13245,1.00,8.40
2010.05.17 18:18:12.744,1.13225,1.13245,5.60,4.00
2010.05.17 18:18:13.025,1.13225,1.1324,1.00,1.00
2010.05.17 18:18:14.656,1.1322,1.13235,6.40,1.00
2010.05.17 18:18:14.881,1.1322,1.13235,4.00,6.00
2010.05.17 18:18:15.108,1.13215,1.1323,2.40,1.00
2010.05.17 18:18:16.090,1.1322,1.13235,3.20,8.80
2010.05.17 18:18:16.440,1.13225,1.1324,1.00,4.80
2010.05.17 18:18:17.437,1.13225,1.1324,1.00,1.60
2010.05.17 18:18:18.595,1.13225,1.1324,1.00,1.60
2010.05.17 18:18:19.884,1.13225,1.1324,1.00,1.00
2010.05.17 18:18:19.993,1.13225,1.13245,1.00,17.20
2010.05.17 18:18:21.464,1.1323,1.1324,2.40,1.60
2010.05.17 18:18:21.594,1.1323,1.1324,2.40,1.00
2010.05.17 18:18:22.278,1.13225,1.1324,1.00,4.80
2010.05.17 18:18:22.418,1.13225,1.1324,1.00,4.80
2010.05.17 18:18:22.756,1.13225,1.1324,1.00,5.60
2010.05.17 18:18:23.098,1.13225,1.1324,1.00,5.60
2010.05.17 18:18:24.070,1.13225,1.13245,1.00,18.80
2010.05.17 18:18:24.256,1.13225,1.13245,1.00,17.20
2010.05.17 18:18:24.452,1.13225,1.1324,1.00,5.60
2010.05.17 18:18:26.133,1.13225,1.1324,1.40,4.00
2010.05.17 18:18:27.141,1.13225,1.13245,1.00,14.00
2010.05.17 18:18:27.490,1.13225,1.13245,1.00,14.00
2010.05.17 18:18:29.588,1.13235,1.13245,1.00,8.00
2010.05.17 18:18:30.793,1.13225,1.1324,1.00,1.00
2010.05.17 18:18:31.236,1.13225,1.13245,1.00,17.20
2010.05.17 18:18:32.150,1.13225,1.1324,1.00,1.00
2010.05.17 18:18:38.496,1.13225,1.13245,1.00,17.20
2010.05.17 18:18:39.030,1.13225,1.1324,1.00,1.00
2010.05.17 18:18:39.289,1.1322,1.1323,1.00,1.20
2010.05.17 18:18:39.977,1.13215,1.1323,8.40,8.40
2010.05.17 18:18:40.492,1.13205,1.13225,1.60,8.40
2010.05.17 18:18:41.064,1.13205,1.1322,1.60,1.00
2010.05.17 18:18:42.080,1.1321,1.13225,8.00,1.00
2010.05.17 18:18:42.364,1.1321,1.1323,8.00,4.80
2010.05.17 18:18:43.275,1.1321,1.1323,8.00,1.00
2010.05.17 18:18:44.775,1.1321,1.1323,7.20,1.00
2010.05.17 18:18:45.046,1.13205,1.1323,22.40,13.20
2010.05.17 18:18:45.892,1.13205,1.1323,22.40,13.70
2010.05.17 18:18:46.086,1.13205,1.1323,21.20,13.70
2010.05.17 18:18:46.464,1.13205,1.1323,21.20,13.20
2010.05.17 18:18:47.455,1.1321,1.1323,1.20,13.20
2010.05.17 18:18:48.286,1.1321,1.1323,2.40,15.60
2010.05.17 18:18:48.502,1.13205,1.1323,19.60,15.60
2010.05.17 18:18:49.549,1.13205,1.13225,19.60,1.60
2010.05.17 18:18:50.834,1.13205,1.13225,15.60,1.60
2010.05.17 18:18:52.167,1.1321,1.1323,8.80,5.60
2010.05.17 18:18:52.273,1.1321,1.1323,4.80,9.60
2010.05.17 18:18:52.482,1.1321,1.1323,4.80,5.60
2010.05.17 18:18:53.535,1.1321,1.1323,12.00,5.60
2010.05.17 18:18:53.875,1.13215,1.1323,1.00,1.60
2010.05.17 18:18:54.216,1.13215,1.13235,7.20,8.00
2010.05.17 18:18:55.162,1.1321,1.13235,12.00,16.40
2010.05.17 18:18:55.453,1.1321,1.13235,12.00,15.60
2010.05.17 18:18:56.592,1.1322,1.1324,2.50,4.80
2010.05.17 18:18:56.742,1.1322,1.1324,1.00,1.00
2010.05.17 18:18:57.875,1.13225,1.13245,1.00,17.20
2010.05.17 18:18:58.217,1.13225,1.1324,1.00,1.00
2010.05.17 18:18:58.556,1.13225,1.13245,1.00,15.60
2010.05.17 18:19:00.477,1.13225,1.13245,1.00,15.60
2010.05.17 18:19:00.607,1.13225,1.13245,3.20,15.60
2010.05.17 18:19:01.584,1.13225,1.13235,2.40,1.00
2010.05.17 18:19:01.930,1.13205,1.13235,12.00,1.60
2010.05.17 18:19:02.619,1.13205,1.1323,12.00,2.00
2010.05.17 18:19:02.899,1.13205,1.1323,8.00,3.30
2010.05.17 18:19:03.175,1.1321,1.1323,8.00,2.50
2010.05.17 18:19:04.059,1.1321,1.1323,8.00,2.00
2010.05.17 18:19:04.760,1.13215,1.1323,11.20,1.60
2010.05.17 18:19:05.730,1.13215,1.1323,8.80,1.60
2010.05.17 18:19:06.081,1.13195,1.1322,11.20,5.60
2010.05.17 18:19:06.347,1.13195,1.1322,10.00,1.60
2010.05.17 18:19:07.182,1.132,1.1322,9.20,1.60
2010.05.17 18:19:07.384,1.13195,1.13215,18.80,1.60
2010.05.17 18:19:07.590,1.13195,1.1321,4.90,2.40
2010.05.17 18:19:08.358,1.1319,1.13205,3.60,3.60
2010.05.17 18:19:08.702,1.13185,1.13205,1.00,9.20
2010.05.17 18:19:09.689,1.13185,1.13205,1.10,9.20
2010.05.17 18:19:09.993,1.13185,1.132,1.00,1.00
2010.05.17 18:19:11.493,1.13185,1.13205,1.00,14.60
2010.05.17 18:19:11.825,1.13185,1.132,1.00,1.00
2010.05.17 18:19:13.087,1.13185,1.1319,1.00,1.00
2010.05.17 18:19:13.989,1.13175,1.13195,5.70,10.80
2010.05.17 18:19:14.688,1.13175,1.13195,5.70,10.00
2010.05.17 18:19:14.803,1.13175,1.1319,1.50,7.60
2010.05.17 18:19:15.151,1.13175,1.13185,1.10,1.60
2010.05.17 18:19:16.128,1.13175,1.13195,1.10,21.40
2010.05.17 18:19:16.448,1.13175,1.13195,1.50,12.20
2010.05.17 18:19:17.449,1.13175,1.13195,1.70,12.20
2010.05.17 18:19:17.798,1.13175,1.13195,1.60,12.10
2010.05.17 18:19:18.143,1.1317,1.13195,11.20,10.80
2010.05.17 18:19:19.119,1.1318,1.1319,1.00,1.00
2010.05.17 18:19:19.332,1.13175,1.1319,1.00,1.00
2010.05.17 18:19:19.535,1.13175,1.1319,1.00,1.00
2010.05.17 18:19:19.746,1.13175,1.13195,1.00,15.60
2010.05.17 18:19:20.739,1.13175,1.13195,1.00,10.00
2010.05.17 18:19:21.055,1.13185,1.132,1.00,6.40
2010.05.17 18:19:22.176,1.13185,1.132,1.00,6.40
2010.05.17 18:19:22.453,1.13175,1.13195,1.00,14.80
2010.05.17 18:19:22.727,1.13175,1.13195,1.00,12.40
2010.05.17 18:19:23.917,1.13175,1.13195,1.00,11.60
2010.05.17 18:19:24.212,1.13175,1.13195,7.60,4.00
2010.05.17 18:19:25.145,1.13175,1.13195,9.10,3.20
2010.05.17 18:19:25.420,1.1318,1.132,7.20,6.40
2010.05.17 18:19:25.677,1.1318,1.132,3.20,6.40
2010.05.17 18:19:27.683,1.1318,1.132,4.00,6.40
2010.05.17 18:19:27.887,1.13185,1.132,1.00,6.40
2010.05.17 18:19:28.086,1.13185,1.132,1.00,4.80
2010.05.17 18:19:29.177,1.1319,1.13205,1.00,2.40
2010.05.17 18:19:29.467,1.13185,1.132,14.70,1.00
2010.05.17 18:19:30.152,1.13185,1.13205,13.70,3.20
2010.05.17 18:19:30.472,1.13185,1.13205,1.00,15.70
2010.05.17 18:19:32.020,1.13185,1.13205,1.00,9.30
2010.05.17 18:19:32.369,1.13185,1.13205,1.20,8.90
2010.05.17 18:19:32.553,1.13185,1.13205,1.20,8.80
2010.05.17 18:19:32.654,1.13185,1.13205,1.20,8.90
2010.05.17 18:19:34.501,1.1318,1.132,18.00,1.00
2010.05.17 18:19:34.554,1.13185,1.132,1.00,4.00
2010.05.17 18:19:36.764,1.13175,1.13195,1.90,13.00
2010.05.17 18:19:37.016,1.13175,1.13195,1.00,14.00
2010.05.17 18:19:38.153,1.13185,1.132,1.00,4.80
2010.05.17 18:19:38.485,1.13185,1.132,1.00,1.00
2010.05.17 18:19:38.825,1.1318,1.132,8.80,1.00
2010.05.17 18:19:39.818,1.13175,1.13195,1.00,9.80
2010.05.17 18:19:40.156,1.13175,1.13195,1.00,13.80
2010.05.17 18:19:41.281,1.13175,1.13195,1.00,14.00
2010.05.17 18:19:41.568,1.13175,1.1319,1.20,1.00
2010.05.17 18:19:44.346,1.13175,1.1319,1.20,1.60
2010.05.17 18:19:44.569,1.13175,1.1319,1.00,1.60
2010.05.17 18:19:44.775,1.13175,1.1319,1.00,1.60
2010.05.17 18:19:47.184,1.13175,1.1319,1.00,1.60
2010.05.17 18:19:47.314,1.13175,1.1319,1.00,1.60
2010.05.17 18:19:48.366,1.13175,1.1319,1.00,1.60
2010.05.17 18:19:48.685,1.13175,1.1319,1.00,1.60
2010.05.17 18:19:49.666,1.13175,1.1319,1.00,1.60
2010.05.17 18:19:49.933,1.13175,1.1319,1.00,5.60
2010.05.17 18:19:51.756,1.13175,1.1319,1.00,5.60
2010.05.17 18:19:51.959,1.13175,1.1319,1.00,1.60
2010.05.17 18:19:53.183,1.13175,1.1319,1.10,1.60
2010.05.17 18:19:53.532,1.1318,1.1319,1.00,1.00
2010.05.17 18:19:54.512,1.1318,1.1319,3.20,1.00
2010.05.17 18:19:54.868,1.13175,1.1319,1.20,1.00
2010.05.17 18:19:56.484,1.13175,1.1319,1.20,1.10
2010.05.17 18:19:57.108,1.13175,1.1319,1.20,1.10
2010.05.17 18:19:57.374,1.13175,1.1319,1.20,1.70
2010.05.17 18:19:58.129,1.13175,1.1319,1.90,1.00
2010.05.17 18:19:58.473,1.13175,1.1319,1.80,1.00
2010.05.17 18:19:59.584,1.13175,1.1319,1.60,1.00
2010.05.17 18:19:59.963,1.13175,1.13195,1.60,13.20
2010.05.17 18:20:00.144,1.13175,1.13195,1.60,10.00
2010.05.17 18:20:00.334,1.13175,1.13195,1.60,7.20
2010.05.17 18:20:01.384,1.13175,1.1319,1.60,1.00
2010.05.17 18:20:04.164,1.13175,1.1319,1.50,1.00
2010.05.17 18:20:04.318,1.13175,1.1319,1.60,1.00
2010.05.17 18:20:05.924,1.1318,1.13195,2.40,8.00
2010.05.17 18:20:06.274,1.1318,1.132,5.70,6.40
2010.05.17 18:20:07.239,1.13185,1.132,1.00,11.20
2010.05.17 18:20:07.585,1.13185,1.132,1.00,7.20
2010.05.17 18:20:07.865,1.13185,1.132,1.00,7.20
2010.05.17 18:20:09.209,1.13185,1.132,1.00,6.40
2010.05.17 18:20:10.538,1.13185,1.132,1.00,6.40
2010.05.17 18:20:15.395,1.13185,1.132,1.00,4.00
2010.05.17 18:20:15.843,1.13185,1.132,1.00,4.00
2010.05.17 18:20:16.504,1.13185,1.132,1.00,4.00
2010.05.17 18:20:16.706,1.13185,1.13205,7.20,8.80
2010.05.17 18:20:17.520,1.13185,1.13205,1.00,15.60
2010.05.17 18:20:17.699,1.13185,1.13205,4.10,12.00
2010.05.17 18:20:18.548,1.13185,1.13205,1.00,13.20
2010.05.17 18:20:18.896,1.13185,1.13205,1.00,15.60
2010.05.17 18:20:19.577,1.13185,1.132,1.00,4.00
2010.05.17 18:20:23.862,1.13185,1.132,1.00,11.20
2010.05.17 18:20:27.770,1.13185,1.132,1.00,12.00
2010.05.17 18:20:28.245,1.13185,1.132,1.00,11.20
2010.05.17 18:20:28.653,1.13185,1.132,1.00,11.20
2010.05.17 18:20:29.636,1.13185,1.132,1.00,4.80
2010.05.17 18:20:29.978,1.13185,1.13205,1.10,14.40
2010.05.17 18:20:30.174,1.13185,1.13205,1.00,14.40
2010.05.17 18:20:31.452,1.13195,1.13205,1.00,8.00
2010.05.17 18:20:31.716,1.13195,1.1321,1.00,8.80
2010.05.17 18:20:32.602,1.13195,1.13215,1.00,12.80
2010.05.17 18:20:32.879,1.13195,1.13215,1.00,12.80
2010.05.17 18:20:33.424,1.13195,1.13215,1.00,14.00
2010.05.17 18:20:34.639,1.1319,1.1321,13.20,1.00
2010.05.17 18:20:34.997,1.13185,1.13205,15.30,1.60
2010.05.17 18:20:35.838,1.13185,1.13205,6.50,1.60
2010.05.17 18:20:36.127,1.1319,1.1321,3.20,10.40
2010.05.17 18:20:36.408,1.13185,1.1321,4.80,10.40
2010.05.17 18:20:37.919,1.13185,1.13205,1.00,6.40
2010.05.17 18:20:39.194,1.13185,1.13205,1.00,8.20
2010.05.17 18:20:39.335,1.13185,1.13205,1.00,13.80
2010.05.17 18:20:40.074,1.13185,1.132,1.00,2.40
2010.05.17 18:20:40.307,1.13185,1.132,1.00,4.80
2010.05.17 18:20:40.536,1.13185,1.132,1.00,8.80
2010.05.17 18:20:41.395,1.13185,1.132,1.00,4.00
2010.05.17 18:20:41.746,1.13185,1.132,1.00,4.00
2010.05.17 18:20:42.092,1.13185,1.13205,1.00,14.40
2010.05.17 18:20:44.313,1.13185,1.13205,1.00,12.80
2010.05.17 18:20:44.343,1.13185,1.13205,1.00,12.80
2010.05.17 18:20:44.413,1.13185,1.13205,1.00,11.20
2010.05.17 18:20:44.624,1.13185,1.13205,1.00,11.20
2010.05.17 18:20:48.448,1.13185,1.13205,1.00,12.80
2010.05.17 18:20:48.498,1.13185,1.132,1.00,4.00
2010.05.17 18:20:48.624,1.13185,1.132,1.00,4.80
2010.05.17 18:20:48.754,1.13185,1.132,1.00,1.00
2010.05.17 18:20:49.555,1.13185,1.132,1.00,4.80
2010.05.17 18:20:49.900,1.13185,1.132,1.00,9.60
2010.05.17 18:20:50.247,1.13185,1.132,1.00,8.80
2010.05.17 18:20:51.585,1.13185,1.13205,1.00,14.40
2010.05.17 18:20:51.664,1.13185,1.13205,1.00,12.80
2010.05.17 18:20:51.743,1.13185,1.13205,1.00,10.40
2010.05.17 18:20:51.823,1.13185,1.13205,1.10,8.80
2010.05.17 18:20:54.223,1.13185,1.13205,1.10,11.20
2010.05.17 18:20:57.558,1.13185,1.13205,5.20,4.80
2010.05.17 18:20:58.896,1.13185,1.13205,1.20,11.20
2010.05.17 18:20:59.198,1.13185,1.13205,1.20,7.20
2010.05.17 18:20:59.495,1.13185,1.13205,1.20,4.80
2010.05.17 18:21:00.084,1.13185,1.13205,2.00,4.80
2010.05.17 18:21:01.513,1.13185,1.13205,2.00,4.80
2010.05.17 18:21:01.793,1.13185,1.13205,1.00,5.60
2010.05.17 18:21:01.934,1.13185,1.13205,1.00,12.40
2010.05.17 18:21:02.074,1.13185,1.13205,1.00,14.00
2010.05.17 18:21:03.052,1.13185,1.13205,1.00,14.00
2010.05.17 18:21:03.398,1.13185,1.13205,1.00,11.20
2010.05.17 18:21:03.597,1.13185,1.13205,1.20,8.80
2010.05.17 18:21:04.618,1.13185,1.13205,2.00,8.80
2010.05.17 18:21:04.814,1.13185,1.13205,1.90,8.80
2010.05.17 18:21:05.424,1.13185,1.13205,2.10,8.80
2010.05.17 18:21:06.942,1.13185,1.13205,3.00,8.80
2010.05.17 18:21:07.086,1.13195,1.13215,1.00,12.80
2010.05.17 18:21:07.215,1.13195,1.13215,1.00,11.20
2010.05.17 18:21:08.147,1.13195,1.13215,1.00,11.20
2010.05.17 18:21:08.826,1.13195,1.13215,1.00,11.20
2010.05.17 18:21:09.165,1.13195,1.13215,1.00,15.70
2010.05.17 18:21:10.035,1.13195,1.13215,1.00,12.90
2010.05.17 18:21:10.319,1.13195,1.13215,1.00,12.90
2010.05.17 18:21:10.599,1.13195,1.1321,1.00,2.40
2010.05.17 18:21:11.516,1.13195,1.1321,1.00,11.20
2010.05.17 18:21:11.809,1.1319,1.1321,1.00,13.70
2010.05.17 18:21:12.123,1.1319,1.1321,1.00,13.60
2010.05.17 18:21:13.074,1.1319,1.1321,3.20,11.20
2010.05.17 18:21:13.363,1.1319,1.1321,1.00,13.60
2010.05.17 18:21:14.806,1.1319,1.1321,3.20,10.40
2010.05.17 18:21:15.109,1.13195,1.1321,1.20,10.40
2010.05.17 18:21:15.406,1.13195,1.1321,1.20,6.40
2010.05.17 18:21:16.394,1.13195,1.13215,1.20,12.80
2010.05.17 18:21:17.055,1.13195,1.13215,1.20,14.40
2010.05.17 18:21:17.253,1.13195,1.13215,1.50,14.40
2010.05.17 18:21:17.929,1.13195,1.13215,1.70,14.40
2010.05.17 18:21:18.134,1.13195,1.13215,1.00,14.40
2010.05.17 18:21:21.282,1.13195,1.13215,1.00,14.40
2010.05.17 18:21:22.283,1.13195,1.13215,1.00,12.80
2010.05.17 18:21:24.396,1.13195,1.13215,2.50,12.80
2010.05.17 18:21:25.105,1.132,1.13215,2.40,6.40
2010.05.17 18:21:25.402,1.132,1.1322,3.20,12.80
2010.05.17 18:21:27.698,1.132,1.1322,3.20,11.20
2010.05.17 18:21:27.768,1.1321,1.13225,3.20,6.40
2010.05.17 18:21:28.010,1.1321,1.13225,3.20,2.40
2010.05.17 18:21:29.062,1.1321,1.13225,3.20,1.00
2010.05.17 18:21:29.376,1.1321,1.1323,7.30,4.00
2010.05.17 18:21:30.295,1.1321,1.1323,8.00,4.00
2010.05.17 18:21:30.968,1.1321,1.1323,4.00,4.00
2010.05.17 18:21:31.289,1.1321,1.13225,3.20,4.00
2010.05.17 18:21:32.144,1.1321,1.1323,3.20,12.80
2010.05.17 18:21:33.464,1.1321,1.1323,3.20,13.20
2010.05.17 18:21:33.644,1.1321,1.1323,1.00,17.30
2010.05.17 18:21:34.464,1.132,1.13225,9.20,15.20
2010.05.17 18:21:34.809,1.132,1.1322,8.00,4.80
2010.05.17 18:21:35.025,1.132,1.1322,7.20,4.80
2010.05.17 18:21:35.245,1.132,1.1322,7.30,4.80
2010.05.17 18:21:35.465,1.13205,1.1322,1.00,1.00
2010.05.17 18:21:38.935,1.1321,1.13225,1.00,16.00
2010.05.17 18:21:39.698,1.13215,1.1323,1.00,1.00
2010.05.17 18:21:39.867,1.13215,1.1323,3.20,1.00
2010.05.17 18:21:40.671,1.13215,1.13235,2.40,8.80
2010.05.17 18:21:41.021,1.1321,1.13235,11.30,15.60
2010.05.17 18:21:43.273,1.1321,1.1323,7.30,4.00
2010.05.17 18:21:43.368,1.1321,1.1323,8.00,4.80
2010.05.17 18:21:44.658,1.1321,1.1323,8.00,4.00
2010.05.17 18:21:44.955,1.1321,1.1323,7.30,4.00
2010.05.17 18:21:45.260,1.13215,1.13235,11.30,1.60
2010.05.17 18:21:45.560,1.1321,1.13235,11.30,13.20
2010.05.17 18:21:46.513,1.1321,1.13235,11.30,14.00
2010.05.17 18:21:46.725,1.1321,1.13235,7.30,14.00
2010.05.17 18:21:48.957,1.1321,1.13235,8.00,14.00
2010.05.17 18:21:49.586,1.1321,1.1323,8.00,1.00
2010.05.17 18:21:49.693,1.1321,1.1323,8.00,4.80
2010.05.17 18:21:49.887,1.1321,1.1323,3.20,8.80
2010.05.17 18:21:50.919,1.1321,1.1323,3.20,9.60
2010.05.17 18:21:54.178,1.1321,1.13225,3.20,1.00
2010.05.17 18:21:54.305,1.132,1.1322,4.00,5.60
2010.05.17 18:21:55.130,1.132,1.1322,4.10,5.60
2010.05.17 18:21:55.260,1.13195,1.1322,8.80,11.20
2010.05.17 18:21:55.607,1.13195,1.1322,4.80,11.20
2010.05.17 18:21:57.530,1.13195,1.13215,4.80,4.00
2010.05.17 18:21:58.475,1.13195,1.13215,5.70,4.00
2010.05.17 18:21:58.553,1.13205,1.1322,1.10,2.40
2010.05.17 18:21:59.234,1.132,1.1322,7.30,2.40
2010.05.17 18:21:59.577,1.132,1.1322,7.20,7.20
2010.05.17 18:21:59.806,1.132,1.1322,7.20,6.40
2010.05.17 18:22:02.013,1.132,1.1322,7.20,7.20
2010.05.17 18:22:02.344,1.132,1.1322,6.40,7.20
2010.05.17 18:22:03.165,1.13195,1.13215,1.00,10.40
2010.05.17 18:22:03.349,1.13195,1.13215,1.00,11.20
2010.05.17 18:22:05.030,1.132,1.1322,1.00,8.80
2010.05.17 18:22:05.205,1.132,1.1322,3.20,4.80
2010.05.17 18:22:05.377,1.132,1.1322,3.20,8.80
2010.05.17 18:22:05.545,1.132,1.1322,3.20,6.50
2010.05.17 18:22:06.213,1.132,1.1322,3.20,8.00
2010.05.17 18:22:06.519,1.132,1.1322,3.20,12.40
2010.05.17 18:22:06.827,1.13205,1.1322,2.40,12.00
2010.05.17 18:22:14.165,1.13205,1.1322,6.20,8.80
2010.05.17 18:22:14.511,1.1321,1.13225,3.20,1.00
2010.05.17 18:22:16.175,1.13215,1.1323,2.40,8.80
2010.05.17 18:22:17.794,1.13215,1.1323,2.50,8.80
2010.05.17 18:22:17.977,1.13215,1.1323,2.50,4.00
2010.05.17 18:22:19.062,1.13225,1.1324,2.90,4.00
2010.05.17 18:22:20.934,1.13225,1.1324,2.80,10.50
2010.05.17 18:22:21.179,1.13225,1.1324,2.80,11.30
2010.05.17 18:22:22.033,1.13225,1.1324,2.80,11.20
2010.05.17 18:22:22.265,1.13225,1.1324,3.20,11.20
2010.05.17 18:22:22.604,1.13225,1.1324,3.20,8.80
2010.05.17 18:22:22.946,1.13225,1.13245,3.20,12.80
2010.05.17 18:22:24.026,1.13225,1.1324,3.10,4.80
2010.05.17 18:22:26.825,1.13225,1.1324,3.10,8.80
2010.05.17 18:22:30.608,1.13225,1.1324,3.10,4.80
2010.05.17 18:22:33.137,1.13225,1.1324,2.40,4.80
2010.05.17 18:22:34.656,1.13235,1.1324,1.00,4.00
2010.05.17 18:22:34.741,1.13235,1.1324,1.90,4.00
2010.05.17 18:22:34.829,1.13235,1.1324,2.90,4.00
2010.05.17 18:22:35.520,1.13235,1.13245,5.30,8.80
2010.05.17 18:22:35.609,1.1324,1.13255,4.00,8.00
2010.05.17 18:22:35.962,1.1324,1.13265,12.00,14.00
2010.05.17 18:22:37.013,1.1324,1.1326,1.00,15.20
2010.05.17 18:22:37.357,1.1324,1.13255,1.00,4.00
2010.05.17 18:22:38.285,1.1324,1.1326,3.20,16.90
2010.05.17 18:22:38.575,1.1324,1.13255,3.20,4.00
2010.05.17 18:22:38.868,1.1324,1.1326,1.00,11.20
2010.05.17 18:22:39.156,1.1324,1.1326,3.30,6.40
2010.05.17 18:22:40.545,1.1324,1.1326,3.30,10.40
2010.05.17 18:22:41.557,1.1324,1.1326,7.30,4.00
2010.05.17 18:22:41.895,1.1324,1.1326,8.00,4.00
2010.05.17 18:22:43.200,1.1324,1.13265,11.30,17.20
2010.05.17 18:22:43.795,1.1324,1.13265,12.10,14.00
2010.05.17 18:22:44.671,1.1324,1.13265,12.00,14.00
2010.05.17 18:22:48.713,1.1324,1.13265,11.30,14.00
2010.05.17 18:22:49.496,1.1325,1.13265,1.00,8.80
2010.05.17 18:22:49.641,1.1325,1.1327,3.20,13.60
2010.05.17 18:22:49.915,1.1325,1.1327,3.20,11.20
2010.05.17 18:22:50.691,1.1325,1.1327,3.30,4.00
2010.05.17 18:22:51.037,1.1325,1.13275,8.10,15.60
2010.05.17 18:22:55.760,1.1326,1.13275,2.40,11.60
2010.05.17 18:22:55.879,1.1326,1.13275,3.20,4.80
2010.05.17 18:22:56.104,1.1326,1.13275,3.20,1.00
2010.05.17 18:22:56.785,1.1326,1.1327,2.40,1.00
2010.05.17 18:22:57.545,1.13255,1.1327,8.20,1.20
2010.05.17 18:22:57.891,1.13235,1.1326,1.00,15.20
2010.05.17 18:22:58.847,1.1323,1.13255,4.00,1.00
2010.05.17 18:22:59.185,1.1323,1.13255,12.90,10.40
2010.05.17 18:22:59.463,1.1323,1.13255,12.90,6.40
2010.05.17 18:23:00.863,1.1323,1.1325,12.80,1.00
2010.05.17 18:23:01.146,1.1324,1.1326,4.80,8.40
2010.05.17 18:23:01.418,1.1324,1.13255,1.00,4.00
2010.05.17 18:23:01.687,1.1324,1.13255,1.00,4.00
2010.05.17 18:23:02.647,1.1323,1.1325,12.80,1.00
2010.05.17 18:23:02.966,1.1323,1.1325,12.00,1.00
2010.05.17 18:23:04.555,1.13235,1.13255,1.00,12.40
2010.05.17 18:23:04.706,1.13235,1.13255,3.30,8.80
2010.05.17 18:23:04.857,1.13235,1.13255,7.30,1.00
2010.05.17 18:23:05.007,1.13235,1.13255,8.90,1.00
2010.05.17 18:23:05.811,1.13245,1.1326,3.20,1.60
2010.05.17 18:23:06.148,1.1324,1.13265,12.00,9.20
2010.05.17 18:23:06.487,1.1324,1.13265,12.80,8.00
2010.05.17 18:23:07.422,1.1324,1.1326,8.80,4.00
2010.05.17 18:23:07.717,1.1324,1.13265,8.80,14.80
2010.05.17 18:23:08.006,1.1324,1.13265,7.20,16.40
2010.05.17 18:23:09.321,1.1324,1.1326,3.30,4.00
2010.05.17 18:23:09.394,1.1324,1.13265,7.30,10.40
2010.05.17 18:23:10.662,1.1324,1.1326,7.20,7.20
2010.05.17 18:23:10.964,1.1324,1.1326,3.20,7.20
2010.05.17 18:23:12.122,1.1324,1.1326,3.20,8.80
2010.05.17 18:23:12.470,1.1324,1.1326,3.20,9.60
2010.05.17 18:23:13.073,1.1324,1.1326,2.40,9.60
2010.05.17 18:23:14.160,1.1324,1.13255,1.00,4.00
2010.05.17 18:23:22.402,1.1324,1.13255,1.00,4.00
2010.05.17 18:23:22.665,1.1324,1.1326,3.20,4.00
2010.05.17 18:23:22.918,1.1324,1.1326,7.20,4.00
2010.05.17 18:23:23.911,1.1325,1.1327,3.20,8.80
2010.05.17 18:23:25.007,1.1325,1.13265,1.00,4.00
2010.05.17 18:23:25.258,1.13245,1.13265,1.60,4.00
2010.05.17 18:23:26.007,1.13245,1.13265,2.00,4.00
2010.05.17 18:23:26.285,1.1325,1.1327,8.00,5.60
2010.05.17 18:23:26.845,1.1325,1.1327,8.00,4.80
2010.05.17 18:23:27.757,1.13255,1.1327,4.00,2.40
2010.05.17 18:23:28.473,1.13255,1.13265,4.00,1.00
2010.05.17 18:23:28.655,1.13255,1.13265,4.00,1.00
2010.05.17 18:23:28.875,1.13245,1.13265,8.00,4.50
2010.05.17 18:23:29.666,1.13245,1.13265,8.00,9.30
2010.05.17 18:23:29.863,1.1325,1.13265,4.00,9.30
2010.05.17 18:23:31.929,1.1324,1.13265,7.20,17.30
2010.05.17 18:23:32.594,1.1324,1.1326,7.20,4.00
2010.05.17 18:23:33.179,1.1324,1.1326,7.20,4.80
2010.05.17 18:23:34.007,1.1324,1.1326,7.20,5.60
2010.05.17 18:23:34.214,1.1324,1.1326,3.20,12.00
2010.05.17 18:23:36.491,1.13235,1.1326,9.40,12.00
2010.05.17 18:23:36.627,1.13235,1.1326,10.20,15.20
2010.05.17 18:23:36.898,1.1324,1.1326,4.00,8.00
2010.05.17 18:23:37.036,1.13235,1.1326,10.30,12.00
2010.05.17 18:23:37.681,1.13235,1.1326,10.30,13.60
2010.05.17 18:23:37.819,1.13235,1.1326,6.00,13.60
2010.05.17 18:23:38.912,1.13235,1.1326,6.00,13.60
2010.05.17 18:23:39.074,1.13235,1.1326,6.20,13.60
2010.05.17 18:23:41.185,1.13235,1.1326,6.10,13.60
2010.05.17 18:23:43.413,1.13235,1.1326,6.00,13.60
2010.05.17 18:23:44.299,1.13235,1.1326,6.00,13.60
2010.05.17 18:23:45.503,1.13235,1.1326,6.40,13.60
2010.05.17 18:23:45.643,1.13235,1.1326,4.80,13.60
2010.05.17 18:23:45.782,1.13235,1.1326,5.10,13.60
2010.05.17 18:23:45.923,1.1324,1.1326,1.60,13.60
2010.05.17 18:23:49.565,1.1324,1.1326,2.40,12.80
2010.05.17 18:23:49.757,1.13245,1.1326,1.00,10.40
2010.05.17 18:23:49.950,1.1325,1.1326,1.00,4.00
2010.05.17 18:23:50.786,1.1325,1.13265,4.80,1.00
2010.05.17 18:23:51.135,1.1325,1.1327,5.20,12.00
2010.05.17 18:23:51.477,1.1325,1.1327,9.70,5.60
2010.05.17 18:23:52.428,1.13255,1.1327,1.60,5.60
2010.05.17 18:23:52.766,1.13255,1.1327,1.60,8.00
2010.05.17 18:23:53.485,1.13255,1.1327,1.60,1.60
2010.05.17 18:24:02.105,1.13255,1.1327,1.60,6.40
2010.05.17 18:24:03.856,1.13255,1.1327,1.60,5.60
2010.05.17 18:24:04.863,1.13255,1.1327,1.60,6.40
2010.05.17 18:24:05.859,1.1325,1.1327,5.80,12.00
2010.05.17 18:24:06.122,1.13255,1.1327,1.60,5.60
2010.05.17 18:24:07.102,1.13255,1.1327,1.60,1.60
2010.05.17 18:24:07.353,1.13255,1.1327,1.60,4.00
2010.05.17 18:24:20.265,1.13255,1.1327,4.00,4.00
2010.05.17 18:24:20.367,1.13255,1.1327,4.80,4.00
2010.05.17 18:24:20.469,1.1326,1.1327,1.00,4.00
2010.05.17 18:24:21.163,1.1326,1.1327,3.20,4.00
2010.05.17 18:24:21.398,1.13265,1.1328,1.60,6.40
2010.05.17 18:24:23.133,1.13265,1.13285,1.60,17.20
2010.05.17 18:24:25.563,1.1326,1.13285,8.80,17.20
2010.05.17 18:24:25.825,1.1326,1.13285,7.20,17.20
2010.05.17 18:24:27.264,1.1326,1.13285,7.20,18.00
2010.05.17 18:24:27.426,1.1326,1.13285,8.00,14.40
2010.05.17 18:24:27.583,1.1326,1.13285,8.00,11.20
2010.05.17 18:24:27.903,1.1326,1.13285,12.00,11.20
2010.05.17 18:24:30.077,1.1326,1.13285,13.60,11.20
2010.05.17 18:24:31.509,1.1327,1.13285,2.40,8.80
2010.05.17 18:24:31.773,1.1327,1.1329,3.20,16.10
2010.05.17 18:24:32.794,1.1327,1.1329,3.20,15.20
2010.05.17 18:24:33.053,1.1327,1.1329,3.20,14.40
2010.05.17 18:24:34.367,1.13275,1.1329,1.00,6.40
2010.05.17 18:24:34.551,1.1327,1.1329,8.80,4.00
2010.05.17 18:24:34.778,1.1327,1.1329,7.80,4.00
2010.05.17 18:24:35.458,1.1327,1.1329,3.80,4.00
2010.05.17 18:24:35.688,1.1326,1.13285,14.00,10.40
2010.05.17 18:24:36.028,1.13265,1.13285,1.00,10.40
2010.05.17 18:24:36.365,1.1326,1.13285,13.60,10.40
2010.05.17 18:24:38.634,1.1326,1.13285,13.60,8.00
2010.05.17 18:24:38.795,1.1326,1.13285,13.60,4.00
2010.05.17 18:24:44.397,1.1326,1.13285,13.60,10.40
2010.05.17 18:24:57.369,1.1326,1.13285,13.60,4.00
2010.05.17 18:24:59.864,1.1326,1.13285,14.40,4.00
2010.05.17 18:25:06.835,1.13265,1.13285,1.00,4.00
2010.05.17 18:25:09.564,1.13265,1.13285,1.60,4.00
2010.05.17 18:25:09.684,1.13275,1.1329,3.20,4.00
2010.05.17 18:25:09.799,1.13275,1.13295,3.20,8.00
2010.05.17 18:25:09.905,1.13275,1.133,3.20,15.30
2010.05.17 18:25:11.247,1.1328,1.133,3.20,14.40
2010.05.17 18:25:11.569,1.1328,1.133,3.20,4.00
2010.05.17 18:25:12.713,1.1328,1.13305,7.20,17.20
2010.05.17 18:25:13.903,1.1328,1.13305,7.20,18.00
2010.05.17 18:25:15.026,1.1328,1.13305,7.20,16.40
2010.05.17 18:25:15.152,1.13285,1.13305,1.00,14.00
2010.05.17 18:25:15.265,1.13285,1.13305,4.90,4.00
2010.05.17 18:25:16.017,1.13285,1.13305,14.10,1.60
2010.05.17 18:25:16.354,1.13285,1.13305,13.90,1.60
2010.05.17 18:25:17.578,1.13285,1.13305,13.80,1.60
2010.05.17 18:25:18.508,1.13285,1.133,4.20,1.00
2010.05.17 18:25:18.797,1.13285,1.133,1.00,1.00
2010.05.17 18:25:21.046,1.13285,1.133,2.60,1.00
2010.05.17 18:25:21.276,1.13285,1.13305,1.00,13.20
2010.05.17 18:25:21.495,1.13285,1.13305,1.00,13.20
2010.05.17 18:25:23.595,1.13285,1.13305,1.00,13.20
2010.05.17 18:25:24.600,1.13285,1.13305,1.00,9.20
2010.05.17 18:25:24.953,1.13285,1.13305,1.00,9.20
2010.05.17 18:25:25.165,1.13285,1.13305,1.00,9.20
2010.05.17 18:25:25.876,1.13285,1.13305,1.00,13.20
2010.05.17 18:25:26.156,1.13285,1.13305,1.00,9.20
2010.05.17 18:25:26.435,1.13285,1.13305,1.00,13.20
2010.05.17 18:25:26.984,1.13285,1.13305,1.00,13.20
2010.05.17 18:25:27.671,1.13285,1.13305,1.00,14.80
2010.05.17 18:25:28.030,1.13285,1.13305,1.00,15.60
2010.05.17 18:25:32.164,1.13285,1.13305,1.00,13.20
2010.05.17 18:25:32.307,1.13285,1.13305,1.00,9.20
2010.05.17 18:25:32.895,1.13285,1.13305,1.00,9.20
2010.05.17 18:25:33.615,1.13285,1.13305,1.00,13.20
2010.05.17 18:25:33.959,1.1328,1.133,7.20,4.80
2010.05.17 18:25:36.064,1.1328,1.133,7.20,4.80
2010.05.17 18:25:36.215,1.1328,1.133,8.00,4.80
2010.05.17 18:25:36.365,1.1328,1.133,7.20,1.00
2010.05.17 18:25:37.658,1.1328,1.133,8.00,1.00
2010.05.17 18:25:38.204,1.1328,1.133,7.20,1.00
2010.05.17 18:25:41.111,1.13285,1.133,1.00,1.00
2010.05.17 18:25:41.361,1.13285,1.133,1.00,1.00
2010.05.17 18:25:42.068,1.13285,1.133,1.00,1.00
2010.05.17 18:25:42.379,1.13285,1.13305,1.00,13.20
2010.05.17 18:25:42.687,1.13285,1.13305,1.00,13.20
2010.05.17 18:25:44.886,1.13285,1.13305,1.00,9.20
2010.05.17 18:25:46.171,1.13285,1.13305,1.00,9.20
2010.05.17 18:25:46.349,1.1328,1.13305,10.40,17.20
2010.05.17 18:25:47.145,1.1328,1.133,4.00,4.80
2010.05.17 18:25:47.325,1.1328,1.133,3.20,4.80
2010.05.17 18:25:50.061,1.13275,1.13295,10.40,4.80
2010.05.17 18:25:50.180,1.13275,1.13295,6.40,9.20
2010.05.17 18:25:50.928,1.13275,1.13295,1.60,12.40
2010.05.17 18:25:51.282,1.13275,1.13295,1.50,10.00
2010.05.17 18:25:51.627,1.1328,1.133,3.20,8.80
2010.05.17 18:25:52.940,1.1328,1.133,3.20,12.80
2010.05.17 18:25:53.877,1.13285,1.133,1.00,4.00
2010.05.17 18:25:54.666,1.13285,1.13305,1.00,13.20
2010.05.17 18:25:54.994,1.13285,1.13305,1.00,13.20
2010.05.17 18:25:56.907,1.13285,1.13305,4.90,9.20
2010.05.17 18:25:59.936,1.13285,1.133,1.00,1.00
2010.05.17 18:26:00.995,1.13285,1.133,1.00,1.00
2010.05.17 18:26:01.178,1.13285,1.133,1.00,1.00
2010.05.17 18:26:01.694,1.13285,1.13305,1.00,13.20
2010.05.17 18:26:01.874,1.13285,1.13305,1.00,13.20
2010.05.17 18:26:05.171,1.13285,1.13305,1.00,14.00
2010.05.17 18:26:10.153,1.13285,1.13305,1.00,14.00
2010.05.17 18:26:10.224,1.13285,1.13305,1.00,14.00
2010.05.17 18:26:11.497,1.13285,1.13305,1.10,13.20
2010.05.17 18:26:11.756,1.13285,1.13305,1.00,13.20
2010.05.17 18:26:12.988,1.13285,1.13305,1.00,9.20
2010.05.17 18:26:13.317,1.13285,1.13305,1.00,13.20
2010.05.17 18:26:14.494,1.13285,1.133,1.00,1.00
2010.05.17 18:26:14.830,1.13285,1.133,1.00,4.00
2010.05.17 18:26:14.996,1.13285,1.13305,1.00,18.00
2010.05.17 18:26:15.805,1.13285,1.13305,1.00,16.40
2010.05.17 18:26:15.981,1.13285,1.13305,1.00,15.60
2010.05.17 18:26:19.163,1.13285,1.13305,1.00,14.00
2010.05.17 18:26:20.423,1.13285,1.13305,1.20,10.00
2010.05.17 18:26:21.500,1.13285,1.13305,6.80,10.00
2010.05.17 18:26:21.835,1.13285,1.13305,13.40,3.20
2010.05.17 18:26:22.171,1.13285,1.133,5.40,1.00
2010.05.17 18:26:23.124,1.13285,1.133,1.00,1.00
2010.05.17 18:26:23.493,1.13285,1.13305,1.00,14.00
2010.05.17 18:26:24.660,1.13285,1.13305,1.20,14.00
2010.05.17 18:26:24.828,1.13285,1.13305,1.20,10.00
2010.05.17 18:26:25.153,1.13285,1.13305,1.50,10.00
2010.05.17 18:26:26.473,1.1329,1.13305,3.20,1.00
2010.05.17 18:26:28.290,1.133,1.13315,3.20,5.20
2010.05.17 18:26:28.635,1.133,1.1332,3.20,11.20
2010.05.17 18:26:29.938,1.133,1.13325,3.20,22.00
2010.05.17 18:26:31.665,1.13305,1.13325,1.00,19.70
2010.05.17 18:26:31.856,1.1331,1.1333,2.40,18.10
2010.05.17 18:26:32.738,1.13315,1.1333,1.00,1.00
2010.05.17 18:26:33.259,1.13305,1.13325,11.40,4.80
2010.05.17 18:26:34.156,1.1331,1.1333,3.20,4.10
2010.05.17 18:26:34.494,1.1331,1.13335,7.20,14.10
2010.05.17 18:26:35.269,1.1331,1.13335,8.00,13.30
2010.05.17 18:26:35.561,1.13315,1.13335,1.00,14.50
2010.05.17 18:26:35.851,1.1331,1.13335,7.20,14.60
2010.05.17 18:26:36.459,1.1331,1.13335,3.20,20.00
2010.05.17 18:26:37.091,1.1331,1.13335,3.20,23.40
2010.05.17 18:26:37.308,1.133,1.1333,14.40,15.40
2010.05.17 18:26:37.524,1.133,1.13325,12.80,9.60
2010.05.17 18:26:39.031,1.133,1.1332,11.20,1.00
2010.05.17 18:26:39.193,1.13305,1.1332,1.00,7.30
2010.05.17 18:26:39.349,1.13305,1.1332,1.00,3.60
2010.05.17 18:26:39.506,1.133,1.1332,10.40,3.60
2010.05.17 18:26:40.276,1.133,1.1332,14.40,3.60
2010.05.17 18:26:40.623,1.133,1.13325,8.00,12.10
2010.05.17 18:26:40.975,1.133,1.1332,7.20,3.60
2010.05.17 18:26:41.320,1.133,1.1332,3.20,3.60
2010.05.17 18:26:42.264,1.133,1.1332,7.20,3.70
2010.05.17 18:26:43.083,1.133,1.1332,8.00,3.70
2010.05.17 18:26:43.394,1.133,1.1332,4.00,3.70
2010.05.17 18:26:43.875,1.133,1.13325,8.00,15.50
2010.05.17 18:26:44.035,1.133,1.13325,8.80,14.30
2010.05.17 18:26:44.788,1.1331,1.1332,1.00,3.70
2010.05.17 18:26:45.005,1.1331,1.1333,3.20,13.20
2010.05.17 18:26:46.040,1.13305,1.1333,8.00,13.20
2010.05.17 18:26:46.312,1.133,1.1332,7.20,3.80
2010.05.17 18:26:46.589,1.1331,1.13325,4.00,8.40
2010.05.17 18:26:47.453,1.1331,1.13325,3.20,1.00
2010.05.17 18:26:48.027,1.1331,1.1333,3.20,12.60
2010.05.17 18:26:49.588,1.13315,1.1333,1.00,3.90
2010.05.17 18:26:49.928,1.13315,1.1333,1.00,3.90
2010.05.17 18:26:50.942,1.13315,1.1333,1.00,8.00
2010.05.17 18:26:52.159,1.13315,1.1333,1.00,8.00
2010.05.17 18:26:52.476,1.13315,1.13335,1.00,12.80
2010.05.17 18:26:52.784,1.13315,1.13335,1.00,12.80
2010.05.17 18:26:54.212,1.13315,1.13335,1.00,13.70
2010.05.17 18:26:55.154,1.1331,1.1333,3.20,8.90
2010.05.17 18:26:55.467,1.1331,1.1333,3.20,12.90
2010.05.17 18:26:55.777,1.1331,1.1333,3.20,12.80
2010.05.17 18:26:56.970,1.13315,1.1333,1.00,4.00
2010.05.17 18:26:57.320,1.13315,1.1333,1.00,4.00
2010.05.17 18:26:59.165,1.13315,1.13335,1.00,10.40
2010.05.17 18:26:59.510,1.1332,1.13335,3.20,8.00
2010.05.17 18:26:59.670,1.1332,1.1334,3.20,13.20
2010.05.17 18:27:00.449,1.1332,1.1334,3.20,10.80
2010.05.17 18:27:00.609,1.13315,1.13335,1.00,10.40
2010.05.17 18:27:00.760,1.13315,1.13335,1.00,10.40
2010.05.17 18:27:02.189,1.13315,1.13335,1.00,8.00
2010.05.17 18:27:02.528,1.13315,1.13335,1.00,8.00
2010.05.17 18:27:02.867,1.13315,1.13335,1.10,8.00
2010.05.17 18:27:03.818,1.13315,1.13335,1.00,8.00
2010.05.17 18:27:04.533,1.13315,1.13335,1.00,8.00
2010.05.17 18:27:05.094,1.13315,1.13335,1.00,8.00
2010.05.17 18:27:07.211,1.13315,1.1334,5.10,12.80
2010.05.17 18:27:07.407,1.13315,1.13335,2.70,8.00
2010.05.17 18:27:07.596,1.13315,1.13335,2.60,8.00
2010.05.17 18:27:08.602,1.13315,1.13335,1.00,8.00
2010.05.17 18:27:09.285,1.13315,1.13335,1.00,8.00
2010.05.17 18:27:09.805,1.13315,1.13335,3.60,8.00
2010.05.17 18:27:09.934,1.13315,1.13335,7.60,4.00
2010.05.17 18:27:10.064,1.13315,1.13335,7.70,4.00
2010.05.17 18:27:11.229,1.13315,1.13335,8.00,4.00
2010.05.17 18:27:11.508,1.13315,1.13335,7.70,4.00
2010.05.17 18:27:11.835,1.1332,1.13335,1.00,4.00
2010.05.17 18:27:11.949,1.13325,1.1334,1.00,10.40
2010.05.17 18:27:12.061,1.13325,1.1334,1.00,8.00
2010.05.17 18:27:12.823,1.13325,1.1334,1.00,8.00
2010.05.17 18:27:13.106,1.13325,1.1334,1.00,4.00
2010.05.17 18:27:15.028,1.13325,1.13345,1.00,8.00
2010.05.17 18:27:16.375,1.1333,1.13345,3.20,8.00
2010.05.17 18:27:16.484,1.1333,1.13345,4.00,8.00
2010.05.17 18:27:17.269,1.1333,1.1335,3.20,8.80
2010.05.17 18:27:17.496,1.13325,1.1335,14.70,9.60
2010.05.17 18:27:17.716,1.1333,1.1335,3.20,9.60
2010.05.17 18:27:19.256,1.1333,1.1335,3.20,8.80
2010.05.17 18:27:19.525,1.1333,1.1335,3.20,8.00
2010.05.17 18:27:22.064,1.1333,1.1335,3.20,8.80
2010.05.17 18:27:22.144,1.1333,1.1335,3.20,8.90
2010.05.17 18:27:22.225,1.13325,1.13345,15.40,1.00
2010.05.17 18:27:22.305,1.13325,1.13345,14.20,1.00
2010.05.17 18:27:22.386,1.13325,1.13345,7.00,5.20
2010.05.17 18:27:23.080,1.13325,1.13345,1.00,13.20
2010.05.17 18:27:23.428,1.13325,1.13345,1.00,9.60
2010.05.17 18:27:24.108,1.1333,1.13345,3.20,4.00
2010.05.17 18:27:24.398,1.1333,1.1335,3.20,9.60
2010.05.17 18:27:25.367,1.1333,1.1335,3.20,6.40
2010.05.17 18:27:25.553,1.1333,1.1335,3.20,10.40
2010.05.17 18:27:26.126,1.1333,1.1335,3.20,11.20
2010.05.17 18:27:27.510,1.1333,1.1335,3.20,11.30
2010.05.17 18:27:27.734,1.1333,1.1335,3.20,11.20
2010.05.17 18:27:31.908,1.1333,1.1335,3.20,11.30
2010.05.17 18:27:32.092,1.13325,1.13345,3.10,8.00
2010.05.17 18:27:32.268,1.13325,1.13345,2.70,8.00
2010.05.17 18:27:32.446,1.13325,1.1334,1.00,4.00
2010.05.17 18:27:32.625,1.13325,1.13345,1.00,8.40
2010.05.17 18:27:33.410,1.1333,1.13345,1.00,12.80
2010.05.17 18:27:33.751,1.1333,1.13345,1.00,6.40
2010.05.17 18:27:36.165,1.1333,1.1335,3.20,11.30
2010.05.17 18:27:36.376,1.1333,1.1335,3.20,8.00
2010.05.17 18:27:37.101,1.1333,1.1335,3.20,8.80
2010.05.17 18:27:37.190,1.1333,1.1335,3.20,11.20
2010.05.17 18:27:45.165,1.1333,1.1335,3.20,10.40
2010.05.17 18:27:45.834,1.1333,1.1335,3.20,6.40
2010.05.17 18:27:52.617,1.1333,1.1335,3.20,4.80
2010.05.17 18:27:52.713,1.1333,1.1335,4.00,4.80
2010.05.17 18:27:54.153,1.1333,1.1335,8.00,4.80
2010.05.17 18:27:54.936,1.1333,1.1335,4.00,4.80
2010.05.17 18:27:58.122,1.1333,1.1335,8.00,4.80
2010.05.17 18:27:58.439,1.1333,1.1335,4.00,4.80
2010.05.17 18:27:59.801,1.1333,1.1335,8.00,4.80
2010.05.17 18:27:59.863,1.1333,1.1335,4.00,4.80
2010.05.17 18:28:01.764,1.13335,1.1335,1.00,4.80
2010.05.17 18:28:01.884,1.1334,1.1335,1.00,4.80
2010.05.17 18:28:02.585,1.1334,1.1335,1.30,1.00
2010.05.17 18:28:02.788,1.1335,1.13375,4.40,9.60
2010.05.17 18:28:03.645,1.1336,1.13375,3.20,8.00
2010.05.17 18:28:03.990,1.1336,1.13375,3.20,4.00
2010.05.17 18:28:04.968,1.1336,1.1338,3.20,11.20
2010.05.17 18:28:06.128,1.1336,1.1338,3.20,9.60
2010.05.17 18:28:06.334,1.1336,1.1338,3.20,5.60
2010.05.17 18:28:07.398,1.1336,1.1338,3.20,9.60
2010.05.17 18:28:07.596,1.1336,1.1338,4.00,9.60
2010.05.17 18:28:07.794,1.1336,1.1338,4.00,8.80
2010.05.17 18:28:09.359,1.1336,1.1338,4.00,4.00
2010.05.17 18:28:09.479,1.1336,1.1338,4.00,5.60
2010.05.17 18:28:10.763,1.1336,1.1338,8.00,4.80
2010.05.17 18:28:11.826,1.1336,1.1338,3.20,6.40
2010.05.17 18:28:12.123,1.13355,1.13375,1.00,13.20
2010.05.17 18:28:14.002,1.1335,1.13375,15.20,14.00
2010.05.17 18:28:14.179,1.13355,1.13375,3.20,9.20
2010.05.17 18:28:14.357,1.13355,1.13375,1.00,9.20
2010.05.17 18:28:14.705,1.13355,1.13375,3.20,9.20
2010.05.17 18:28:14.886,1.13355,1.13375,4.00,8.40
2010.05.17 18:28:15.065,1.13355,1.13375,5.60,5.60
2010.05.17 18:28:16.052,1.1336,1.1338,3.20,10.00
2010.05.17 18:28:16.358,1.1336,1.1338,3.20,9.60
2010.05.17 18:28:17.723,1.13355,1.13375,1.00,14.00
2010.05.17 18:28:18.145,1.13355,1.13375,1.00,10.80
2010.05.17 18:28:18.958,1.13355,1.13375,1.00,4.40
2010.05.17 18:28:19.300,1.1336,1.1338,3.20,8.80
2010.05.17 18:28:21.050,1.1336,1.1338,3.20,9.50
2010.05.17 18:28:21.208,1.1336,1.1338,3.20,10.30
2010.05.17 18:28:21.965,1.13355,1.13375,10.20,5.60
2010.05.17 18:28:22.128,1.1335,1.1337,5.60,8.00
2010.05.17 18:28:23.150,1.1335,1.13375,13.60,14.00
2010.05.17 18:28:23.377,1.1335,1.1337,9.60,4.00
2010.05.17 18:28:24.479,1.1335,1.13375,13.60,14.00
2010.05.17 18:28:24.735,1.1336,1.1338,3.20,10.40
2010.05.17 18:28:28.851,1.1336,1.1338,3.20,11.20
2010.05.17 18:28:29.161,1.1336,1.1338,3.20,10.40
2010.05.17 18:28:30.424,1.1336,1.1338,1.00,12.80
2010.05.17 18:28:30.525,1.13355,1.1338,15.90,13.60
2010.05.17 18:28:31.256,1.13355,1.13375,4.20,7.60
2010.05.17 18:28:31.365,1.13355,1.13375,3.20,10.00
2010.05.17 18:28:33.028,1.1335,1.1337,12.00,2.40
2010.05.17 18:28:33.326,1.1335,1.13375,12.00,18.00
2010.05.17 18:28:34.086,1.1335,1.13375,12.00,16.40
2010.05.17 18:28:34.434,1.1335,1.13375,12.00,4.80
2010.05.17 18:28:35.116,1.1335,1.13375,12.00,8.40
2010.05.17 18:28:35.855,1.1335,1.13375,12.00,12.40
2010.05.17 18:28:36.511,1.1335,1.1337,12.00,2.40
