2009.04.06 09:00:00.004,1.12805,1.1281,12.00,1.00
2009.04.06 09:00:00.714,1.128,1.1281,32.80,1.00
2009.04.06 09:00:00.994,1.128,1.1281,30.40,1.00
2009.04.06 09:00:01.284,1.1281,1.12815,9.60,1.00
2009.04.06 09:00:02.654,1.1281,1.12835,9.60,5.80
2009.04.06 09:00:06.323,1.1281,1.1283,16.40,5.80
2009.04.06 09:00:06.713,1.1281,1.1283,14.20,5.80
2009.04.06 09:00:06.933,1.1281,1.1283,9.60,5.80
2009.04.06 09:00:09.202,1.1282,1.1283,2.00,1.60
2009.04.06 09:00:09.552,1.12815,1.1283,6.80,1.00
2009.04.06 09:00:09.882,1.12825,1.1283,2.00,1.00
2009.04.06 09:00:10.172,1.12825,1.1284,2.00,4.20
2009.04.06 09:00:10.512,1.12825,1.1283,4.30,1.00
2009.04.06 09:00:11.322,1.1283,1.1284,2.00,4.20
2009.04.06 09:00:12.122,1.1282,1.1284,16.40,5.80
2009.04.06 09:00:12.351,1.1283,1.1284,2.00,10.40
2009.04.06 09:00:12.931,1.1283,1.1284,2.00,4.20
2009.04.06 09:00:15.211,1.12825,1.1283,4.30,1.00
2009.04.06 09:00:15.431,1.1282,1.1284,16.40,6.20
2009.04.06 09:00:15.710,1.1282,1.1283,6.80,1.00
2009.04.06 09:00:16.420,1.12815,1.12835,9.60,5.00
2009.04.06 09:00:16.760,1.1281,1.12825,9.60,3.60
2009.04.06 09:00:17.040,1.1281,1.12815,9.60,1.00
2009.04.06 09:00:17.500,1.128,1.12815,6.80,1.00
2009.04.06 09:00:17.610,1.128,1.12815,16.40,1.00
2009.04.06 09:00:18.310,1.128,1.1281,6.80,1.00
2009.04.06 09:00:19.250,1.128,1.1281,16.40,1.00
2009.04.06 09:00:19.600,1.12795,1.1281,9.60,1.00
2009.04.06 09:00:21.529,1.12795,1.1281,14.20,1.00
2009.04.06 09:00:21.649,1.12795,1.12815,9.60,3.40
2009.04.06 09:00:22.099,1.1279,1.12815,16.40,10.80
2009.04.06 09:00:22.379,1.1279,1.12805,16.40,1.00
2009.04.06 09:00:22.829,1.1279,1.1282,16.40,11.40
2009.04.06 09:00:23.009,1.1279,1.1282,16.40,5.20
2009.04.06 09:00:23.419,1.12795,1.1282,9.60,3.60
2009.04.06 09:00:23.649,1.12795,1.1282,9.60,3.60
2009.04.06 09:00:24.808,1.12795,1.12815,9.60,3.20
2009.04.06 09:00:30.267,1.128,1.12805,6.80,1.00
2009.04.06 09:00:30.567,1.128,1.1281,16.40,1.00
2009.04.06 09:00:31.347,1.12795,1.128,19.80,1.00
2009.04.06 09:00:36.765,1.12795,1.128,16.90,1.00
2009.04.06 09:00:37.006,1.12795,1.128,6.80,1.00
2009.04.06 09:00:37.285,1.12795,1.128,9.60,1.00
2009.04.06 09:00:37.505,1.12795,1.128,23.60,1.00
2009.04.06 09:00:40.015,1.128,1.12805,6.80,1.00
2009.04.06 09:00:41.594,1.128,1.1281,6.80,1.00
2009.04.06 09:00:45.263,1.128,1.1281,16.40,1.00
2009.04.06 09:00:45.833,1.128,1.1281,6.80,1.00
2009.04.06 09:00:46.793,1.128,1.12815,6.80,1.00
2009.04.06 09:00:47.023,1.128,1.1282,6.80,5.80
2009.04.06 09:00:49.142,1.128,1.1281,6.80,1.00
2009.04.06 09:00:50.302,1.128,1.1281,16.40,1.00
2009.04.06 09:00:51.432,1.128,1.1281,6.80,1.00
2009.04.06 09:00:53.161,1.1281,1.12815,2.00,1.00
2009.04.06 09:00:53.401,1.1281,1.12815,2.00,1.00
2009.04.06 09:00:53.861,1.1282,1.12835,6.80,6.00
2009.04.06 09:00:54.391,1.1282,1.12835,6.80,1.00
2009.04.06 09:00:54.671,1.1282,1.12845,6.80,10.40
2009.04.06 09:00:54.961,1.1282,1.1284,6.80,6.00
2009.04.06 09:00:55.901,1.1282,1.1284,20.80,6.00
2009.04.06 09:00:56.531,1.12815,1.12845,31.60,7.20
2009.04.06 09:00:56.761,1.12815,1.1284,31.60,6.00
2009.04.06 09:00:57.281,1.12815,1.1284,23.60,6.00
2009.04.06 09:00:57.450,1.12815,1.1284,15.60,6.00
2009.04.06 09:00:57.862,1.12815,1.12835,6.00,6.00
2009.04.06 09:00:58.270,1.1282,1.12835,6.80,6.00
2009.04.06 09:00:58.790,1.1282,1.12845,20.80,6.40
2009.04.06 09:00:59.240,1.1282,1.12845,16.20,6.40
2009.04.06 09:00:59.520,1.12815,1.12845,31.60,6.60
2009.04.06 09:00:59.749,1.12815,1.1284,14.00,6.00
2009.04.06 09:01:00.889,1.1282,1.1284,6.80,6.00
2009.04.06 09:01:04.799,1.1282,1.12845,6.80,9.60
2009.04.06 09:01:05.368,1.1282,1.12845,30.40,9.60
2009.04.06 09:01:09.107,1.1282,1.12835,25.80,1.60
2009.04.06 09:01:09.287,1.1282,1.1283,11.60,4.20
2009.04.06 09:01:09.697,1.1282,1.1283,2.00,4.20
2009.04.06 09:01:10.027,1.1283,1.12835,6.80,6.00
2009.04.06 09:01:10.298,1.12825,1.12845,1.60,6.60
2009.04.06 09:01:10.537,1.12825,1.1284,9.60,1.00
2009.04.06 09:01:10.917,1.1282,1.12845,9.60,6.60
2009.04.06 09:01:11.617,1.12815,1.1284,23.60,6.00
2009.04.06 09:01:12.017,1.1282,1.1284,12.80,6.00
2009.04.06 09:01:12.427,1.1282,1.12845,22.40,9.60
2009.04.06 09:01:13.166,1.1282,1.12845,30.40,7.80
2009.04.06 09:01:13.446,1.12825,1.1284,9.60,1.00
2009.04.06 09:01:14.946,1.1283,1.1286,12.80,10.00
2009.04.06 09:01:15.286,1.1283,1.1286,12.80,9.60
2009.04.06 09:01:15.466,1.1283,1.1286,22.40,9.60
2009.04.06 09:01:17.895,1.1283,1.12855,22.40,10.00
2009.04.06 09:01:18.225,1.1283,1.12855,22.40,9.80
2009.04.06 09:01:18.735,1.1283,1.12855,30.40,9.80
2009.04.06 09:01:19.325,1.1283,1.12855,30.40,10.00
2009.04.06 09:01:19.555,1.1283,1.12855,30.40,9.80
2009.04.06 09:01:19.845,1.12835,1.12855,9.60,2.40
2009.04.06 09:01:20.135,1.1283,1.12855,30.40,8.80
2009.04.06 09:01:22.994,1.1283,1.1285,6.80,6.00
2009.04.06 09:01:23.444,1.1283,1.1284,6.80,1.00
2009.04.06 09:01:23.895,1.12825,1.1284,17.60,1.00
2009.04.06 09:01:24.124,1.12825,1.1284,9.60,1.00
2009.04.06 09:01:24.404,1.12825,1.1284,23.60,1.00
2009.04.06 09:01:24.634,1.12825,1.1284,14.00,1.00
2009.04.06 09:01:25.144,1.1283,1.1284,6.80,1.00
2009.04.06 09:01:25.483,1.1283,1.1285,6.80,6.00
2009.04.06 09:01:28.513,1.1283,1.12855,30.40,9.60
2009.04.06 09:01:28.843,1.12835,1.12855,14.00,9.60
2009.04.06 09:01:29.243,1.12835,1.12855,23.60,2.40
2009.04.06 09:01:30.322,1.1284,1.12865,6.00,13.80
2009.04.06 09:01:30.723,1.12845,1.12865,9.60,2.60
2009.04.06 09:01:32.052,1.12845,1.12865,15.60,2.40
2009.04.06 09:01:32.282,1.1285,1.12865,9.60,2.40
2009.04.06 09:01:32.812,1.12845,1.12865,9.60,2.40
2009.04.06 09:01:33.681,1.12845,1.12865,15.60,2.20
2009.04.06 09:01:34.201,1.1285,1.1287,16.40,5.80
2009.04.06 09:01:34.601,1.1285,1.1287,30.40,5.80
2009.04.06 09:01:36.441,1.12855,1.1287,14.00,1.60
2009.04.06 09:01:36.791,1.1286,1.12875,14.00,1.60
2009.04.06 09:01:37.022,1.1286,1.1288,30.40,5.80
2009.04.06 09:01:37.381,1.1287,1.1288,2.00,4.20
2009.04.06 09:01:40.310,1.1288,1.1289,6.80,11.20
2009.04.06 09:01:40.820,1.1288,1.129,15.60,8.40
2009.04.06 09:01:41.170,1.12885,1.129,9.60,1.00
2009.04.06 09:01:41.509,1.12885,1.12905,9.60,2.80
2009.04.06 09:01:41.960,1.12885,1.12905,9.60,3.00
2009.04.06 09:01:42.470,1.1288,1.12905,16.40,3.00
2009.04.06 09:01:42.849,1.1288,1.12905,16.40,2.80
2009.04.06 09:01:43.609,1.1288,1.12895,16.40,1.00
2009.04.06 09:01:44.289,1.1288,1.12895,6.80,1.00
2009.04.06 09:01:44.929,1.1288,1.1289,4.60,1.00
2009.04.06 09:01:45.159,1.12875,1.1289,24.20,1.00
2009.04.06 09:01:45.389,1.12875,1.1289,9.60,1.00
2009.04.06 09:01:45.559,1.12865,1.1289,23.60,6.00
2009.04.06 09:01:46.548,1.12865,1.1289,15.60,6.00
2009.04.06 09:01:51.387,1.12865,1.12885,6.00,6.00
2009.04.06 09:01:57.026,1.12865,1.1289,6.00,6.00
2009.04.06 09:01:58.006,1.12865,1.1289,23.60,6.00
2009.04.06 09:01:58.355,1.12865,1.12885,14.00,6.00
2009.04.06 09:01:58.696,1.12865,1.1289,31.60,6.00
2009.04.06 09:02:00.715,1.12865,1.1289,22.00,6.00
2009.04.06 09:02:01.165,1.12865,1.1289,14.00,6.00
2009.04.06 09:02:03.394,1.1287,1.12895,9.60,7.00
2009.04.06 09:02:07.443,1.1287,1.12895,9.60,7.40
2009.04.06 09:02:07.893,1.12865,1.1289,31.60,6.00
2009.04.06 09:02:08.873,1.1287,1.1289,6.00,6.00
2009.04.06 09:02:09.093,1.1287,1.12895,12.80,7.00
2009.04.06 09:02:09.543,1.1287,1.12895,30.40,7.00
2009.04.06 09:02:10.213,1.1287,1.12895,30.40,7.40
2009.04.06 09:02:10.892,1.1287,1.12895,30.40,7.40
2009.04.06 09:02:11.112,1.1287,1.1289,30.40,1.60
2009.04.06 09:02:11.402,1.1287,1.1289,30.40,5.80
2009.04.06 09:02:11.693,1.1287,1.1289,20.80,12.00
2009.04.06 09:02:12.102,1.1287,1.1289,30.40,5.80
2009.04.06 09:02:12.582,1.1287,1.1289,20.80,5.80
2009.04.06 09:02:13.042,1.1287,1.1289,14.80,5.80
2009.04.06 09:02:13.452,1.1287,1.12885,8.00,2.20
2009.04.06 09:02:13.802,1.1287,1.1288,14.80,1.00
2009.04.06 09:02:14.322,1.1287,1.1288,4.60,1.00
2009.04.06 09:02:14.672,1.12865,1.12885,15.60,2.40
2009.04.06 09:02:15.401,1.12865,1.12885,15.60,2.60
2009.04.06 09:02:15.751,1.12865,1.12885,9.60,2.60
2009.04.06 09:02:16.351,1.1286,1.12885,30.40,8.60
2009.04.06 09:02:17.402,1.12865,1.12885,9.60,2.40
2009.04.06 09:02:18.250,1.1286,1.12885,30.40,8.60
2009.04.06 09:02:18.590,1.1286,1.12885,20.80,8.60
2009.04.06 09:02:19.051,1.1286,1.12885,23.60,7.60
2009.04.06 09:02:19.280,1.1286,1.12885,23.60,7.40
2009.04.06 09:02:20.260,1.1286,1.12885,23.60,7.20
2009.04.06 09:02:21.350,1.1286,1.12885,23.60,7.40
2009.04.06 09:02:24.769,1.12865,1.1288,9.60,1.00
2009.04.06 09:02:25.419,1.1286,1.12885,23.60,7.20
2009.04.06 09:02:27.169,1.1286,1.12885,23.60,7.60
2009.04.06 09:02:27.579,1.1286,1.12885,14.00,7.60
2009.04.06 09:02:29.968,1.1286,1.12885,23.60,7.40
2009.04.06 09:02:31.607,1.1286,1.12885,23.60,7.20
2009.04.06 09:02:31.787,1.12865,1.1288,9.60,1.00
2009.04.06 09:02:32.388,1.12865,1.12885,9.60,2.80
2009.04.06 09:02:32.977,1.1286,1.12885,23.60,7.20
2009.04.06 09:02:33.787,1.12865,1.12885,9.60,2.00
2009.04.06 09:02:34.257,1.12855,1.1288,23.60,6.00
2009.04.06 09:02:34.477,1.12855,1.12875,25.60,1.60
2009.04.06 09:02:35.107,1.1286,1.12875,9.60,1.60
2009.04.06 09:02:35.516,1.1286,1.12875,23.60,1.60
2009.04.06 09:02:35.727,1.12865,1.1288,9.60,1.00
2009.04.06 09:02:36.816,1.1287,1.12885,9.60,1.60
2009.04.06 09:02:37.146,1.1287,1.12885,9.60,1.60
2009.04.06 09:02:37.366,1.12875,1.12895,9.60,3.20
2009.04.06 09:02:37.656,1.12875,1.1289,9.60,1.00
2009.04.06 09:02:38.176,1.12875,1.12895,9.60,3.00
2009.04.06 09:02:38.526,1.12875,1.12895,9.60,2.80
2009.04.06 09:02:38.916,1.12875,1.12895,9.60,2.40
2009.04.06 09:02:39.385,1.1288,1.12895,9.60,2.40
2009.04.06 09:02:39.945,1.1288,1.12895,15.60,2.40
2009.04.06 09:02:41.005,1.1288,1.1289,22.40,1.00
2009.04.06 09:02:41.285,1.1288,1.1289,30.40,1.00
2009.04.06 09:02:41.635,1.1288,1.12895,23.60,2.20
2009.04.06 09:02:42.055,1.1288,1.12895,23.60,2.40
2009.04.06 09:02:42.395,1.1288,1.1289,30.40,1.00
2009.04.06 09:02:42.845,1.1289,1.129,16.40,1.00
2009.04.06 09:02:44.314,1.1289,1.1291,16.40,5.80
2009.04.06 09:02:44.754,1.1289,1.1291,20.40,5.80
2009.04.06 09:02:45.044,1.1289,1.12905,15.60,1.60
2009.04.06 09:02:46.214,1.12895,1.12905,9.60,1.60
2009.04.06 09:02:46.274,1.129,1.12905,2.00,1.60
2009.04.06 09:02:46.714,1.12905,1.12915,2.00,11.80
2009.04.06 09:02:46.994,1.12895,1.12905,9.60,1.60
2009.04.06 09:02:47.554,1.1289,1.12905,25.60,1.60
2009.04.06 09:02:47.844,1.129,1.12905,2.00,1.60
2009.04.06 09:02:49.213,1.12895,1.12905,6.00,1.60
2009.04.06 09:02:49.604,1.1289,1.12905,25.60,1.60
2009.04.06 09:02:50.643,1.129,1.12905,2.00,1.60
2009.04.06 09:02:50.923,1.12895,1.1291,15.60,5.80
2009.04.06 09:02:51.213,1.12895,1.1291,6.00,5.80
2009.04.06 09:02:51.443,1.1289,1.12905,25.60,1.60
2009.04.06 09:02:51.552,1.1289,1.12905,25.60,2.20
2009.04.06 09:02:52.292,1.129,1.12905,2.00,2.00
2009.04.06 09:02:52.623,1.12895,1.1291,15.60,5.80
2009.04.06 09:02:53.222,1.12895,1.1291,23.60,5.80
2009.04.06 09:02:56.491,1.129,1.1291,2.00,4.20
2009.04.06 09:02:56.881,1.129,1.1292,6.80,15.40
2009.04.06 09:02:57.112,1.129,1.1292,6.80,12.00
2009.04.06 09:02:57.401,1.129,1.1292,16.40,5.80
2009.04.06 09:02:59.121,1.129,1.1292,6.80,5.80
2009.04.06 09:02:59.661,1.12895,1.12905,9.60,1.00
2009.04.06 09:02:59.951,1.1289,1.12905,32.40,1.00
2009.04.06 09:03:00.351,1.12895,1.1292,9.60,1.60
2009.04.06 09:03:00.760,1.12895,1.1292,23.60,1.60
2009.04.06 09:03:01.440,1.12895,1.12915,15.60,1.60
2009.04.06 09:03:02.020,1.12895,1.12915,6.00,1.60
2009.04.06 09:03:02.550,1.12895,1.12915,15.60,1.60
2009.04.06 09:03:03.340,1.12895,1.12905,9.60,1.00
2009.04.06 09:03:03.990,1.12895,1.129,9.60,1.00
2009.04.06 09:03:04.270,1.12875,1.12905,23.60,7.60
2009.04.06 09:03:04.849,1.12875,1.12905,30.40,7.60
2009.04.06 09:03:06.149,1.1288,1.12905,25.80,7.80
2009.04.06 09:03:06.669,1.1288,1.12905,23.60,7.60
2009.04.06 09:03:06.789,1.1289,1.12905,6.80,7.40
2009.04.06 09:03:07.019,1.1289,1.129,6.80,1.00
2009.04.06 09:03:07.199,1.1289,1.129,2.00,1.00
2009.04.06 09:03:07.369,1.12885,1.129,22.40,1.00
2009.04.06 09:03:07.709,1.12885,1.129,9.60,1.00
2009.04.06 09:03:12.198,1.1289,1.1292,9.60,6.20
2009.04.06 09:03:12.648,1.1289,1.1292,22.40,7.60
2009.04.06 09:03:13.067,1.1289,1.1292,30.40,1.60
2009.04.06 09:03:13.957,1.12895,1.12915,9.60,1.60
2009.04.06 09:03:14.977,1.1289,1.12915,32.40,7.60
2009.04.06 09:03:19.106,1.1289,1.12915,30.40,7.60
2009.04.06 09:03:20.046,1.1289,1.12905,22.40,1.00
2009.04.06 09:03:20.306,1.12885,1.12905,25.60,1.00
2009.04.06 09:03:20.875,1.12885,1.12905,23.60,1.00
2009.04.06 09:03:22.035,1.12885,1.129,17.60,1.00
2009.04.06 09:03:22.505,1.12885,1.129,11.40,1.00
2009.04.06 09:03:22.995,1.1288,1.12905,25.80,7.60
2009.04.06 09:03:23.625,1.1288,1.129,25.80,1.00
2009.04.06 09:03:23.925,1.1288,1.129,30.40,1.00
2009.04.06 09:03:24.464,1.1288,1.12905,25.80,7.40
2009.04.06 09:03:24.745,1.1288,1.12905,23.60,7.60
2009.04.06 09:03:25.034,1.1288,1.12905,14.00,7.60
2009.04.06 09:03:26.374,1.1288,1.12905,6.00,7.60
2009.04.06 09:03:26.665,1.1288,1.12895,2.00,1.00
2009.04.06 09:03:26.894,1.1288,1.12895,6.80,1.00
2009.04.06 09:03:27.684,1.1288,1.12895,12.80,1.00
2009.04.06 09:03:28.074,1.1288,1.12905,12.80,9.60
2009.04.06 09:03:28.244,1.1288,1.12905,6.80,10.00
2009.04.06 09:03:30.903,1.1288,1.129,12.80,10.40
2009.04.06 09:03:31.014,1.1288,1.1289,12.80,1.00
2009.04.06 09:03:31.294,1.1288,1.1289,6.80,1.00
2009.04.06 09:03:31.583,1.12875,1.129,38.40,6.00
2009.04.06 09:03:31.753,1.12875,1.129,33.60,6.00
2009.04.06 09:03:34.512,1.12875,1.1289,23.60,1.00
2009.04.06 09:03:34.843,1.12875,1.1289,9.60,1.00
2009.04.06 09:03:35.532,1.1287,1.12895,14.00,6.60
2009.04.06 09:03:39.491,1.1287,1.12895,14.00,6.60
2009.04.06 09:03:39.711,1.1287,1.12895,14.00,6.60
2009.04.06 09:03:40.112,1.1287,1.12895,14.00,7.40
2009.04.06 09:03:40.621,1.1287,1.12895,20.80,9.00
2009.04.06 09:03:40.961,1.1287,1.1289,6.80,6.00
2009.04.06 09:03:41.481,1.12865,1.1289,35.20,6.00
2009.04.06 09:03:41.871,1.1287,1.1288,9.60,1.00
2009.04.06 09:03:44.100,1.12875,1.12895,14.00,8.00
2009.04.06 09:03:44.620,1.12875,1.129,14.00,6.00
2009.04.06 09:03:44.980,1.12875,1.12895,14.00,6.00
2009.04.06 09:03:45.839,1.12875,1.12895,14.00,6.60
2009.04.06 09:03:48.609,1.1287,1.12895,30.40,6.60
2009.04.06 09:03:53.797,1.12875,1.12895,4.60,6.60
2009.04.06 09:03:53.967,1.1287,1.12895,32.40,8.20
2009.04.06 09:03:55.877,1.1287,1.12895,32.40,8.00
2009.04.06 09:03:55.987,1.1287,1.12895,32.40,7.60
2009.04.06 09:03:56.277,1.1287,1.12895,30.40,7.60
2009.04.06 09:03:56.657,1.1287,1.12895,30.40,7.80
2009.04.06 09:03:56.937,1.1287,1.12895,30.40,8.40
2009.04.06 09:04:00.006,1.1287,1.12895,30.40,8.60
2009.04.06 09:04:00.246,1.1287,1.12895,30.40,8.80
2009.04.06 09:04:00.356,1.1287,1.12895,30.40,8.40
2009.04.06 09:04:01.736,1.12875,1.12895,6.00,8.00
2009.04.06 09:04:02.435,1.12875,1.12895,23.60,1.60
2009.04.06 09:04:07.054,1.12875,1.12895,14.00,7.60
2009.04.06 09:04:08.344,1.1288,1.12895,6.00,1.60
2009.04.06 09:04:08.624,1.1288,1.12895,23.60,1.60
2009.04.06 09:04:12.583,1.1288,1.129,25.60,1.00
2009.04.06 09:04:13.163,1.12885,1.129,14.00,1.00
2009.04.06 09:04:20.321,1.1288,1.12905,25.80,6.60
2009.04.06 09:04:20.491,1.1288,1.12905,23.60,6.80
2009.04.06 09:04:20.671,1.1288,1.12905,25.60,6.80
2009.04.06 09:04:21.001,1.1288,1.12905,25.60,7.00
2009.04.06 09:04:21.121,1.1288,1.12905,25.60,7.60
2009.04.06 09:04:21.681,1.1288,1.12905,25.60,7.40
2009.04.06 09:04:21.861,1.1288,1.129,16.00,6.00
2009.04.06 09:04:23.400,1.1288,1.12905,25.60,7.40
2009.04.06 09:04:24.150,1.1288,1.12905,25.60,7.40
2009.04.06 09:04:24.720,1.1288,1.12905,25.60,7.00
2009.04.06 09:04:25.000,1.1288,1.12905,25.60,6.80
2009.04.06 09:04:25.880,1.1288,1.12905,23.60,6.80
2009.04.06 09:04:26.259,1.1288,1.129,14.00,6.00
2009.04.06 09:04:29.169,1.1288,1.12905,23.60,7.20
2009.04.06 09:04:29.339,1.12885,1.12905,14.00,7.20
2009.04.06 09:04:29.869,1.12885,1.12905,14.00,6.80
2009.04.06 09:04:30.519,1.12895,1.129,2.00,1.00
2009.04.06 09:04:30.868,1.1289,1.129,9.60,1.00
2009.04.06 09:04:31.278,1.1289,1.129,16.40,1.00
2009.04.06 09:04:31.568,1.1289,1.129,14.20,1.00
2009.04.06 09:04:31.738,1.12885,1.129,25.60,1.00
2009.04.06 09:04:35.537,1.1289,1.129,6.80,1.00
2009.04.06 09:04:35.937,1.1289,1.129,16.40,1.00
2009.04.06 09:04:36.457,1.12885,1.129,17.60,1.00
2009.04.06 09:04:36.627,1.12885,1.129,15.60,1.00
2009.04.06 09:04:36.977,1.12885,1.129,17.60,1.00
2009.04.06 09:04:37.147,1.12885,1.129,15.60,1.00
2009.04.06 09:04:37.777,1.12885,1.129,25.60,1.00
2009.04.06 09:04:38.827,1.1289,1.129,9.60,1.00
2009.04.06 09:04:39.106,1.12885,1.129,25.60,1.00
2009.04.06 09:04:41.246,1.12885,1.1292,25.60,6.60
2009.04.06 09:04:41.776,1.12885,1.1292,17.60,7.20
2009.04.06 09:04:42.116,1.12885,1.12915,17.60,6.00
2009.04.06 09:04:56.862,1.12885,1.129,9.60,1.00
2009.04.06 09:04:57.082,1.12885,1.12905,4.60,6.60
2009.04.06 09:04:57.432,1.1288,1.12905,30.40,9.20
2009.04.06 09:04:57.752,1.1288,1.12895,15.60,1.00
2009.04.06 09:04:58.042,1.1288,1.129,6.00,6.00
2009.04.06 09:04:58.392,1.12875,1.129,23.60,6.00
2009.04.06 09:04:59.232,1.12875,1.129,14.00,6.00
2009.04.06 09:05:00.091,1.12875,1.12895,14.00,6.00
2009.04.06 09:05:00.431,1.12875,1.12895,6.00,6.00
2009.04.06 09:05:01.461,1.12875,1.12895,6.00,7.60
2009.04.06 09:05:01.861,1.12875,1.12895,6.00,1.60
2009.04.06 09:05:02.211,1.12875,1.129,23.60,6.00
2009.04.06 09:05:02.841,1.12875,1.129,15.60,6.00
2009.04.06 09:05:03.361,1.12875,1.129,9.60,6.20
2009.04.06 09:05:03.693,1.1287,1.129,30.40,6.20
2009.04.06 09:05:04.220,1.1287,1.1289,30.40,1.00
2009.04.06 09:05:06.670,1.12875,1.1289,6.00,1.00
2009.04.06 09:05:12.618,1.1287,1.1289,30.40,1.00
2009.04.06 09:05:14.808,1.12875,1.1289,6.00,1.00
2009.04.06 09:05:15.028,1.12875,1.129,15.60,6.00
2009.04.06 09:05:15.378,1.1288,1.129,6.00,6.00
2009.04.06 09:05:15.787,1.12885,1.12905,6.00,7.20
2009.04.06 09:05:16.737,1.12885,1.12905,6.00,6.80
2009.04.06 09:05:16.857,1.12885,1.12905,6.00,6.60
2009.04.06 09:05:17.717,1.1289,1.129,9.60,1.00
2009.04.06 09:05:18.117,1.1289,1.1291,9.60,1.00
2009.04.06 09:05:18.287,1.12885,1.12915,15.60,7.20
2009.04.06 09:05:20.667,1.12885,1.12905,9.60,1.00
2009.04.06 09:05:20.846,1.12885,1.1291,9.60,1.60
2009.04.06 09:05:21.246,1.1288,1.12905,16.40,1.00
2009.04.06 09:05:21.706,1.1288,1.129,6.80,1.00
2009.04.06 09:05:22.486,1.1288,1.129,2.00,1.00
2009.04.06 09:05:22.776,1.1288,1.129,9.60,1.00
2009.04.06 09:05:23.286,1.12875,1.129,9.60,6.80
2009.04.06 09:05:23.846,1.1288,1.129,11.60,1.00
2009.04.06 09:05:24.086,1.1288,1.129,16.40,1.00
2009.04.06 09:05:34.803,1.1288,1.129,11.60,1.00
2009.04.06 09:05:35.043,1.1288,1.129,9.60,1.00
2009.04.06 09:05:35.393,1.1288,1.129,14.20,1.00
2009.04.06 09:05:35.613,1.1288,1.129,16.40,1.00
2009.04.06 09:05:38.002,1.1288,1.129,6.80,1.00
2009.04.06 09:05:38.292,1.1288,1.129,16.40,1.00
2009.04.06 09:05:43.001,1.12875,1.129,23.20,6.80
2009.04.06 09:05:43.181,1.12875,1.129,22.40,6.80
2009.04.06 09:05:43.421,1.12875,1.129,9.60,6.80
2009.04.06 09:05:49.500,1.1287,1.12895,16.40,6.20
2009.04.06 09:05:49.780,1.1287,1.12895,9.60,6.80
2009.04.06 09:05:52.599,1.12875,1.12895,9.60,1.00
2009.04.06 09:05:52.838,1.12875,1.12895,9.60,1.00
2009.04.06 09:05:52.999,1.12875,1.12895,9.60,1.80
2009.04.06 09:05:53.578,1.12875,1.12895,9.60,1.60
2009.04.06 09:05:55.318,1.1287,1.12895,16.40,7.80
2009.04.06 09:05:55.608,1.1287,1.12895,9.60,6.20
2009.04.06 09:05:55.788,1.1287,1.12895,9.60,6.80
2009.04.06 09:05:57.777,1.1287,1.1289,9.60,1.00
2009.04.06 09:05:58.347,1.12865,1.1289,15.60,1.00
2009.04.06 09:06:00.657,1.12865,1.1289,15.60,1.20
2009.04.06 09:06:00.716,1.12865,1.1289,9.60,1.20
2009.04.06 09:06:00.826,1.12865,1.1289,9.60,1.00
2009.04.06 09:06:01.707,1.12865,1.12885,9.60,1.00
2009.04.06 09:06:02.106,1.1286,1.12885,22.40,6.20
2009.04.06 09:06:02.506,1.12865,1.12885,9.60,1.00
2009.04.06 09:06:07.055,1.12875,1.1289,4.60,6.00
2009.04.06 09:06:07.225,1.12875,1.1289,6.80,1.00
2009.04.06 09:06:07.635,1.12875,1.1289,4.60,1.00
2009.04.06 09:06:07.795,1.1287,1.1289,9.60,1.00
2009.04.06 09:06:08.135,1.1287,1.1289,9.60,1.00
2009.04.06 09:06:10.474,1.1288,1.1289,4.60,1.00
2009.04.06 09:06:10.714,1.12875,1.1289,10.40,1.20
2009.04.06 09:06:10.944,1.12875,1.1289,9.60,1.00
2009.04.06 09:06:11.184,1.1287,1.1289,9.60,1.00
2009.04.06 09:06:13.404,1.1287,1.1289,9.60,1.00
2009.04.06 09:06:14.033,1.1287,1.12895,9.60,8.00
2009.04.06 09:06:14.313,1.1287,1.12895,9.60,7.80
2009.04.06 09:06:16.923,1.1287,1.12895,9.60,7.60
2009.04.06 09:06:18.343,1.1287,1.12895,9.60,7.80
2009.04.06 09:06:19.082,1.1287,1.12895,9.60,8.00
2009.04.06 09:06:23.451,1.1287,1.12895,9.60,7.80
2009.04.06 09:06:23.561,1.1287,1.12895,9.60,7.60
2009.04.06 09:06:23.911,1.1287,1.1289,9.60,1.00
2009.04.06 09:06:27.660,1.1287,1.12895,9.60,7.20
2009.04.06 09:06:28.000,1.1287,1.12895,11.60,7.20
2009.04.06 09:06:28.110,1.1287,1.12895,16.40,8.80
2009.04.06 09:06:28.790,1.1287,1.12895,11.60,7.20
2009.04.06 09:06:28.910,1.1287,1.12895,9.60,7.20
2009.04.06 09:06:29.869,1.1287,1.12895,22.40,8.00
2009.04.06 09:06:35.148,1.1288,1.12895,9.60,1.60
2009.04.06 09:06:36.038,1.12875,1.12895,15.60,1.60
2009.04.06 09:06:36.578,1.12875,1.12885,15.60,4.20
2009.04.06 09:06:36.748,1.1287,1.1289,20.80,6.00
2009.04.06 09:06:37.088,1.12875,1.1289,9.60,1.00
2009.04.06 09:06:37.308,1.12875,1.129,9.60,1.60
2009.04.06 09:06:37.478,1.12875,1.12905,14.20,12.80
2009.04.06 09:06:42.597,1.12875,1.129,20.40,6.80
2009.04.06 09:06:42.776,1.1288,1.129,9.60,6.20
2009.04.06 09:06:45.347,1.1288,1.129,9.60,5.80
2009.04.06 09:06:46.036,1.1288,1.129,15.60,5.80
2009.04.06 09:06:49.095,1.1288,1.129,9.60,5.80
2009.04.06 09:06:50.875,1.1288,1.129,11.60,5.80
2009.04.06 09:06:51.104,1.1288,1.129,16.40,5.80
2009.04.06 09:06:52.914,1.1288,1.129,22.40,5.80
2009.04.06 09:07:09.970,1.12885,1.12905,4.60,3.80
2009.04.06 09:07:12.519,1.1289,1.1291,9.60,5.80
2009.04.06 09:07:21.527,1.12885,1.1291,20.40,5.80
2009.04.06 09:07:21.757,1.12885,1.1291,14.20,6.20
2009.04.06 09:07:22.107,1.12885,1.1291,14.20,12.20
2009.04.06 09:07:22.627,1.1289,1.1291,9.60,6.20
2009.04.06 09:07:25.676,1.1289,1.129,9.60,1.00
2009.04.06 09:07:35.543,1.1289,1.12905,9.60,1.00
2009.04.06 09:07:35.893,1.1289,1.1291,9.60,6.20
2009.04.06 09:07:36.424,1.1289,1.1291,14.20,6.20
2009.04.06 09:07:36.663,1.1289,1.1291,16.40,6.20
2009.04.06 09:07:46.081,1.1289,1.1291,6.80,6.20
2009.04.06 09:07:48.770,1.1289,1.1291,16.40,6.20
2009.04.06 09:07:49.290,1.1289,1.12905,16.40,1.00
2009.04.06 09:07:49.630,1.1289,1.129,16.40,1.00
2009.04.06 09:07:50.490,1.1289,1.1291,6.80,6.20
2009.04.06 09:07:50.950,1.1289,1.1291,16.40,6.20
2009.04.06 09:07:59.768,1.1289,1.1291,14.20,6.20
2009.04.06 09:08:00.008,1.1289,1.1291,9.60,5.80
2009.04.06 09:08:00.778,1.1289,1.129,9.60,4.20
2009.04.06 09:08:01.067,1.1289,1.129,9.60,1.00
2009.04.06 09:08:01.417,1.1289,1.129,4.60,1.00
2009.04.06 09:08:01.707,1.1289,1.129,6.80,1.00
2009.04.06 09:08:02.047,1.1289,1.1291,6.80,12.80
2009.04.06 09:08:02.157,1.12885,1.129,14.20,1.00
2009.04.06 09:08:04.367,1.12885,1.129,4.60,1.00
2009.04.06 09:08:04.537,1.12885,1.129,14.20,1.00
2009.04.06 09:08:10.085,1.12885,1.1289,9.60,4.20
2009.04.06 09:08:10.205,1.12885,1.129,4.60,7.60
2009.04.06 09:08:10.425,1.12885,1.129,4.60,6.00
2009.04.06 09:08:10.755,1.12885,1.129,14.20,1.00
2009.04.06 09:08:11.335,1.12885,1.1291,14.20,12.20
2009.04.06 09:08:14.884,1.12885,1.1291,20.40,12.00
2009.04.06 09:08:15.684,1.12885,1.1291,20.40,5.80
2009.04.06 09:08:15.804,1.1289,1.1291,9.60,5.80
2009.04.06 09:08:15.974,1.1289,1.12905,9.60,1.60
2009.04.06 09:08:16.264,1.1289,1.12895,4.60,4.20
2009.04.06 09:08:16.484,1.1289,1.12915,6.80,14.80
2009.04.06 09:08:16.764,1.1289,1.12915,6.80,12.00
2009.04.06 09:08:17.044,1.1289,1.12915,6.80,5.80
2009.04.06 09:08:17.693,1.1289,1.1291,9.60,6.20
2009.04.06 09:08:19.063,1.1289,1.1291,9.60,7.80
2009.04.06 09:08:19.303,1.12885,1.12905,10.80,6.00
2009.04.06 09:08:19.643,1.12885,1.129,6.00,5.80
2009.04.06 09:08:20.682,1.1288,1.129,24.40,5.80
2009.04.06 09:08:21.013,1.1288,1.1289,24.40,4.20
2009.04.06 09:08:21.233,1.1288,1.1289,11.60,4.20
2009.04.06 09:08:21.532,1.1288,1.1289,2.00,4.20
2009.04.06 09:08:21.712,1.1288,1.1289,6.80,4.20
2009.04.06 09:08:21.873,1.1288,1.129,6.80,12.00
2009.04.06 09:08:22.212,1.1288,1.129,9.60,5.80
2009.04.06 09:08:40.038,1.1289,1.129,2.00,5.80
2009.04.06 09:08:40.218,1.1288,1.129,18.20,5.80
2009.04.06 09:08:44.957,1.1288,1.129,11.40,5.80
2009.04.06 09:08:45.827,1.1288,1.129,9.60,5.80
2009.04.06 09:08:46.177,1.1288,1.129,16.40,5.80
2009.04.06 09:08:48.726,1.1288,1.129,6.80,5.80
2009.04.06 09:08:49.696,1.1288,1.129,16.40,5.80
2009.04.06 09:08:52.025,1.1288,1.129,16.40,5.80
2009.04.06 09:08:52.875,1.1289,1.129,2.00,4.20
2009.04.06 09:08:53.055,1.12885,1.129,9.60,5.80
2009.04.06 09:08:53.455,1.1288,1.129,16.40,5.80
2009.04.06 09:08:53.865,1.1289,1.129,2.00,4.20
2009.04.06 09:08:55.294,1.1289,1.1291,6.80,13.40
2009.04.06 09:08:55.514,1.1289,1.1291,2.00,12.80
2009.04.06 09:08:55.914,1.12885,1.1291,14.20,12.20
2009.04.06 09:08:58.174,1.12885,1.1291,14.20,5.80
2009.04.06 09:08:58.573,1.12885,1.1291,16.40,5.80
2009.04.06 09:08:58.743,1.1289,1.1291,6.80,5.80
2009.04.06 09:09:02.333,1.129,1.1291,2.00,4.20
2009.04.06 09:09:03.022,1.129,1.1292,6.80,12.80
2009.04.06 09:09:03.262,1.12895,1.12915,11.40,1.00
2009.04.06 09:09:03.382,1.1289,1.12915,15.60,6.20
2009.04.06 09:09:04.132,1.12895,1.12915,4.60,6.20
2009.04.06 09:09:06.131,1.12895,1.12915,4.60,6.80
2009.04.06 09:09:06.592,1.1289,1.1291,4.60,12.20
2009.04.06 09:09:06.871,1.1289,1.1291,6.80,12.20
2009.04.06 09:09:07.151,1.1289,1.1291,6.80,6.80
2009.04.06 09:09:07.211,1.1289,1.1291,16.40,5.80
2009.04.06 09:09:07.801,1.1289,1.1291,17.20,5.80
2009.04.06 09:09:07.921,1.1289,1.1291,20.40,5.80
2009.04.06 09:09:08.101,1.129,1.1291,2.00,4.20
2009.04.06 09:09:08.791,1.1289,1.1291,17.20,6.20
2009.04.06 09:09:09.001,1.1289,1.1291,9.60,6.20
2009.04.06 09:09:09.401,1.1289,1.1291,4.60,6.20
2009.04.06 09:09:09.671,1.1289,1.1291,6.80,5.80
2009.04.06 09:09:09.901,1.1289,1.1291,11.60,5.80
2009.04.06 09:09:10.260,1.12885,1.1291,14.20,6.20
2009.04.06 09:09:10.371,1.12885,1.1291,14.20,6.80
2009.04.06 09:09:12.090,1.12885,1.12905,14.20,1.60
2009.04.06 09:09:12.200,1.12885,1.12895,9.60,1.60
2009.04.06 09:09:12.320,1.12885,1.1289,9.60,4.20
2009.04.06 09:09:12.620,1.1289,1.12895,6.80,6.00
2009.04.06 09:09:12.780,1.1289,1.12915,6.80,11.00
2009.04.06 09:09:12.890,1.1289,1.12915,6.80,6.20
2009.04.06 09:09:13.270,1.1289,1.12915,6.80,6.80
2009.04.06 09:09:19.438,1.12895,1.1291,4.60,5.20
2009.04.06 09:09:19.548,1.129,1.1291,2.00,5.20
2009.04.06 09:09:19.868,1.1289,1.1291,6.80,6.80
2009.04.06 09:09:21.928,1.1289,1.12905,6.80,6.00
2009.04.06 09:09:26.706,1.1289,1.1291,16.40,6.80
2009.04.06 09:09:29.306,1.1289,1.1291,16.40,6.20
2009.04.06 09:09:29.926,1.1289,1.129,16.40,3.20
2009.04.06 09:09:30.036,1.1289,1.12895,2.00,1.60
2009.04.06 09:09:30.096,1.1288,1.1289,8.20,4.20
2009.04.06 09:09:30.896,1.1288,1.1289,2.00,4.20
2009.04.06 09:09:35.315,1.1288,1.1289,2.00,5.80
2009.04.06 09:09:35.645,1.12875,1.1289,17.60,5.80
2009.04.06 09:09:37.534,1.12875,1.1289,15.60,5.80
2009.04.06 09:09:38.094,1.12875,1.1289,6.00,5.80
2009.04.06 09:09:39.034,1.1287,1.1289,32.40,5.80
2009.04.06 09:09:53.800,1.12875,1.1289,6.00,5.80
2009.04.06 09:09:53.970,1.12875,1.1289,15.60,5.80
2009.04.06 09:09:54.590,1.1287,1.1289,32.40,5.80
2009.04.06 09:09:57.379,1.1287,1.1289,11.40,5.80
2009.04.06 09:09:58.249,1.1287,1.1289,14.20,5.80
2009.04.06 09:09:58.599,1.1287,1.1289,16.40,5.80
2009.04.06 09:10:12.436,1.1287,1.1289,22.40,5.80
2009.04.06 09:10:31.001,1.1287,1.1289,24.40,5.80
2009.04.06 09:10:32.961,1.1287,1.1289,22.40,5.80
2009.04.06 09:10:35.130,1.1287,1.1288,22.40,4.20
2009.04.06 09:10:35.370,1.1287,1.1289,12.80,13.80
2009.04.06 09:10:35.640,1.1287,1.1289,12.80,12.00
2009.04.06 09:10:36.000,1.1287,1.1289,22.40,5.80
2009.04.06 09:10:42.938,1.1287,1.1289,24.40,5.80
2009.04.06 09:10:44.948,1.1288,1.1289,2.00,4.20
2009.04.06 09:10:50.146,1.1287,1.1289,11.20,5.80
2009.04.06 09:10:50.486,1.1287,1.1289,16.40,5.80
2009.04.06 09:10:50.716,1.1287,1.1289,16.40,6.20
2009.04.06 09:10:54.705,1.1287,1.12875,14.20,4.20
2009.04.06 09:10:55.155,1.1286,1.12885,12.80,12.20
2009.04.06 09:10:55.375,1.1286,1.12885,16.40,5.80
2009.04.06 09:10:56.815,1.1286,1.1288,14.20,1.60
2009.04.06 09:10:58.564,1.1286,1.1288,9.60,1.60
2009.04.06 09:11:00.424,1.1286,1.1287,9.60,1.60
2009.04.06 09:11:00.874,1.1285,1.1287,32.60,1.60
2009.04.06 09:11:01.344,1.1285,1.1287,28.40,1.60
2009.04.06 09:11:02.203,1.1285,1.1287,20.40,1.60
2009.04.06 09:11:02.563,1.1285,1.1287,9.60,1.60
2009.04.06 09:11:03.733,1.1285,1.1287,15.60,1.60
2009.04.06 09:11:05.463,1.1285,1.12875,23.60,22.20
2009.04.06 09:11:05.693,1.1285,1.12875,23.60,21.80
2009.04.06 09:11:05.963,1.1285,1.12875,15.60,13.80
2009.04.06 09:11:06.373,1.12855,1.1287,9.60,1.60
2009.04.06 09:11:06.712,1.1285,1.1287,15.60,1.60
2009.04.06 09:11:11.721,1.12855,1.12875,4.60,15.80
2009.04.06 09:11:12.061,1.12855,1.12875,4.60,8.20
2009.04.06 09:11:12.411,1.1285,1.1287,31.60,1.60
2009.04.06 09:11:12.701,1.1285,1.1287,30.00,1.60
2009.04.06 09:11:12.931,1.1285,1.1287,28.40,1.60
2009.04.06 09:11:15.140,1.1285,1.12865,8.00,7.60
2009.04.06 09:11:15.550,1.12855,1.12865,10.80,6.00
2009.04.06 09:11:15.840,1.12855,1.12885,20.40,1.80
2009.04.06 09:11:16.340,1.12855,1.12885,14.20,1.80
2009.04.06 09:11:16.620,1.12855,1.12885,14.20,2.40
2009.04.06 09:11:18.259,1.12855,1.1288,9.60,2.40
2009.04.06 09:11:19.719,1.12855,1.1288,14.20,2.40
2009.04.06 09:11:19.949,1.1286,1.1288,4.60,2.40
2009.04.06 09:11:20.129,1.1286,1.1288,14.20,1.80
2009.04.06 09:11:20.759,1.1286,1.1288,4.60,1.80
2009.04.06 09:11:24.898,1.1286,1.1288,14.20,1.80
2009.04.06 09:11:26.308,1.1286,1.1288,14.20,1.60
2009.04.06 09:11:27.167,1.1286,1.1288,9.60,1.60
2009.04.06 09:11:27.447,1.1286,1.1288,20.40,1.60
2009.04.06 09:11:28.177,1.1286,1.1288,15.60,1.60
2009.04.06 09:11:28.767,1.1286,1.1288,20.40,1.60
2009.04.06 09:11:30.937,1.1287,1.12885,4.60,12.80
2009.04.06 09:11:31.107,1.12865,1.1289,11.20,1.80
2009.04.06 09:11:31.756,1.12865,1.1289,9.60,1.80
2009.04.06 09:11:33.646,1.12875,1.1289,4.60,1.00
2009.04.06 09:11:33.816,1.12875,1.1289,14.20,1.00
2009.04.06 09:11:34.106,1.12875,1.1289,14.20,1.00
2009.04.06 09:11:34.406,1.1287,1.1289,9.60,1.60
2009.04.06 09:11:35.096,1.1287,1.1289,15.60,1.60
2009.04.06 09:11:35.626,1.1287,1.1289,20.40,1.60
2009.04.06 09:11:35.975,1.1287,1.1289,9.60,1.60
2009.04.06 09:11:38.115,1.1287,1.1289,9.60,1.60
2009.04.06 09:11:42.244,1.12875,1.12895,4.60,1.80
2009.04.06 09:11:42.734,1.1287,1.1289,12.00,1.60
2009.04.06 09:11:42.964,1.1287,1.1289,9.60,1.60
2009.04.06 09:11:43.773,1.1287,1.1289,9.60,1.80
2009.04.06 09:11:44.173,1.1287,1.1289,9.60,1.60
2009.04.06 09:11:44.463,1.1287,1.1289,22.20,1.60
2009.04.06 09:11:44.873,1.1287,1.1289,28.40,1.60
2009.04.06 09:11:51.032,1.1287,1.1289,20.40,1.60
2009.04.06 09:11:51.831,1.1287,1.1289,9.60,1.80
2009.04.06 09:11:53.971,1.1287,1.1289,9.60,1.60
2009.04.06 09:11:55.830,1.12865,1.1289,28.40,1.60
2009.04.06 09:11:56.170,1.12865,1.1289,20.40,1.60
2009.04.06 09:12:00.000,1.12865,1.1289,20.40,1.60
2009.04.06 09:12:22.454,1.1287,1.1289,9.60,1.60
2009.04.06 09:12:23.084,1.1287,1.1289,15.60,1.60
2009.04.06 09:12:23.954,1.1287,1.1289,9.60,1.60
2009.04.06 09:12:29.792,1.12865,1.1288,4.60,1.00
2009.04.06 09:12:30.312,1.1286,1.1289,23.60,7.80
2009.04.06 09:12:30.602,1.1286,1.12885,15.60,6.20
2009.04.06 09:12:31.052,1.12865,1.12885,4.60,6.20
2009.04.06 09:12:31.492,1.1286,1.12885,15.60,6.20
2009.04.06 09:12:31.913,1.1286,1.12885,6.00,6.20
2009.04.06 09:12:32.151,1.1286,1.1288,6.00,6.00
2009.04.06 09:12:34.161,1.12855,1.1288,28.40,7.60
2009.04.06 09:12:36.101,1.12855,1.12875,4.60,6.00
2009.04.06 09:12:36.611,1.12855,1.12875,4.60,6.80
2009.04.06 09:12:41.110,1.12855,1.12875,4.60,6.20
2009.04.06 09:12:43.749,1.12855,1.12875,4.60,6.80
2009.04.06 09:12:52.347,1.12855,1.12865,4.60,1.00
2009.04.06 09:12:52.706,1.12855,1.1286,4.60,1.00
2009.04.06 09:12:59.575,1.12855,1.1287,4.60,1.00
2009.04.06 09:13:00.335,1.12855,1.1287,4.60,6.20
2009.04.06 09:13:00.885,1.12855,1.1286,4.60,1.00
2009.04.06 09:13:04.773,1.12845,1.1286,14.40,1.00
2009.04.06 09:13:04.934,1.12835,1.1286,19.60,6.20
2009.04.06 09:13:05.164,1.12835,1.12855,8.40,6.00
2009.04.06 09:13:05.393,1.12835,1.12855,8.20,6.00
2009.04.06 09:13:05.963,1.12835,1.12855,4.60,6.20
2009.04.06 09:13:06.293,1.12825,1.1285,28.40,1.80
2009.04.06 09:13:06.703,1.12825,1.1284,15.60,1.60
2009.04.06 09:13:06.753,1.12825,1.1284,6.00,1.60
2009.04.06 09:13:07.153,1.1282,1.1284,28.40,1.60
2009.04.06 09:13:07.603,1.1282,1.1284,18.80,1.60
2009.04.06 09:13:07.873,1.1282,1.1284,10.80,1.60
2009.04.06 09:13:08.403,1.1282,1.1284,18.80,7.60
2009.04.06 09:13:08.623,1.1282,1.1284,18.80,1.60
2009.04.06 09:13:15.081,1.1282,1.1284,28.40,1.60
2009.04.06 09:13:18.001,1.1282,1.1284,20.40,1.60
2009.04.06 09:13:18.361,1.1282,1.1284,14.20,1.60
2009.04.06 09:13:23.039,1.1282,1.1284,4.60,1.60
2009.04.06 09:13:24.009,1.12825,1.12845,4.60,8.80
2009.04.06 09:13:24.179,1.12825,1.12845,14.20,2.60
2009.04.06 09:13:24.639,1.12825,1.12845,4.60,2.60
2009.04.06 09:13:33.996,1.12825,1.12845,4.60,2.00
2009.04.06 09:13:34.056,1.12825,1.12845,4.60,1.80
2009.04.06 09:13:37.476,1.12825,1.12845,4.60,1.60
2009.04.06 09:13:50.082,1.12825,1.12845,4.60,2.20
2009.04.06 09:13:50.413,1.12825,1.12845,4.60,1.60
2009.04.06 09:13:52.402,1.1283,1.1284,2.00,4.20
2009.04.06 09:13:53.792,1.12825,1.12835,4.60,4.20
2009.04.06 09:13:54.082,1.1282,1.1284,18.80,5.80
2009.04.06 09:13:54.532,1.1282,1.1284,16.40,1.60
2009.04.06 09:13:55.001,1.12825,1.1285,20.40,12.20
2009.04.06 09:13:57.711,1.12825,1.1285,20.40,12.80
2009.04.06 09:13:57.771,1.12825,1.1285,14.20,12.80
2009.04.06 09:14:01.120,1.1282,1.1284,16.40,5.80
2009.04.06 09:14:02.010,1.12825,1.12845,4.60,7.20
2009.04.06 09:14:02.649,1.12825,1.12845,4.60,6.80
2009.04.06 09:14:04.659,1.12825,1.12845,4.60,6.60
2009.04.06 09:14:05.279,1.12825,1.1284,4.60,1.00
2009.04.06 09:14:06.589,1.12825,1.12845,4.60,6.60
2009.04.06 09:14:07.778,1.12825,1.1284,4.60,1.00
2009.04.06 09:14:08.188,1.12825,1.12845,4.60,6.60
2009.04.06 09:14:09.838,1.12825,1.12845,4.60,6.60
2009.04.06 09:14:11.117,1.12825,1.1284,4.60,1.00
2009.04.06 09:14:14.387,1.12825,1.1285,4.60,12.80
2009.04.06 09:14:15.486,1.12825,1.12845,4.60,1.00
2009.04.06 09:14:18.965,1.12825,1.1285,4.60,12.80
2009.04.06 09:14:27.234,1.12825,1.1285,14.20,6.80
2009.04.06 09:14:32.612,1.12825,1.1285,14.20,12.80
2009.04.06 09:14:36.451,1.12825,1.12845,4.60,6.00
2009.04.06 09:14:36.791,1.12825,1.12845,10.80,6.00
2009.04.06 09:14:37.351,1.12825,1.1285,20.40,12.20
2009.04.06 09:14:52.339,1.12825,1.12835,10.80,4.20
2009.04.06 09:14:52.517,1.1282,1.12835,8.20,4.20
2009.04.06 09:15:00.576,1.1282,1.12835,8.20,1.60
2009.04.06 09:15:00.685,1.1282,1.1284,30.40,5.80
2009.04.06 09:15:06.144,1.12825,1.1284,14.60,5.80
2009.04.06 09:15:06.834,1.12825,1.1284,6.60,5.80
2009.04.06 09:15:07.464,1.12825,1.1283,1.00,4.20
2009.04.06 09:15:07.874,1.1282,1.1283,8.20,4.20
2009.04.06 09:15:08.263,1.12825,1.1284,6.40,9.40
2009.04.06 09:15:08.423,1.12825,1.1284,6.60,5.80
2009.04.06 09:15:08.653,1.12825,1.1284,14.60,5.80
2009.04.06 09:15:09.673,1.12835,1.1284,2.00,1.60
2009.04.06 09:15:10.063,1.1284,1.1285,6.00,8.20
2009.04.06 09:15:10.243,1.12845,1.1285,4.60,6.20
2009.04.06 09:15:10.583,1.12845,1.1285,10.80,1.80
2009.04.06 09:15:10.823,1.12845,1.12865,15.60,1.00
2009.04.06 09:15:11.063,1.1285,1.1287,9.60,1.00
2009.04.06 09:15:11.233,1.1285,1.1288,9.60,7.40
2009.04.06 09:15:12.713,1.12845,1.1287,24.20,6.00
2009.04.06 09:15:13.793,1.12855,1.1287,9.60,1.00
2009.04.06 09:15:14.143,1.12835,1.1286,16.80,5.80
2009.04.06 09:15:14.492,1.12835,1.1286,12.80,5.80
2009.04.06 09:15:14.932,1.12835,1.1286,22.40,5.80
2009.04.06 09:15:15.052,1.12835,1.1286,12.80,5.80
2009.04.06 09:15:15.112,1.12835,1.1286,12.80,12.00
2009.04.06 09:15:16.411,1.1284,1.1286,22.40,5.80
2009.04.06 09:15:16.861,1.1284,1.1286,16.40,5.80
2009.04.06 09:15:17.322,1.1284,1.1286,4.60,6.20
2009.04.06 09:15:17.613,1.12835,1.1286,21.00,12.20
2009.04.06 09:15:18.011,1.1284,1.1286,9.60,6.20
2009.04.06 09:15:18.301,1.1284,1.1286,9.60,1.00
2009.04.06 09:15:19.681,1.1284,1.1285,9.60,1.00
2009.04.06 09:15:20.901,1.12835,1.1285,21.00,1.00
2009.04.06 09:15:21.011,1.12835,1.1285,20.60,1.00
2009.04.06 09:15:21.180,1.12835,1.1285,20.40,1.00
2009.04.06 09:15:22.320,1.12835,1.1286,20.40,6.20
2009.04.06 09:15:24.760,1.12835,1.1286,28.40,5.80
2009.04.06 09:15:25.119,1.1284,1.1286,9.60,5.80
2009.04.06 09:15:27.270,1.12835,1.1286,28.40,5.80
2009.04.06 09:15:27.619,1.12835,1.1285,28.40,1.00
2009.04.06 09:15:30.188,1.12835,1.1285,20.40,1.00
2009.04.06 09:15:31.458,1.12835,1.1285,14.20,1.00
2009.04.06 09:15:32.327,1.12835,1.12855,4.60,7.00
2009.04.06 09:15:32.557,1.12835,1.1285,14.20,1.00
2009.04.06 09:15:33.118,1.12835,1.1285,20.40,1.00
2009.04.06 09:15:34.987,1.12835,1.12855,20.40,1.00
2009.04.06 09:15:35.107,1.12835,1.1286,20.40,6.20
2009.04.06 09:15:36.677,1.1284,1.1286,9.60,5.80
2009.04.06 09:15:38.506,1.12835,1.1286,28.40,5.80
2009.04.06 09:15:38.796,1.12835,1.1285,20.40,1.00
2009.04.06 09:15:39.486,1.1284,1.1286,9.60,5.80
2009.04.06 09:15:57.721,1.12845,1.12865,9.60,9.80
2009.04.06 09:15:58.021,1.12845,1.12865,9.60,1.60
2009.04.06 09:15:58.201,1.12845,1.1286,9.60,1.00
2009.04.06 09:16:05.639,1.12845,1.1286,9.60,5.80
2009.04.06 09:16:05.810,1.1284,1.1286,23.60,5.80
2009.04.06 09:16:06.100,1.1284,1.1286,14.00,5.80
2009.04.06 09:16:06.279,1.1284,1.1286,23.60,5.80
2009.04.06 09:16:07.019,1.1284,1.1286,15.60,5.80
2009.04.06 09:16:13.798,1.1284,1.1286,9.60,5.80
2009.04.06 09:16:15.177,1.12835,1.1286,20.40,5.80
2009.04.06 09:16:15.577,1.1284,1.1286,2.00,5.80
2009.04.06 09:16:15.757,1.12835,1.1285,20.40,1.00
2009.04.06 09:16:15.937,1.12835,1.1285,14.20,1.00
2009.04.06 09:16:17.397,1.12835,1.1285,9.60,1.00
2009.04.06 09:16:18.436,1.12835,1.12855,9.60,1.60
2009.04.06 09:16:19.476,1.1283,1.12855,9.60,1.60
2009.04.06 09:16:19.656,1.1283,1.12855,9.60,2.40
2009.04.06 09:16:20.576,1.1283,1.1285,9.60,1.00
2009.04.06 09:16:20.966,1.1283,1.1285,9.60,1.00
2009.04.06 09:16:21.196,1.12825,1.1284,9.60,4.20
2009.04.06 09:16:21.376,1.12825,1.1284,9.60,5.80
2009.04.06 09:16:21.766,1.12815,1.1284,28.40,5.80
2009.04.06 09:16:24.375,1.12815,1.1284,15.60,1.00
2009.04.06 09:16:25.705,1.12815,1.1284,9.60,1.00
2009.04.06 09:16:28.174,1.12815,1.12835,9.60,3.40
2009.04.06 09:16:28.514,1.1281,1.12835,9.60,3.40
2009.04.06 09:16:31.593,1.1281,1.1283,9.60,1.00
2009.04.06 09:16:31.983,1.1281,1.1283,9.60,5.20
2009.04.06 09:16:34.442,1.128,1.12825,30.40,6.00
2009.04.06 09:16:34.603,1.128,1.12825,30.40,7.40
2009.04.06 09:16:37.122,1.128,1.1282,30.40,1.60
2009.04.06 09:16:37.412,1.128,1.1282,20.80,12.00
2009.04.06 09:16:37.932,1.128,1.1282,12.80,5.80
2009.04.06 09:16:38.052,1.12795,1.1282,20.40,6.20
2009.04.06 09:16:38.392,1.12795,1.12815,9.60,1.00
2009.04.06 09:16:38.791,1.12795,1.12815,9.60,1.00
2009.04.06 09:16:42.521,1.12795,1.12815,14.20,1.00
2009.04.06 09:16:43.641,1.12795,1.1282,14.20,12.80
2009.04.06 09:16:44.670,1.128,1.1282,9.60,6.60
2009.04.06 09:16:44.970,1.12795,1.1282,20.40,5.80
2009.04.06 09:16:46.579,1.12795,1.1281,20.40,4.20
2009.04.06 09:16:46.859,1.12795,1.1281,6.00,5.80
2009.04.06 09:16:47.100,1.12795,1.1281,15.60,5.80
2009.04.06 09:16:52.108,1.128,1.1282,9.60,5.80
2009.04.06 09:16:59.777,1.128,1.1282,9.60,6.20
2009.04.06 09:17:01.406,1.128,1.1282,9.60,6.80
2009.04.06 09:17:02.266,1.128,1.1282,9.60,6.20
2009.04.06 09:17:13.903,1.128,1.1282,9.60,5.80
2009.04.06 09:17:14.563,1.128,1.1282,15.60,5.80
2009.04.06 09:17:16.702,1.128,1.1282,23.60,5.80
2009.04.06 09:17:24.501,1.12805,1.1282,6.00,5.80
2009.04.06 09:17:29.889,1.128,1.1282,30.40,5.80
2009.04.06 09:17:35.008,1.12805,1.1282,6.00,5.80
2009.04.06 09:17:35.688,1.12805,1.1282,15.60,5.80
2009.04.06 09:17:36.028,1.1281,1.1282,9.60,5.80
2009.04.06 09:17:44.485,1.1281,1.1282,9.60,4.20
2009.04.06 09:17:44.545,1.1281,1.1282,11.60,4.20
2009.04.06 09:17:44.655,1.1281,1.1282,2.00,4.20
2009.04.06 09:17:45.235,1.1281,1.1282,11.60,4.20
2009.04.06 09:17:46.095,1.1281,1.1282,2.00,4.20
2009.04.06 09:17:50.045,1.1281,1.1283,6.80,12.20
2009.04.06 09:17:50.384,1.1281,1.1283,6.80,12.00
2009.04.06 09:17:50.554,1.1281,1.1283,6.80,5.80
2009.04.06 09:18:00.882,1.1281,1.1282,2.00,5.80
2009.04.06 09:18:00.992,1.128,1.1282,33.20,5.80
2009.04.06 09:18:01.111,1.128,1.1282,22.40,5.80
2009.04.06 09:18:11.399,1.1281,1.1282,2.00,5.80
2009.04.06 09:18:11.629,1.1281,1.1282,2.00,4.20
2009.04.06 09:18:12.659,1.1281,1.1282,8.20,4.20
2009.04.06 09:18:15.958,1.1281,1.1282,12.80,4.20
2009.04.06 09:18:16.178,1.1281,1.1283,12.80,14.20
2009.04.06 09:18:16.508,1.1281,1.1283,22.40,5.80
2009.04.06 09:18:16.968,1.1281,1.1283,30.40,5.80
2009.04.06 09:18:17.257,1.12815,1.1283,6.00,5.80
2009.04.06 09:18:19.327,1.12815,1.1283,10.80,4.20
2009.04.06 09:18:19.507,1.1282,1.1283,2.00,4.20
2009.04.06 09:18:21.896,1.1282,1.1283,2.00,5.80
2009.04.06 09:18:22.227,1.1281,1.1283,32.40,5.80
2009.04.06 09:18:23.096,1.1281,1.1283,16.40,5.80
2009.04.06 09:18:23.397,1.1281,1.1283,6.80,12.00
2009.04.06 09:18:23.696,1.1281,1.1283,16.40,5.80
2009.04.06 09:18:24.046,1.1281,1.1283,6.80,12.00
2009.04.06 09:18:24.906,1.1281,1.1283,16.40,5.80
2009.04.06 09:18:25.356,1.1281,1.1283,6.80,12.00
2009.04.06 09:18:25.985,1.1281,1.1283,16.40,5.80
2009.04.06 09:18:28.145,1.1281,1.1283,9.60,5.80
2009.04.06 09:18:36.893,1.1281,1.1283,16.40,5.80
2009.04.06 09:18:37.633,1.1281,1.1283,6.80,5.80
2009.04.06 09:18:37.912,1.1281,1.1283,16.40,5.80
2009.04.06 09:18:38.872,1.1281,1.12825,11.60,1.60
2009.04.06 09:18:38.932,1.1281,1.1282,11.60,4.20
2009.04.06 09:18:39.042,1.1281,1.1282,2.00,4.20
2009.04.06 09:18:41.952,1.1281,1.1282,23.00,4.20
2009.04.06 09:18:42.071,1.12815,1.12825,2.00,4.20
2009.04.06 09:18:42.411,1.1281,1.1282,2.00,4.20
2009.04.06 09:18:45.541,1.12815,1.12825,2.00,1.60
2009.04.06 09:18:45.881,1.1281,1.1282,2.00,4.20
2009.04.06 09:18:48.430,1.1281,1.1282,16.40,4.20
2009.04.06 09:18:48.600,1.1281,1.1282,21.20,4.20
2009.04.06 09:18:48.770,1.12815,1.12825,2.00,4.20
2009.04.06 09:18:49.170,1.1282,1.1283,2.00,7.80
2009.04.06 09:18:49.350,1.1282,1.1283,2.00,5.80
2009.04.06 09:18:49.409,1.1282,1.1283,2.00,4.20
2009.04.06 09:18:57.588,1.1281,1.1283,6.80,5.80
2009.04.06 09:18:58.388,1.1281,1.1283,6.80,6.20
2009.04.06 09:18:58.668,1.1281,1.1283,6.80,12.20
2009.04.06 09:18:59.177,1.1281,1.1283,16.40,6.20
2009.04.06 09:18:59.417,1.1282,1.12825,2.00,1.60
2009.04.06 09:18:59.597,1.1281,1.1282,9.60,4.20
2009.04.06 09:18:59.817,1.12805,1.12825,6.80,6.00
2009.04.06 09:19:00.377,1.12805,1.1283,16.40,5.80
2009.04.06 09:19:01.737,1.1281,1.1283,11.60,5.80
2009.04.06 09:19:02.028,1.1281,1.1283,9.60,5.80
2009.04.06 09:19:02.916,1.12805,1.1283,22.40,5.80
2009.04.06 09:19:03.537,1.1281,1.1283,9.60,6.80
2009.04.06 09:19:03.826,1.1281,1.1283,14.20,6.80
2009.04.06 09:19:04.106,1.1281,1.1283,16.40,6.60
2009.04.06 09:19:04.336,1.1281,1.1283,16.40,6.80
2009.04.06 09:19:04.906,1.1281,1.1283,9.60,6.80
2009.04.06 09:19:05.648,1.1281,1.12825,9.60,4.00
2009.04.06 09:19:05.816,1.12805,1.12825,4.60,6.80
2009.04.06 09:19:09.815,1.1281,1.1283,6.80,12.00
2009.04.06 09:19:10.045,1.1281,1.1283,6.80,5.80
2009.04.06 09:19:10.575,1.1281,1.1283,30.40,5.80
2009.04.06 09:19:12.344,1.1281,1.1283,24.40,5.80
2009.04.06 09:19:12.814,1.1281,1.1283,6.80,5.80
2009.04.06 09:19:13.144,1.1281,1.1283,12.80,5.80
2009.04.06 09:19:13.924,1.1281,1.1283,20.80,5.80
2009.04.06 09:19:14.284,1.12815,1.1283,14.00,5.80
2009.04.06 09:19:14.874,1.12825,1.1284,2.00,10.40
2009.04.06 09:19:15.119,1.12825,1.1284,2.00,4.20
2009.04.06 09:19:16.083,1.1283,1.1284,8.20,4.20
2009.04.06 09:19:19.462,1.1283,1.1285,12.80,15.80
2009.04.06 09:19:19.682,1.1283,1.1285,10.80,15.20
2009.04.06 09:19:20.262,1.1283,1.1285,15.60,9.00
2009.04.06 09:19:20.552,1.1283,1.1285,30.40,5.80
2009.04.06 09:19:28.951,1.12845,1.12855,4.60,6.00
2009.04.06 09:19:29.300,1.1285,1.12855,6.80,6.00
2009.04.06 09:19:29.410,1.1285,1.12865,2.00,1.60
2009.04.06 09:19:29.640,1.1285,1.1286,2.00,4.20
2009.04.06 09:19:29.750,1.1284,1.1286,18.60,5.80
2009.04.06 09:19:29.990,1.1284,1.1286,15.60,5.80
2009.04.06 09:19:30.100,1.1284,1.12865,17.60,14.60
2009.04.06 09:19:30.310,1.12845,1.12865,4.60,14.20
2009.04.06 09:19:30.480,1.12845,1.1286,14.20,1.00
2009.04.06 09:19:33.799,1.12845,1.12865,14.20,1.80
2009.04.06 09:19:34.039,1.1284,1.1286,16.40,5.80
2009.04.06 09:19:34.329,1.1284,1.1286,6.80,6.20
2009.04.06 09:19:34.909,1.12835,1.1285,9.40,4.20
2009.04.06 09:19:35.409,1.1283,1.1285,31.20,5.80
2009.04.06 09:19:36.968,1.1283,1.12855,31.20,6.00
2009.04.06 09:19:37.308,1.1283,1.12855,25.60,6.00
2009.04.06 09:19:37.710,1.1284,1.1286,6.80,12.20
2009.04.06 09:19:38.228,1.1284,1.1286,6.80,5.80
2009.04.06 09:19:40.227,1.1285,1.1286,2.00,5.80
2009.04.06 09:19:40.338,1.1286,1.12865,1.00,8.80
2009.04.06 09:19:46.596,1.12855,1.1286,2.40,4.20
2009.04.06 09:19:46.826,1.12855,1.1286,1.60,4.20
2009.04.06 09:19:47.056,1.1285,1.1286,2.00,4.20
2009.04.06 09:19:56.873,1.1285,1.1286,6.80,1.00
2009.04.06 09:19:57.223,1.1285,1.1286,16.40,1.00
2009.04.06 09:19:57.513,1.1285,1.1286,2.00,4.20
2009.04.06 09:19:59.433,1.1285,1.1287,6.80,6.20
2009.04.06 09:19:59.833,1.1285,1.1287,16.40,5.80
2009.04.06 09:20:01.162,1.1285,1.1287,18.20,5.80
2009.04.06 09:20:01.722,1.1286,1.1287,2.00,4.20
2009.04.06 09:20:02.122,1.12855,1.1287,6.60,5.80
2009.04.06 09:20:02.452,1.1285,1.1287,18.20,5.80
2009.04.06 09:20:02.902,1.1285,1.1287,24.40,5.80
2009.04.06 09:20:05.431,1.1285,1.1287,17.20,5.80
2009.04.06 09:20:05.671,1.1285,1.1287,16.40,5.80
2009.04.06 09:20:06.171,1.1285,1.1287,6.80,12.80
2009.04.06 09:20:06.351,1.1285,1.1286,6.80,1.00
2009.04.06 09:20:06.581,1.1285,1.1286,2.00,4.20
2009.04.06 09:20:07.841,1.1285,1.1287,17.20,9.00
2009.04.06 09:20:08.370,1.12855,1.1287,4.60,4.20
2009.04.06 09:20:08.550,1.1286,1.1287,2.00,4.20
2009.04.06 09:20:08.950,1.1285,1.1287,22.40,5.80
2009.04.06 09:20:09.350,1.12855,1.1287,9.60,5.80
2009.04.06 09:20:10.210,1.12855,1.1287,4.60,4.20
2009.04.06 09:20:10.270,1.1286,1.1287,2.00,4.20
2009.04.06 09:20:13.649,1.1286,1.1287,1.00,5.80
2009.04.06 09:20:13.939,1.1285,1.1287,17.20,5.80
2009.04.06 09:20:19.948,1.1285,1.1287,2.00,12.20
2009.04.06 09:20:20.058,1.1285,1.1287,6.80,12.20
2009.04.06 09:20:20.408,1.1285,1.1287,6.80,6.20
2009.04.06 09:20:21.687,1.12845,1.1287,27.20,6.20
2009.04.06 09:20:21.967,1.1285,1.1287,11.60,5.80
2009.04.06 09:20:22.257,1.1285,1.1287,9.60,5.80
2009.04.06 09:20:23.368,1.1285,1.1287,11.60,5.80
2009.04.06 09:20:23.788,1.1285,1.1287,16.40,5.80
2009.04.06 09:20:25.146,1.1285,1.1287,22.40,5.80
2009.04.06 09:20:26.666,1.1285,1.1287,12.80,5.80
2009.04.06 09:20:26.957,1.1285,1.1287,6.80,5.80
2009.04.06 09:20:27.526,1.1285,1.1287,6.80,6.20
2009.04.06 09:20:27.887,1.1285,1.1287,16.40,6.20
2009.04.06 09:20:30.975,1.1285,1.1287,16.40,5.80
2009.04.06 09:20:31.195,1.1285,1.1287,6.80,5.80
2009.04.06 09:20:31.725,1.1285,1.1287,16.40,5.80
2009.04.06 09:20:32.235,1.1285,1.1287,30.40,5.80
2009.04.06 09:20:32.585,1.1286,1.1287,2.00,4.20
2009.04.06 09:20:34.694,1.1286,1.12875,2.00,1.60
2009.04.06 09:20:34.984,1.1286,1.1288,20.80,12.00
2009.04.06 09:20:35.214,1.1286,1.1288,20.80,5.80
2009.04.06 09:20:35.804,1.1286,1.1288,30.40,5.80
2009.04.06 09:20:37.074,1.1286,1.1288,32.40,5.80
2009.04.06 09:20:38.605,1.12865,1.1288,15.60,5.80
2009.04.06 09:20:39.187,1.12865,1.1288,8.00,5.80
2009.04.06 09:20:39.873,1.1286,1.1288,30.40,5.80
2009.04.06 09:20:40.213,1.1286,1.1288,16.40,5.80
2009.04.06 09:20:40.493,1.1286,1.1288,6.80,12.00
2009.04.06 09:20:41.143,1.12855,1.1288,14.20,12.20
2009.04.06 09:20:41.373,1.1286,1.1288,6.80,12.20
2009.04.06 09:20:41.823,1.1286,1.1288,6.80,12.00
2009.04.06 09:20:43.222,1.1286,1.1287,6.80,1.00
2009.04.06 09:20:43.572,1.12855,1.1287,9.60,1.80
2009.04.06 09:20:43.812,1.12855,1.1286,9.60,1.00
2009.04.06 09:20:44.092,1.1285,1.12855,9.60,4.20
2009.04.06 09:20:44.382,1.1284,1.1285,11.60,4.20
2009.04.06 09:20:44.901,1.12845,1.1285,1.00,5.80
2009.04.06 09:20:45.231,1.12825,1.1285,15.60,5.80
2009.04.06 09:20:45.691,1.12825,1.1285,6.00,12.00
2009.04.06 09:20:45.995,1.12825,1.1285,30.40,5.80
2009.04.06 09:20:46.691,1.12835,1.1285,6.00,5.80
2009.04.06 09:20:47.101,1.12835,1.1285,6.40,5.80
2009.04.06 09:20:47.571,1.1284,1.12855,9.60,3.40
2009.04.06 09:20:47.861,1.12845,1.12865,9.60,1.60
2009.04.06 09:20:51.450,1.12845,1.1287,17.60,6.20
2009.04.06 09:20:51.620,1.12845,1.1287,17.60,4.40
2009.04.06 09:20:51.850,1.12845,1.1287,17.20,1.00
2009.04.06 09:20:52.080,1.12855,1.1287,4.60,1.00
2009.04.06 09:20:52.900,1.12855,1.12875,4.60,9.80
2009.04.06 09:20:57.968,1.1285,1.1287,6.80,12.20
2009.04.06 09:20:58.328,1.1285,1.1287,6.80,12.00
2009.04.06 09:20:59.568,1.1285,1.1286,6.80,1.00
2009.04.06 09:21:00.078,1.12845,1.12865,11.40,2.80
2009.04.06 09:21:00.378,1.12835,1.1286,25.20,6.00
2009.04.06 09:21:00.668,1.12835,1.1286,15.60,6.00
2009.04.06 09:21:01.168,1.12835,1.1286,23.60,6.00
2009.04.06 09:21:01.448,1.12835,1.1286,15.60,6.00
2009.04.06 09:21:03.137,1.12835,1.1286,9.60,6.20
2009.04.06 09:21:06.086,1.1284,1.12865,9.60,11.20
2009.04.06 09:21:08.776,1.1284,1.12865,9.60,11.40
2009.04.06 09:21:09.006,1.1284,1.12865,11.60,11.40
2009.04.06 09:21:09.396,1.12845,1.12865,4.60,11.40
2009.04.06 09:21:09.795,1.12845,1.12865,4.60,11.20
2009.04.06 09:21:10.465,1.12845,1.12865,4.60,10.60
2009.04.06 09:21:16.534,1.12845,1.12865,4.60,1.60
2009.04.06 09:21:16.775,1.1285,1.12865,2.00,1.60
2009.04.06 09:21:17.064,1.1285,1.1286,11.60,4.20
2009.04.06 09:21:21.063,1.1285,1.12865,11.60,1.60
2009.04.06 09:21:21.413,1.1285,1.12865,9.60,3.40
2009.04.06 09:21:21.643,1.12855,1.12875,9.60,12.40
2009.04.06 09:21:21.943,1.12855,1.12875,9.60,2.20
2009.04.06 09:21:22.352,1.12855,1.1287,9.60,1.00
2009.04.06 09:21:22.693,1.1285,1.12875,9.60,1.80
2009.04.06 09:21:23.872,1.12855,1.12875,9.60,1.80
2009.04.06 09:21:26.671,1.12855,1.1287,9.60,1.00
2009.04.06 09:21:27.121,1.12855,1.1287,14.20,1.00
2009.04.06 09:21:27.531,1.12855,1.12875,14.20,1.00
2009.04.06 09:21:27.821,1.12855,1.1288,14.20,12.20
2009.04.06 09:21:36.011,1.12865,1.1288,6.00,12.00
2009.04.06 09:21:36.529,1.12865,1.1288,6.00,5.80
2009.04.06 09:21:36.869,1.1287,1.1288,2.00,4.20
2009.04.06 09:21:37.159,1.12865,1.1288,6.00,5.80
2009.04.06 09:21:39.178,1.12865,1.1288,10.80,4.20
2009.04.06 09:21:39.409,1.1287,1.1288,2.00,4.20
2009.04.06 09:21:42.677,1.12865,1.1288,6.00,5.80
2009.04.06 09:21:43.777,1.1286,1.1288,30.40,5.80
2009.04.06 09:21:44.457,1.1286,1.1288,9.60,5.80
2009.04.06 09:21:52.325,1.1286,1.1288,11.60,5.80
2009.04.06 09:21:52.675,1.1286,1.1287,2.00,4.20
2009.04.06 09:21:53.185,1.12855,1.1287,11.40,5.80
2009.04.06 09:21:53.695,1.12855,1.1288,20.40,12.20
2009.04.06 09:22:02.743,1.1286,1.1288,6.80,12.20
2009.04.06 09:22:02.922,1.1286,1.1288,6.80,12.00
2009.04.06 09:22:06.042,1.12855,1.1288,28.40,5.80
2009.04.06 09:22:06.282,1.12855,1.1288,28.40,1.60
2009.04.06 09:22:06.444,1.1286,1.12885,9.60,16.00
2009.04.06 09:22:06.622,1.1286,1.12885,23.60,15.80
2009.04.06 09:22:06.802,1.12865,1.1289,9.60,6.80
2009.04.06 09:22:10.221,1.12875,1.12895,23.60,3.00
2009.04.06 09:22:10.451,1.12875,1.12905,23.60,13.20
2009.04.06 09:22:10.631,1.1288,1.12905,9.60,7.20
2009.04.06 09:22:10.801,1.1288,1.12905,15.60,7.00
2009.04.06 09:22:10.981,1.12885,1.129,4.60,1.00
2009.04.06 09:22:16.449,1.12885,1.129,14.20,1.00
2009.04.06 09:22:17.409,1.12885,1.1291,20.40,12.00
2009.04.06 09:22:23.008,1.1289,1.1291,15.60,5.80
2009.04.06 09:22:23.578,1.1289,1.1291,30.40,5.80
2009.04.06 09:22:23.808,1.12895,1.1291,6.00,5.80
2009.04.06 09:22:24.637,1.12895,1.1291,10.80,4.20
2009.04.06 09:22:25.097,1.129,1.1291,2.00,4.20
2009.04.06 09:22:28.146,1.129,1.1291,2.00,5.80
2009.04.06 09:22:28.446,1.1289,1.1291,28.60,5.80
2009.04.06 09:22:28.786,1.12885,1.1291,19.00,6.20
2009.04.06 09:22:29.076,1.12885,1.12905,4.60,6.00
2009.04.06 09:22:31.316,1.12885,1.1291,20.40,5.80
2009.04.06 09:22:31.816,1.1289,1.1291,9.60,4.20
2009.04.06 09:22:31.995,1.1289,1.12915,9.60,6.20
2009.04.06 09:22:32.685,1.1289,1.12915,15.60,6.00
2009.04.06 09:22:42.973,1.12905,1.1293,29.80,12.00
2009.04.06 09:22:43.323,1.1291,1.1293,6.00,5.80
2009.04.06 09:22:52.500,1.12915,1.1294,9.60,12.20
2009.04.06 09:22:53.150,1.12915,1.1294,25.20,6.00
2009.04.06 09:22:56.129,1.12925,1.1294,4.60,6.00
2009.04.06 09:22:59.139,1.12925,1.1295,4.60,12.80
2009.04.06 09:22:59.879,1.12925,1.1295,14.20,12.80
2009.04.06 09:23:00.279,1.1293,1.1295,12.80,12.00
2009.04.06 09:23:00.559,1.1293,1.1295,22.40,5.80
2009.04.06 09:23:00.789,1.1293,1.1295,12.80,5.80
2009.04.06 09:23:01.838,1.1293,1.1295,22.40,5.80
2009.04.06 09:23:02.238,1.1293,1.1295,30.40,5.80
2009.04.06 09:23:03.618,1.12935,1.1295,1.00,5.80
2009.04.06 09:23:03.908,1.12935,1.1295,6.00,5.80
2009.04.06 09:23:04.308,1.12945,1.1297,6.00,8.60
2009.04.06 09:23:04.538,1.12945,1.1297,15.60,1.00
2009.04.06 09:23:04.817,1.1295,1.1298,15.60,6.00
2009.04.06 09:23:05.088,1.1295,1.1298,23.60,6.00
2009.04.06 09:23:05.328,1.12955,1.1298,9.60,6.80
2009.04.06 09:23:06.387,1.12955,1.1298,15.60,6.20
2009.04.06 09:23:06.687,1.12955,1.1298,23.60,6.00
2009.04.06 09:23:07.087,1.1296,1.12985,9.60,7.60
2009.04.06 09:23:07.327,1.12955,1.12985,23.60,7.60
2009.04.06 09:23:07.839,1.12955,1.12985,23.60,7.80
2009.04.06 09:23:08.536,1.12955,1.1298,15.60,6.20
2009.04.06 09:23:08.887,1.12955,1.12975,6.00,6.00
2009.04.06 09:23:09.177,1.1296,1.12985,9.60,8.40
2009.04.06 09:23:09.696,1.1296,1.12985,9.60,7.60
2009.04.06 09:23:10.266,1.12965,1.12985,4.60,7.00
2009.04.06 09:23:11.586,1.1296,1.12985,9.60,8.60
2009.04.06 09:23:12.106,1.12955,1.1298,10.00,6.20
2009.04.06 09:23:13.115,1.12955,1.1298,9.60,6.20
2009.04.06 09:23:13.795,1.12955,1.1298,9.60,6.80
2009.04.06 09:23:17.384,1.12955,1.1298,15.60,6.80
2009.04.06 09:23:17.494,1.12955,1.1298,15.60,6.20
2009.04.06 09:23:18.004,1.1296,1.12985,15.60,7.00
2009.04.06 09:23:18.344,1.12965,1.12985,10.80,6.00
2009.04.06 09:23:18.694,1.12965,1.1299,15.60,6.20
2009.04.06 09:23:19.044,1.12965,1.1299,15.60,6.00
2009.04.06 09:23:19.675,1.12975,1.12995,14.40,6.00
2009.04.06 09:23:19.954,1.12985,1.13,4.60,6.00
2009.04.06 09:23:20.924,1.1299,1.13005,1.00,6.60
2009.04.06 09:23:21.263,1.12985,1.13005,14.00,6.00
2009.04.06 09:23:21.746,1.12985,1.13005,6.00,6.00
2009.04.06 09:23:22.483,1.12995,1.13005,6.00,6.00
2009.04.06 09:23:22.763,1.1302,1.1303,4.60,6.40
2009.04.06 09:23:23.053,1.1302,1.13025,5.10,6.00
2009.04.06 09:23:23.334,1.13025,1.1306,14.20,5.20
2009.04.06 09:23:23.613,1.13025,1.13045,9.60,4.20
2009.04.06 09:23:23.903,1.13035,1.13055,9.60,1.40
2009.04.06 09:23:24.193,1.1304,1.13055,9.60,1.00
2009.04.06 09:23:24.493,1.1304,1.1305,9.60,5.00
2009.04.06 09:23:24.723,1.13035,1.13045,9.60,1.00
2009.04.06 09:23:25.792,1.1304,1.13045,9.60,1.00
2009.04.06 09:23:26.492,1.1304,1.13045,9.60,1.00
2009.04.06 09:23:26.732,1.1303,1.1304,13.60,4.40
2009.04.06 09:23:26.972,1.13035,1.1304,9.60,4.40
2009.04.06 09:23:27.322,1.1303,1.13035,9.60,1.00
2009.04.06 09:23:27.592,1.13025,1.13035,9.60,1.60
2009.04.06 09:23:27.652,1.13025,1.1303,9.60,4.20
2009.04.06 09:23:28.562,1.13025,1.1303,9.60,4.80
2009.04.06 09:23:28.912,1.13015,1.1302,9.60,4.20
2009.04.06 09:23:29.482,1.13015,1.1302,9.60,5.80
2009.04.06 09:23:29.764,1.1301,1.1302,9.60,6.40
2009.04.06 09:23:30.221,1.1301,1.1302,9.60,6.20
2009.04.06 09:23:30.921,1.1301,1.1302,9.60,5.80
2009.04.06 09:23:32.611,1.13,1.1302,12.80,5.80
2009.04.06 09:23:32.911,1.13,1.1302,13.60,5.80
2009.04.06 09:23:33.312,1.13,1.1302,12.80,5.80
2009.04.06 09:23:34.000,1.13,1.1302,6.80,12.00
2009.04.06 09:23:34.220,1.13,1.1302,6.80,5.80
2009.04.06 09:23:34.513,1.13,1.1302,6.80,12.00
2009.04.06 09:23:35.030,1.1301,1.1302,2.00,10.40
2009.04.06 09:23:35.360,1.1301,1.1302,2.00,4.20
2009.04.06 09:23:38.300,1.1301,1.1303,22.40,5.80
2009.04.06 09:23:38.649,1.1301,1.13025,9.60,1.60
2009.04.06 09:23:38.929,1.13005,1.1302,9.60,1.60
2009.04.06 09:23:39.229,1.13,1.1302,12.80,12.00
2009.04.06 09:23:39.979,1.13,1.1302,6.80,5.80
2009.04.06 09:23:40.329,1.13,1.1302,6.80,12.00
2009.04.06 09:23:40.719,1.13,1.1301,2.00,4.20
2009.04.06 09:23:41.580,1.13,1.1302,6.80,13.60
2009.04.06 09:23:41.808,1.13,1.1302,16.40,5.80
2009.04.06 09:23:41.978,1.13,1.1302,22.40,5.80
2009.04.06 09:23:42.728,1.1301,1.1302,2.00,5.80
2009.04.06 09:23:43.118,1.13,1.1302,23.20,5.80
2009.04.06 09:23:43.298,1.13,1.1302,22.40,5.80
2009.04.06 09:23:43.688,1.13,1.1301,2.00,4.20
2009.04.06 09:23:44.258,1.13,1.1302,12.80,12.20
2009.04.06 09:23:44.768,1.13,1.1302,12.80,5.80
2009.04.06 09:23:45.058,1.13,1.1302,22.40,5.80
2009.04.06 09:23:45.968,1.13,1.1301,17.80,4.20
2009.04.06 09:23:46.937,1.13,1.1302,12.80,13.80
2009.04.06 09:23:47.227,1.13,1.1302,6.80,5.80
2009.04.06 09:23:47.630,1.13,1.1302,6.80,12.00
2009.04.06 09:23:47.977,1.1299,1.1301,20.80,6.00
2009.04.06 09:23:48.547,1.12995,1.13015,9.60,1.60
2009.04.06 09:23:48.937,1.12995,1.13015,9.60,1.80
2009.04.06 09:23:49.237,1.12995,1.1301,9.60,5.80
2009.04.06 09:23:49.527,1.12985,1.13005,22.00,1.60
2009.04.06 09:23:50.027,1.12985,1.13005,17.60,1.60
2009.04.06 09:23:50.446,1.12985,1.13005,8.80,6.00
2009.04.06 09:23:50.726,1.1298,1.13005,30.40,8.20
2009.04.06 09:23:51.006,1.12985,1.13005,15.60,2.00
2009.04.06 09:23:51.166,1.12985,1.13005,15.60,1.60
2009.04.06 09:23:52.076,1.1299,1.13,2.00,4.20
2009.04.06 09:23:53.226,1.1299,1.1301,23.20,5.80
2009.04.06 09:23:54.695,1.1299,1.1301,7.60,12.00
2009.04.06 09:23:55.315,1.12985,1.13005,15.60,1.60
2009.04.06 09:23:56.155,1.12985,1.13,15.60,4.20
2009.04.06 09:23:56.395,1.12985,1.13,16.00,5.80
2009.04.06 09:23:56.515,1.12985,1.13,6.60,5.80
2009.04.06 09:23:57.275,1.1299,1.13,2.00,4.20
2009.04.06 09:23:58.014,1.13,1.1301,2.00,7.40
2009.04.06 09:23:58.414,1.1299,1.12995,9.60,1.00
2009.04.06 09:23:58.754,1.1298,1.13015,12.80,7.60
2009.04.06 09:23:59.264,1.1298,1.13005,20.80,7.60
2009.04.06 09:23:59.604,1.1298,1.13,12.80,6.00
2009.04.06 09:23:59.774,1.1298,1.13,6.80,10.40
2009.04.06 09:23:59.894,1.1298,1.13,4.60,12.00
2009.04.06 09:24:00.004,1.12975,1.12995,24.20,1.60
2009.04.06 09:24:00.304,1.12975,1.12995,23.60,1.60
2009.04.06 09:24:01.054,1.12975,1.12995,15.60,1.60
2009.04.06 09:24:02.633,1.12975,1.12985,9.60,4.20
2009.04.06 09:24:02.803,1.1297,1.12985,16.20,4.20
2009.04.06 09:24:04.323,1.1297,1.1298,8.20,4.20
2009.04.06 09:24:04.733,1.1297,1.1298,12.80,1.00
2009.04.06 09:24:05.013,1.1297,1.1299,12.80,6.20
2009.04.06 09:24:05.233,1.1297,1.1299,22.40,5.80
2009.04.06 09:24:05.643,1.1298,1.12995,2.00,8.00
2009.04.06 09:24:05.873,1.1298,1.1299,2.00,4.20
2009.04.06 09:24:06.272,1.1298,1.13,6.80,14.00
2009.04.06 09:24:06.502,1.1298,1.13,6.80,13.80
2009.04.06 09:24:06.682,1.1298,1.13,6.80,6.20
2009.04.06 09:24:07.192,1.1298,1.13,16.40,5.80
2009.04.06 09:24:07.492,1.1298,1.13,17.20,5.80
2009.04.06 09:24:07.782,1.1299,1.13,2.00,4.20
2009.04.06 09:24:10.271,1.1298,1.13,23.20,5.80
2009.04.06 09:24:10.561,1.1298,1.13,22.40,5.80
2009.04.06 09:24:11.531,1.1298,1.13,16.40,5.80
2009.04.06 09:24:13.231,1.1298,1.13005,18.20,8.60
2009.04.06 09:24:13.400,1.12985,1.13005,9.60,1.60
2009.04.06 09:24:14.210,1.1298,1.13005,24.40,1.60
2009.04.06 09:24:14.610,1.1298,1.13005,18.20,1.80
2009.04.06 09:24:14.970,1.1298,1.13005,16.40,2.00
2009.04.06 09:24:15.151,1.12975,1.12995,22.40,1.60
2009.04.06 09:24:15.501,1.12975,1.12995,17.60,1.60
2009.04.06 09:24:15.800,1.1297,1.12995,30.40,7.60
2009.04.06 09:24:19.219,1.12975,1.12995,15.60,1.60
2009.04.06 09:24:19.669,1.12975,1.12995,23.60,1.60
2009.04.06 09:24:20.249,1.1298,1.13,12.80,5.80
2009.04.06 09:24:22.029,1.1298,1.13,12.80,12.00
2009.04.06 09:24:22.378,1.1298,1.13,6.80,12.00
2009.04.06 09:24:23.588,1.1298,1.13,6.80,5.80
2009.04.06 09:24:25.968,1.1298,1.13,16.40,5.80
2009.04.06 09:24:26.617,1.1298,1.13,6.80,5.80
2009.04.06 09:24:27.148,1.1298,1.13,16.40,5.80
2009.04.06 09:24:29.157,1.1298,1.1299,2.00,4.20
2009.04.06 09:24:29.557,1.1298,1.12995,6.80,6.00
2009.04.06 09:24:29.857,1.1298,1.13,18.80,5.80
2009.04.06 09:24:30.197,1.1299,1.13,2.00,4.20
2009.04.06 09:24:30.936,1.12985,1.12995,2.00,4.20
2009.04.06 09:24:31.557,1.1298,1.1299,11.60,4.20
2009.04.06 09:24:31.726,1.1298,1.13,6.80,12.20
2009.04.06 09:24:31.956,1.1298,1.13,6.80,12.00
2009.04.06 09:24:32.186,1.1298,1.12995,6.80,6.00
2009.04.06 09:24:32.426,1.1298,1.12995,2.00,7.60
2009.04.06 09:24:32.666,1.12975,1.12995,14.00,7.60
2009.04.06 09:24:35.136,1.1298,1.12995,6.00,7.60
2009.04.06 09:24:35.825,1.1298,1.12995,8.20,7.60
2009.04.06 09:24:36.065,1.1298,1.12995,20.80,6.00
2009.04.06 09:24:36.355,1.12985,1.12995,6.00,6.00
2009.04.06 09:24:36.815,1.12985,1.13,6.00,6.00
2009.04.06 09:24:37.045,1.12985,1.13,14.00,6.00
2009.04.06 09:24:37.505,1.12985,1.13005,14.00,7.60
2009.04.06 09:24:38.035,1.12985,1.13005,23.60,1.60
2009.04.06 09:24:39.704,1.12985,1.13005,15.60,1.60
2009.04.06 09:24:40.224,1.12985,1.13,15.60,5.80
2009.04.06 09:24:40.624,1.1298,1.13,20.80,12.00
2009.04.06 09:24:41.544,1.1298,1.13,22.40,5.80
2009.04.06 09:24:42.414,1.1298,1.13,16.40,5.80
2009.04.06 09:24:42.943,1.1298,1.13,6.80,5.80
2009.04.06 09:24:46.473,1.1298,1.12995,2.00,1.60
2009.04.06 09:24:47.056,1.1298,1.1299,2.00,4.20
2009.04.06 09:24:47.172,1.1297,1.1299,22.40,5.80
2009.04.06 09:24:49.272,1.1297,1.1299,16.40,5.80
2009.04.06 09:24:52.441,1.1297,1.12985,9.60,1.60
2009.04.06 09:24:52.671,1.1297,1.1299,14.20,5.80
2009.04.06 09:24:52.851,1.1297,1.1299,16.40,5.80
2009.04.06 09:24:56.111,1.1297,1.1299,22.40,5.80
2009.04.06 09:24:57.350,1.1297,1.1299,20.40,5.80
2009.04.06 09:24:57.640,1.1297,1.12985,15.60,1.60
2009.04.06 09:24:58.050,1.1297,1.1299,22.40,5.80
2009.04.06 09:25:03.029,1.1297,1.1299,12.80,5.80
2009.04.06 09:25:03.259,1.1297,1.1299,22.40,5.80
2009.04.06 09:25:03.879,1.1297,1.1299,12.80,5.80
2009.04.06 09:25:04.828,1.1297,1.1299,22.40,5.80
2009.04.06 09:25:08.827,1.1297,1.1298,17.80,4.20
2009.04.06 09:25:09.067,1.1297,1.1299,12.80,12.20
2009.04.06 09:25:09.357,1.1297,1.1299,16.40,5.80
2009.04.06 09:25:09.637,1.1297,1.1299,6.80,5.80
2009.04.06 09:25:09.867,1.1297,1.1299,16.40,5.80
2009.04.06 09:25:16.716,1.1297,1.1299,32.40,5.80
2009.04.06 09:25:17.405,1.12975,1.1299,6.00,5.80
2009.04.06 09:25:17.905,1.1298,1.12995,15.60,1.60
2009.04.06 09:25:20.694,1.1298,1.12995,9.60,1.60
2009.04.06 09:25:21.525,1.1298,1.12995,15.60,1.60
2009.04.06 09:25:23.174,1.1298,1.13,20.40,5.80
2009.04.06 09:25:23.694,1.1298,1.13,22.40,5.80
2009.04.06 09:25:24.164,1.1298,1.13,30.40,5.80
2009.04.06 09:25:25.653,1.1298,1.13,22.40,5.80
2009.04.06 09:25:26.743,1.1298,1.13,12.80,5.80
2009.04.06 09:25:26.923,1.1298,1.13,6.80,5.80
2009.04.06 09:25:27.143,1.1298,1.13,16.40,5.80
2009.04.06 09:25:27.783,1.1298,1.13,6.80,5.80
2009.04.06 09:25:28.403,1.1299,1.13,2.00,4.20
2009.04.06 09:25:28.743,1.1299,1.13,6.80,1.00
2009.04.06 09:25:29.033,1.13,1.1301,2.00,10.40
2009.04.06 09:25:29.322,1.13,1.13005,2.00,6.00
2009.04.06 09:25:30.303,1.13,1.1301,2.00,4.20
2009.04.06 09:25:30.943,1.13,1.1301,6.80,1.00
2009.04.06 09:25:31.522,1.13005,1.1302,10.80,10.40
2009.04.06 09:25:31.812,1.1301,1.1302,2.00,4.20
2009.04.06 09:25:34.151,1.1301,1.1302,8.20,4.20
2009.04.06 09:25:36.631,1.13015,1.13025,2.00,1.60
2009.04.06 09:25:36.810,1.1301,1.13025,8.20,1.60
2009.04.06 09:25:37.330,1.1301,1.1303,20.80,12.00
2009.04.06 09:25:37.960,1.1301,1.1303,22.80,6.00
2009.04.06 09:25:38.320,1.1301,1.13035,32.40,9.60
2009.04.06 09:25:38.670,1.1301,1.13035,22.40,9.80
2009.04.06 09:25:39.130,1.13015,1.1303,9.60,4.40
2009.04.06 09:25:39.650,1.13005,1.13025,9.60,1.60
2009.04.06 09:25:42.899,1.13,1.1302,16.20,6.00
2009.04.06 09:25:43.399,1.13005,1.13025,15.60,1.60
2009.04.06 09:25:43.689,1.1301,1.1303,6.80,5.80
2009.04.06 09:25:44.329,1.1301,1.1303,16.40,5.80
2009.04.06 09:25:45.158,1.1301,1.1303,14.20,5.80
2009.04.06 09:25:45.499,1.13005,1.13025,15.60,1.60
2009.04.06 09:25:45.888,1.13005,1.13025,9.60,1.60
2009.04.06 09:25:46.738,1.13005,1.13025,15.60,1.60
2009.04.06 09:25:47.318,1.1301,1.1303,4.60,12.00
2009.04.06 09:25:47.438,1.1301,1.1303,6.80,5.80
2009.04.06 09:25:48.199,1.13005,1.13025,15.60,1.60
2009.04.06 09:25:48.877,1.13,1.13025,30.40,2.40
2009.04.06 09:25:49.328,1.13005,1.13025,9.60,2.40
2009.04.06 09:25:52.267,1.13005,1.13025,9.60,1.80
2009.04.06 09:25:52.377,1.13005,1.13025,9.60,1.60
2009.04.06 09:25:53.126,1.1301,1.1303,6.80,6.20
2009.04.06 09:25:53.637,1.1301,1.1303,6.80,12.20
2009.04.06 09:25:54.486,1.13005,1.13025,14.40,1.60
2009.04.06 09:25:54.878,1.13005,1.13025,9.60,1.60
2009.04.06 09:26:02.274,1.13005,1.1302,9.60,4.20
2009.04.06 09:26:02.695,1.13,1.1302,20.80,5.80
2009.04.06 09:26:02.924,1.13,1.1302,30.40,5.80
2009.04.06 09:26:04.994,1.1301,1.1302,2.00,5.80
2009.04.06 09:26:05.224,1.1301,1.1302,2.00,4.20
2009.04.06 09:26:05.454,1.1301,1.1302,8.20,4.20
2009.04.06 09:26:05.733,1.1301,1.13025,12.80,6.00
2009.04.06 09:26:06.373,1.1301,1.1303,12.80,5.80
2009.04.06 09:26:06.663,1.1301,1.1303,30.40,5.80
2009.04.06 09:26:09.073,1.1301,1.1303,22.40,5.80
2009.04.06 09:26:12.802,1.1301,1.1303,12.80,5.80
2009.04.06 09:26:14.491,1.1301,1.1303,6.80,5.80
2009.04.06 09:26:14.771,1.1301,1.1303,4.60,5.80
2009.04.06 09:26:15.071,1.1301,1.1303,6.80,5.80
2009.04.06 09:26:15.301,1.1301,1.1303,6.80,12.00
2009.04.06 09:26:15.581,1.1301,1.1303,6.80,5.80
2009.04.06 09:26:16.161,1.1301,1.1303,6.80,12.00
2009.04.06 09:26:17.471,1.13005,1.13025,9.60,1.60
2009.04.06 09:26:21.989,1.13005,1.13025,9.60,1.80
2009.04.06 09:26:22.219,1.13005,1.13025,9.60,2.40
2009.04.06 09:26:22.620,1.13,1.13025,22.40,2.40
2009.04.06 09:26:23.069,1.13,1.13025,22.40,8.40
2009.04.06 09:26:23.699,1.13,1.13025,16.40,8.60
2009.04.06 09:26:24.109,1.13005,1.13025,9.60,2.60
2009.04.06 09:26:24.581,1.13,1.13025,6.80,11.40
2009.04.06 09:26:24.819,1.13,1.1302,6.80,5.80
2009.04.06 09:26:25.109,1.13,1.1302,6.80,12.00
2009.04.06 09:26:28.988,1.13,1.1302,6.80,12.20
2009.04.06 09:26:34.037,1.12995,1.13015,16.20,1.60
2009.04.06 09:26:34.087,1.12995,1.13015,14.40,1.60
2009.04.06 09:26:34.549,1.1299,1.13015,15.60,6.80
2009.04.06 09:26:34.776,1.1299,1.13015,22.40,9.60
2009.04.06 09:26:36.896,1.1299,1.13015,20.80,9.60
2009.04.06 09:26:37.245,1.1299,1.13015,12.80,9.60
2009.04.06 09:26:37.766,1.1299,1.1301,12.80,6.00
2009.04.06 09:26:38.835,1.1299,1.13015,12.80,9.60
2009.04.06 09:26:39.225,1.1299,1.13015,6.80,9.80
2009.04.06 09:26:39.515,1.1299,1.1301,6.80,6.00
2009.04.06 09:26:40.425,1.1299,1.13015,6.80,9.80
2009.04.06 09:26:42.205,1.1299,1.13015,16.40,9.80
2009.04.06 09:26:43.574,1.12985,1.1301,6.00,6.00
2009.04.06 09:26:43.814,1.1298,1.1301,23.60,12.20
2009.04.06 09:26:44.274,1.1298,1.13005,30.40,1.60
2009.04.06 09:26:44.504,1.1298,1.13005,30.40,2.20
2009.04.06 09:26:44.774,1.1298,1.13005,30.40,2.60
2009.04.06 09:26:45.483,1.1298,1.13005,30.40,1.60
2009.04.06 09:26:45.824,1.12985,1.13005,9.60,1.60
2009.04.06 09:26:47.483,1.1299,1.1301,6.80,12.00
2009.04.06 09:26:48.003,1.1299,1.1301,6.80,5.80
2009.04.06 09:26:48.293,1.1299,1.1301,6.80,6.60
2009.04.06 09:26:50.902,1.1299,1.1301,6.80,12.60
2009.04.06 09:26:52.002,1.1299,1.1301,6.80,12.20
2009.04.06 09:26:52.352,1.1299,1.1301,4.60,12.20
2009.04.06 09:26:52.693,1.12985,1.13005,14.40,1.60
2009.04.06 09:26:53.162,1.12985,1.13,9.60,5.80
2009.04.06 09:26:53.512,1.1298,1.13,22.40,5.80
2009.04.06 09:26:54.192,1.1298,1.13,16.40,5.80
2009.04.06 09:26:56.671,1.1298,1.13,6.80,12.00
2009.04.06 09:26:57.303,1.1298,1.13,12.80,5.80
2009.04.06 09:26:57.711,1.1299,1.13,2.00,4.20
2009.04.06 09:27:14.877,1.1298,1.13,19.80,5.80
2009.04.06 09:27:14.986,1.1298,1.13,18.20,5.80
2009.04.06 09:27:15.096,1.1298,1.13,16.40,5.80
2009.04.06 09:27:15.376,1.1298,1.13,6.80,5.80
2009.04.06 09:27:15.996,1.1298,1.13,6.80,12.00
2009.04.06 09:27:19.066,1.1298,1.1299,6.80,4.20
2009.04.06 09:27:19.306,1.1298,1.1299,2.00,4.20
2009.04.06 09:27:19.775,1.12975,1.1299,9.60,4.20
2009.04.06 09:27:19.886,1.12975,1.12995,9.60,1.60
2009.04.06 09:27:22.205,1.1298,1.13,6.80,12.20
2009.04.06 09:27:22.604,1.1298,1.13,6.80,5.80
2009.04.06 09:27:28.004,1.12965,1.12975,14.00,4.20
2009.04.06 09:27:28.475,1.1296,1.12985,16.40,6.40
2009.04.06 09:27:28.834,1.1296,1.1298,9.60,1.60
2009.04.06 09:27:29.703,1.12955,1.12975,17.60,1.60
2009.04.06 09:27:32.402,1.1296,1.1298,17.20,5.80
2009.04.06 09:27:32.628,1.1296,1.1298,17.20,7.40
2009.04.06 09:27:32.962,1.12955,1.12975,16.00,7.60
2009.04.06 09:27:33.252,1.1296,1.12975,9.60,1.60
2009.04.06 09:27:34.112,1.12965,1.1298,4.60,4.20
2009.04.06 09:27:34.412,1.12955,1.12975,15.60,1.60
2009.04.06 09:27:35.442,1.1296,1.12975,2.00,1.60
2009.04.06 09:27:35.682,1.1296,1.1298,6.80,5.80
2009.04.06 09:27:35.791,1.1296,1.1298,6.80,6.20
2009.04.06 09:27:36.132,1.1296,1.1298,6.80,12.20
2009.04.06 09:27:36.991,1.1297,1.1298,2.00,12.20
2009.04.06 09:27:37.161,1.1297,1.1298,2.00,10.60
2009.04.06 09:27:37.461,1.12965,1.1298,1.60,12.20
2009.04.06 09:27:37.681,1.12955,1.12975,15.60,1.60
2009.04.06 09:27:41.330,1.12955,1.12975,23.60,1.60
2009.04.06 09:27:41.570,1.1296,1.12975,15.60,1.60
2009.04.06 09:27:42.160,1.1296,1.12975,6.00,1.60
2009.04.06 09:27:45.889,1.12955,1.12975,25.60,1.60
2009.04.06 09:27:46.289,1.12955,1.12975,23.60,1.60
2009.04.06 09:27:46.979,1.1296,1.12975,9.60,1.60
2009.04.06 09:27:49.488,1.1296,1.12975,15.60,1.60
2009.04.06 09:27:49.718,1.1296,1.12975,9.60,1.60
2009.04.06 09:27:50.238,1.12955,1.12975,15.60,1.60
2009.04.06 09:27:50.538,1.12955,1.12975,23.60,1.60
2009.04.06 09:27:55.637,1.12965,1.12975,2.00,1.60
2009.04.06 09:27:55.757,1.12965,1.12985,2.00,19.00
2009.04.06 09:27:56.377,1.1295,1.12975,31.60,1.60
2009.04.06 09:27:56.667,1.1295,1.12975,23.60,1.60
2009.04.06 09:27:57.016,1.1295,1.12975,15.60,1.60
2009.04.06 09:27:57.696,1.1296,1.12975,2.00,1.60
2009.04.06 09:27:57.997,1.1296,1.1298,20.80,12.00
2009.04.06 09:27:58.336,1.1296,1.1298,30.40,5.80
2009.04.06 09:27:58.806,1.1296,1.1298,4.60,12.00
2009.04.06 09:27:59.306,1.12955,1.12975,15.60,1.60
2009.04.06 09:28:00.456,1.12965,1.12975,2.00,1.60
2009.04.06 09:28:00.805,1.12955,1.1298,16.40,5.80
2009.04.06 09:28:01.355,1.12955,1.1298,22.40,5.80
2009.04.06 09:28:01.705,1.1296,1.1298,22.40,1.60
2009.04.06 09:28:01.945,1.12965,1.1298,9.60,1.00
2009.04.06 09:28:02.165,1.12965,1.1298,15.60,1.00
2009.04.06 09:28:02.567,1.12965,1.13,25.60,15.60
2009.04.06 09:28:02.855,1.1297,1.13,30.40,2.80
2009.04.06 09:28:03.145,1.12975,1.13,9.60,1.60
2009.04.06 09:28:06.954,1.12975,1.12995,11.40,1.60
2009.04.06 09:28:07.174,1.12975,1.12995,17.60,1.60
2009.04.06 09:28:07.504,1.12985,1.12995,2.00,1.60
2009.04.06 09:28:07.784,1.12975,1.13,6.80,12.00
2009.04.06 09:28:08.025,1.12975,1.13,18.20,6.20
2009.04.06 09:28:08.304,1.12975,1.12995,13.40,1.60
2009.04.06 09:28:08.653,1.1298,1.13,18.20,5.80
2009.04.06 09:28:09.003,1.1298,1.12995,11.40,1.60
2009.04.06 09:28:11.213,1.1299,1.12995,2.00,1.60
2009.04.06 09:28:11.693,1.1298,1.13,18.20,5.80
2009.04.06 09:28:12.423,1.1298,1.12995,11.40,1.60
2009.04.06 09:28:12.943,1.12975,1.12995,11.80,1.60
2009.04.06 09:28:13.352,1.12975,1.12995,11.40,1.60
2009.04.06 09:28:14.342,1.1298,1.13,16.40,6.20
2009.04.06 09:28:14.832,1.1298,1.12995,9.60,1.60
2009.04.06 09:28:19.321,1.12975,1.12995,11.40,1.60
2009.04.06 09:28:20.061,1.12975,1.12995,9.60,1.60
2009.04.06 09:28:20.341,1.1297,1.1299,13.20,6.00
2009.04.06 09:28:20.391,1.12965,1.12985,15.60,1.60
2009.04.06 09:28:22.130,1.1297,1.12985,2.00,1.60
2009.04.06 09:28:22.470,1.1297,1.1299,6.80,12.20
2009.04.06 09:28:22.650,1.1297,1.12985,2.00,1.60
2009.04.06 09:28:22.880,1.12965,1.12985,9.60,1.60
2009.04.06 09:28:23.270,1.12965,1.12985,15.60,1.60
2009.04.06 09:28:25.440,1.1297,1.1299,16.40,5.80
2009.04.06 09:28:37.666,1.1297,1.12995,32.40,7.60
2009.04.06 09:28:38.236,1.12975,1.12995,9.60,1.60
2009.04.06 09:28:39.266,1.1297,1.12995,32.40,1.60
2009.04.06 09:28:39.786,1.12975,1.12995,9.60,1.60
2009.04.06 09:28:51.423,1.12975,1.12995,9.60,1.80
2009.04.06 09:28:51.713,1.1297,1.12995,24.40,7.80
2009.04.06 09:28:53.403,1.1297,1.12995,24.40,8.00
2009.04.06 09:28:53.573,1.1297,1.1299,24.40,1.60
2009.04.06 09:28:53.853,1.1297,1.1299,18.20,5.80
2009.04.06 09:28:54.152,1.1297,1.12985,9.60,1.60
2009.04.06 09:28:54.502,1.12965,1.12985,30.40,1.60
2009.04.06 09:28:54.912,1.1297,1.1299,6.80,5.80
2009.04.06 09:28:55.262,1.1297,1.1299,16.40,5.80
2009.04.06 09:29:01.561,1.1297,1.1299,18.20,5.80
2009.04.06 09:29:01.981,1.1297,1.1299,16.20,5.80
2009.04.06 09:29:02.330,1.1297,1.1299,18.20,5.80
2009.04.06 09:29:03.200,1.1297,1.12985,11.40,1.60
2009.04.06 09:29:03.530,1.1297,1.1299,18.20,5.80
2009.04.06 09:29:06.100,1.1297,1.12985,11.40,1.60
2009.04.06 09:29:06.799,1.1297,1.1299,18.20,5.80
2009.04.06 09:29:07.139,1.1297,1.1299,16.40,5.80
2009.04.06 09:29:07.969,1.1297,1.12975,16.40,1.00
2009.04.06 09:29:12.198,1.1297,1.12995,16.40,5.80
2009.04.06 09:29:12.818,1.1298,1.12995,2.00,4.20
2009.04.06 09:29:30.763,1.1298,1.13,6.80,14.00
2009.04.06 09:29:30.814,1.1298,1.13,6.80,13.80
2009.04.06 09:29:30.924,1.1298,1.13,16.40,7.80
2009.04.06 09:29:31.163,1.1298,1.13,16.40,6.20
2009.04.06 09:29:35.922,1.1298,1.13,16.40,5.80
2009.04.06 09:29:36.262,1.1298,1.13,18.20,5.80
2009.04.06 09:29:37.162,1.1298,1.13,18.20,6.20
2009.04.06 09:29:43.970,1.1298,1.13,8.60,12.20
2009.04.06 09:29:45.720,1.1298,1.1299,8.60,1.00
2009.04.06 09:29:48.539,1.1298,1.13,6.80,6.20
2009.04.06 09:29:48.819,1.1298,1.13,6.80,12.80
2009.04.06 09:29:54.938,1.1298,1.13,6.80,12.20
2009.04.06 09:29:55.288,1.1298,1.13,6.80,6.20
2009.04.06 09:29:55.698,1.1298,1.13,6.80,12.20
2009.04.06 09:29:58.047,1.1298,1.13,6.80,6.20
2009.04.06 09:30:01.046,1.1298,1.13,6.80,12.20
2009.04.06 09:30:13.403,1.1298,1.12995,2.00,1.60
2009.04.06 09:30:13.813,1.12975,1.12995,9.60,1.60
2009.04.06 09:30:17.982,1.1297,1.12995,32.40,7.60
2009.04.06 09:30:18.502,1.12975,1.12995,9.60,1.60
2009.04.06 09:30:19.872,1.12975,1.12995,9.60,2.40
2009.04.06 09:30:20.836,1.12975,1.12995,9.60,1.60
2009.04.06 09:30:21.121,1.12975,1.12995,9.60,3.60
2009.04.06 09:30:21.351,1.12975,1.1299,9.60,1.00
2009.04.06 09:30:22.141,1.12965,1.1299,15.60,6.20
2009.04.06 09:30:25.450,1.1296,1.12985,25.80,6.00
2009.04.06 09:30:25.560,1.1296,1.12985,23.60,6.00
2009.04.06 09:30:26.230,1.1296,1.12985,14.00,6.00
2009.04.06 09:30:27.940,1.12965,1.12985,6.00,6.00
2009.04.06 09:30:28.739,1.12965,1.1299,15.60,6.20
2009.04.06 09:30:29.039,1.1296,1.12985,25.60,6.00
2009.04.06 09:30:30.249,1.1296,1.12985,25.60,6.20
2009.04.06 09:30:30.589,1.1296,1.12985,25.60,6.80
2009.04.06 09:30:30.769,1.1296,1.12985,25.60,6.00
2009.04.06 09:30:31.159,1.1296,1.1299,25.60,12.80
2009.04.06 09:30:31.549,1.1296,1.1299,23.60,12.80
2009.04.06 09:30:31.999,1.1296,1.12985,23.60,6.00
2009.04.06 09:30:32.868,1.12975,1.1299,2.00,5.20
2009.04.06 09:30:33.098,1.12965,1.1299,11.20,2.40
2009.04.06 09:30:33.319,1.12965,1.1299,9.60,2.00
2009.04.06 09:30:33.768,1.12955,1.1299,30.40,6.20
2009.04.06 09:30:34.128,1.12965,1.12995,15.60,7.80
2009.04.06 09:30:34.528,1.1297,1.12995,9.60,8.00
2009.04.06 09:30:34.808,1.1298,1.1299,2.00,4.40
2009.04.06 09:30:35.148,1.1297,1.1299,9.60,6.80
2009.04.06 09:30:35.448,1.1296,1.12985,18.00,6.00
2009.04.06 09:30:35.848,1.1296,1.12985,15.60,6.00
2009.04.06 09:30:36.727,1.1296,1.12985,23.60,6.00
2009.04.06 09:30:36.907,1.1297,1.12985,4.60,6.00
2009.04.06 09:30:37.247,1.1297,1.12985,6.80,6.00
2009.04.06 09:30:37.467,1.1297,1.1299,6.80,12.20
2009.04.06 09:30:44.895,1.1297,1.1299,6.80,6.00
2009.04.06 09:30:50.524,1.1297,1.1299,6.80,12.20
2009.04.06 09:30:53.543,1.1297,1.1299,6.80,7.80
2009.04.06 09:30:53.723,1.1297,1.1299,6.80,6.20
2009.04.06 09:30:55.603,1.1297,1.1299,6.80,6.00
2009.04.06 09:30:56.243,1.1297,1.12995,16.40,8.40
2009.04.06 09:31:00.152,1.1298,1.13,6.80,12.20
2009.04.06 09:31:04.411,1.1298,1.13,6.80,6.20
2009.04.06 09:31:05.281,1.1298,1.13,16.40,6.20
2009.04.06 09:31:05.800,1.1299,1.13,2.00,4.20
2009.04.06 09:31:18.447,1.12985,1.13005,9.60,1.80
2009.04.06 09:31:18.617,1.1298,1.13,6.80,6.00
2009.04.06 09:31:20.337,1.12975,1.13,8.20,12.80
2009.04.06 09:31:20.687,1.12965,1.1299,25.20,6.00
2009.04.06 09:31:20.987,1.12965,1.1299,23.60,6.00
2009.04.06 09:31:21.387,1.12965,1.1299,14.00,6.00
2009.04.06 09:31:21.557,1.12965,1.1299,23.60,6.00
2009.04.06 09:31:23.386,1.12965,1.1299,27.20,6.00
2009.04.06 09:31:23.506,1.1297,1.1299,6.80,6.00
2009.04.06 09:31:29.494,1.1297,1.1299,12.80,6.00
2009.04.06 09:31:31.784,1.1297,1.12995,20.80,6.00
2009.04.06 09:31:32.064,1.1297,1.12995,30.40,6.00
2009.04.06 09:31:34.584,1.1297,1.12995,30.40,6.20
2009.04.06 09:31:34.813,1.1297,1.12995,22.40,6.20
2009.04.06 09:31:39.332,1.12975,1.12995,4.60,6.20
2009.04.06 09:31:39.622,1.1297,1.1299,12.80,6.00
2009.04.06 09:31:40.712,1.1297,1.1299,6.80,6.00
2009.04.06 09:31:41.512,1.1297,1.1299,12.80,6.00
2009.04.06 09:31:44.041,1.1297,1.1299,6.80,6.00
2009.04.06 09:31:45.691,1.1297,1.12995,16.40,6.80
2009.04.06 09:31:46.201,1.1297,1.12995,16.40,4.40
2009.04.06 09:31:46.441,1.1297,1.1299,6.80,6.00
2009.04.06 09:31:47.021,1.12975,1.1299,4.60,6.00
2009.04.06 09:31:47.760,1.1297,1.1299,6.80,6.00
2009.04.06 09:32:00.917,1.1297,1.1299,6.80,10.40
2009.04.06 09:32:01.087,1.1297,1.1299,6.80,5.80
2009.04.06 09:32:01.207,1.1297,1.1299,6.80,10.40
2009.04.06 09:32:01.487,1.1297,1.12995,16.40,6.20
2009.04.06 09:32:03.896,1.1298,1.12995,6.80,6.20
2009.04.06 09:32:04.016,1.1298,1.13,6.80,6.20
2009.04.06 09:32:05.616,1.1298,1.13,6.80,6.00
2009.04.06 09:32:05.846,1.1299,1.12995,6.80,6.00
2009.04.06 09:32:06.366,1.1298,1.12995,6.80,6.00
2009.04.06 09:32:06.656,1.1298,1.13,6.80,6.20
2009.04.06 09:32:06.776,1.12975,1.12995,21.00,1.00
2009.04.06 09:32:07.515,1.1297,1.12995,16.40,6.80
2009.04.06 09:32:07.856,1.1297,1.1299,6.80,6.00
2009.04.06 09:32:08.476,1.1297,1.1299,6.80,6.20
2009.04.06 09:32:08.995,1.12965,1.1299,24.00,6.80
2009.04.06 09:32:09.515,1.12965,1.1299,18.40,6.80
2009.04.06 09:32:09.865,1.12955,1.1298,8.00,6.00
2009.04.06 09:32:10.375,1.12955,1.1298,6.00,6.20
2009.04.06 09:32:11.844,1.12955,1.12975,6.00,6.00
2009.04.06 09:32:12.204,1.12955,1.1298,15.60,6.20
2009.04.06 09:32:12.924,1.12955,1.12975,6.00,6.00
2009.04.06 09:32:19.982,1.1296,1.1298,12.80,6.00
2009.04.06 09:32:20.372,1.12965,1.1298,4.60,6.00
2009.04.06 09:32:20.482,1.1296,1.1298,12.80,6.00
2009.04.06 09:32:21.452,1.1296,1.1298,6.80,6.00
2009.04.06 09:32:21.802,1.1296,1.1298,6.80,6.20
2009.04.06 09:32:23.601,1.1296,1.1297,4.60,4.20
2009.04.06 09:32:23.951,1.1296,1.1298,6.80,6.60
2009.04.06 09:32:24.581,1.1296,1.1298,6.80,6.40
2009.04.06 09:32:29.090,1.1296,1.1298,6.80,6.00
2009.04.06 09:32:32.399,1.1296,1.1297,4.60,4.20
2009.04.06 09:32:33.149,1.1296,1.12975,6.80,6.00
2009.04.06 09:32:37.688,1.1296,1.1298,6.80,6.00
2009.04.06 09:32:41.697,1.1296,1.12985,6.80,8.20
2009.04.06 09:32:44.627,1.1296,1.12985,12.80,8.00
2009.04.06 09:32:46.466,1.1296,1.1298,12.80,6.00
2009.04.06 09:32:46.807,1.1296,1.12985,12.80,8.00
2009.04.06 09:32:48.606,1.1296,1.12985,12.80,7.60
2009.04.06 09:32:48.785,1.1296,1.12985,22.40,7.60
2009.04.06 09:32:49.265,1.1296,1.12985,22.40,8.00
2009.04.06 09:32:50.875,1.1296,1.12985,22.40,7.60
2009.04.06 09:32:51.225,1.1296,1.12985,30.40,6.00
2009.04.06 09:32:51.275,1.12965,1.12985,6.00,6.00
2009.04.06 09:32:51.515,1.1297,1.12985,6.80,6.00
2009.04.06 09:32:52.145,1.1297,1.1299,6.80,6.40
2009.04.06 09:32:53.014,1.1297,1.1299,6.80,6.00
2009.04.06 09:32:57.194,1.1297,1.1299,6.80,12.00
2009.04.06 09:32:57.963,1.1298,1.1299,2.00,10.40
2009.04.06 09:32:58.363,1.12975,1.1299,11.00,10.40
2009.04.06 09:32:58.654,1.12985,1.12995,2.00,6.00
2009.04.06 09:32:58.883,1.12985,1.13005,6.80,6.20
2009.04.06 09:32:59.163,1.12975,1.13005,13.60,8.00
2009.04.06 09:32:59.513,1.12975,1.13005,20.80,8.00
2009.04.06 09:33:01.232,1.1298,1.13,20.80,6.00
2009.04.06 09:33:02.912,1.1298,1.13005,30.40,7.60
2009.04.06 09:33:03.652,1.1298,1.13005,22.40,7.60
2009.04.06 09:33:04.114,1.1298,1.13,6.80,6.00
2009.04.06 09:33:04.632,1.1298,1.13,12.80,6.00
2009.04.06 09:33:05.501,1.1298,1.13005,12.80,7.60
2009.04.06 09:33:06.961,1.1298,1.13005,22.40,7.60
2009.04.06 09:33:07.931,1.1298,1.13,12.80,6.00
2009.04.06 09:33:07.991,1.1298,1.13,6.80,6.00
2009.04.06 09:33:09.221,1.1298,1.13005,22.40,7.60
2009.04.06 09:33:09.870,1.1298,1.13005,22.40,1.60
2009.04.06 09:33:10.280,1.12985,1.13005,15.80,1.60
2009.04.06 09:33:10.571,1.1299,1.1301,6.80,12.20
2009.04.06 09:33:10.920,1.1299,1.1301,6.80,12.00
2009.04.06 09:33:14.730,1.1299,1.1301,12.80,12.00
2009.04.06 09:33:15.409,1.1299,1.1301,22.40,5.80
2009.04.06 09:33:15.919,1.1299,1.1301,16.40,5.80
2009.04.06 09:33:16.149,1.1299,1.1301,6.80,5.80
2009.04.06 09:33:16.429,1.1299,1.1301,6.80,6.20
2009.04.06 09:33:16.829,1.1299,1.1301,6.80,12.20
2009.04.06 09:33:20.888,1.1299,1.13,6.80,1.00
2009.04.06 09:33:21.178,1.1298,1.13,20.00,1.00
2009.04.06 09:33:21.578,1.1298,1.13,9.60,1.00
2009.04.06 09:33:21.788,1.1297,1.12995,22.40,6.00
2009.04.06 09:33:24.577,1.1297,1.1299,12.80,6.00
2009.04.06 09:33:24.857,1.1297,1.1299,2.00,6.00
2009.04.06 09:33:25.137,1.12965,1.1299,17.20,6.00
2009.04.06 09:33:25.476,1.1297,1.1299,6.80,6.00
2009.04.06 09:33:26.726,1.1297,1.12995,6.80,7.60
2009.04.06 09:33:27.306,1.1297,1.1299,6.80,6.00
2009.04.06 09:33:31.075,1.1297,1.12995,16.40,7.60
2009.04.06 09:33:31.605,1.1297,1.12995,6.80,7.60
2009.04.06 09:33:32.935,1.1297,1.1299,6.80,6.00
2009.04.06 09:33:34.654,1.12975,1.1299,4.60,6.00
2009.04.06 09:33:35.584,1.1297,1.1299,6.80,6.00
2009.04.06 09:33:35.924,1.1297,1.1299,6.80,6.20
2009.04.06 09:33:36.334,1.1297,1.1299,6.80,12.20
2009.04.06 09:33:36.684,1.1297,1.1299,6.80,6.20
2009.04.06 09:33:39.023,1.1297,1.1299,6.80,6.00
2009.04.06 09:33:41.523,1.1297,1.12995,6.80,9.60
2009.04.06 09:33:45.582,1.1297,1.12995,6.80,9.00
2009.04.06 09:33:46.621,1.1297,1.1299,6.80,6.00
2009.04.06 09:33:51.061,1.1297,1.1299,6.80,12.00
2009.04.06 09:33:51.420,1.1297,1.1299,6.80,6.80
2009.04.06 09:33:52.570,1.1297,1.1299,6.80,7.40
2009.04.06 09:33:54.110,1.1297,1.1299,6.80,12.80
2009.04.06 09:33:54.699,1.1297,1.1299,6.80,13.40
2009.04.06 09:33:57.899,1.1297,1.12985,6.80,6.00
2009.04.06 09:33:58.219,1.1297,1.1299,6.80,6.80
2009.04.06 09:33:59.318,1.1297,1.1299,6.80,12.80
2009.04.06 09:33:59.438,1.1297,1.12985,6.80,6.00
2009.04.06 09:34:00.788,1.1297,1.1298,6.80,4.20
2009.04.06 09:34:01.258,1.1297,1.1298,6.80,4.20
2009.04.06 09:34:01.548,1.1297,1.12985,6.80,13.40
2009.04.06 09:34:01.718,1.1297,1.12985,6.80,8.60
2009.04.06 09:34:06.826,1.1297,1.12985,6.80,8.20
2009.04.06 09:34:06.876,1.1297,1.12985,6.80,2.00
2009.04.06 09:34:07.317,1.1297,1.1298,6.80,1.00
2009.04.06 09:34:07.546,1.1297,1.1299,6.80,6.20
2009.04.06 09:34:09.196,1.1297,1.1299,6.80,1.00
2009.04.06 09:34:12.255,1.1297,1.1299,6.80,6.20
2009.04.06 09:34:12.725,1.1297,1.1299,6.80,6.80
2009.04.06 09:34:13.075,1.1297,1.1299,6.80,1.00
2009.04.06 09:34:13.485,1.1297,1.1299,6.80,6.20
2009.04.06 09:34:17.644,1.1297,1.1299,6.80,6.80
2009.04.06 09:34:22.773,1.1297,1.1299,6.80,6.80
2009.04.06 09:34:25.572,1.1297,1.1298,6.80,1.00
2009.04.06 09:34:29.001,1.1297,1.12985,6.80,6.60
2009.04.06 09:34:30.801,1.1297,1.12985,6.80,8.80
2009.04.06 09:34:31.282,1.1297,1.12985,6.80,8.20
2009.04.06 09:34:31.581,1.1297,1.12985,6.80,7.00
2009.04.06 09:34:32.511,1.1297,1.12985,6.80,7.40
2009.04.06 09:34:34.320,1.1297,1.12985,6.80,7.00
2009.04.06 09:34:34.660,1.1297,1.12975,4.60,4.20
2009.04.06 09:34:44.407,1.1297,1.12985,6.80,7.00
2009.04.06 09:34:48.257,1.1297,1.1298,6.80,1.00
2009.04.06 09:34:51.746,1.1298,1.12985,2.00,1.00
2009.04.06 09:34:51.976,1.1298,1.1299,4.60,6.60
2009.04.06 09:34:52.326,1.1298,1.1299,1.60,6.20
2009.04.06 09:34:52.775,1.12965,1.1299,6.80,6.20
2009.04.06 09:34:56.845,1.1297,1.1299,6.80,6.00
2009.04.06 09:34:59.024,1.1297,1.12995,16.40,7.80
2009.04.06 09:34:59.854,1.12975,1.12995,9.60,1.60
2009.04.06 09:35:01.193,1.1298,1.13,6.80,12.80
2009.04.06 09:35:01.304,1.1298,1.13,6.80,12.20
2009.04.06 09:35:03.903,1.1298,1.12995,2.00,1.60
2009.04.06 09:35:04.023,1.12975,1.12995,9.60,1.60
2009.04.06 09:35:04.772,1.1298,1.13,6.80,12.20
2009.04.06 09:35:05.113,1.1298,1.13,6.80,12.00
2009.04.06 09:35:05.802,1.1298,1.13,4.60,12.20
2009.04.06 09:35:06.192,1.1298,1.13,6.80,12.00
2009.04.06 09:35:17.149,1.1298,1.13,6.80,12.20
2009.04.06 09:35:17.719,1.1298,1.12995,2.00,1.60
2009.04.06 09:35:17.779,1.12975,1.12995,14.40,1.60
2009.04.06 09:35:17.889,1.1298,1.12995,2.00,1.60
2009.04.06 09:35:17.949,1.1298,1.13,6.80,12.80
2009.04.06 09:35:18.889,1.1298,1.12995,2.00,1.60
2009.04.06 09:35:19.129,1.12975,1.12995,9.60,1.60
2009.04.06 09:35:19.759,1.1297,1.12995,12.80,8.20
2009.04.06 09:35:19.989,1.1297,1.12995,6.80,8.80
2009.04.06 09:35:20.399,1.1297,1.1299,6.80,6.00
2009.04.06 09:35:21.889,1.1297,1.1299,6.80,6.20
2009.04.06 09:35:23.818,1.1297,1.1299,6.80,6.80
2009.04.06 09:35:34.226,1.1297,1.1299,6.80,6.20
2009.04.06 09:35:36.875,1.1297,1.1299,6.80,6.00
2009.04.06 09:35:37.445,1.1297,1.12995,6.80,8.40
2009.04.06 09:35:39.014,1.1297,1.1299,6.80,6.00
2009.04.06 09:35:46.163,1.1297,1.1299,6.80,6.20
2009.04.06 09:35:48.502,1.1297,1.1299,6.80,6.80
2009.04.06 09:35:50.022,1.1297,1.12985,6.80,6.20
2009.04.06 09:35:51.181,1.1297,1.1298,2.00,5.80
2009.04.06 09:35:51.411,1.1296,1.12975,12.80,1.00
2009.04.06 09:35:51.821,1.1295,1.1297,7.60,6.20
2009.04.06 09:35:52.171,1.12945,1.1297,17.60,6.80
2009.04.06 09:35:52.521,1.12945,1.12965,6.00,6.00
2009.04.06 09:35:52.941,1.12945,1.12965,14.00,6.00
2009.04.06 09:35:53.810,1.12945,1.1297,15.60,6.20
2009.04.06 09:35:54.191,1.12945,1.12965,6.00,6.00
2009.04.06 09:35:54.361,1.1294,1.12965,12.80,6.00
2009.04.06 09:35:54.931,1.1294,1.12955,12.80,4.20
2009.04.06 09:35:55.280,1.1294,1.1296,4.60,6.00
2009.04.06 09:35:55.860,1.12935,1.1296,15.60,6.00
2009.04.06 09:36:00.219,1.12935,1.12965,25.60,6.80
2009.04.06 09:36:00.849,1.12935,1.1296,25.60,6.00
2009.04.06 09:36:01.029,1.12935,1.1296,23.60,6.00
2009.04.06 09:36:01.149,1.12935,1.1296,23.60,6.20
2009.04.06 09:36:01.559,1.12935,1.1296,14.00,6.20
2009.04.06 09:36:01.899,1.12935,1.1296,10.60,6.80
2009.04.06 09:36:02.068,1.1293,1.1296,25.20,6.80
2009.04.06 09:36:02.458,1.1294,1.1296,6.80,6.80
2009.04.06 09:36:02.988,1.1294,1.1296,6.80,6.20
2009.04.06 09:36:05.668,1.1295,1.1296,4.60,6.00
2009.04.06 09:36:05.908,1.1295,1.12965,6.80,8.20
2009.04.06 09:36:06.258,1.1295,1.12965,6.80,6.20
2009.04.06 09:36:06.437,1.1295,1.1297,6.80,6.80
2009.04.06 09:36:07.127,1.1295,1.12965,6.80,6.00
2009.04.06 09:36:09.637,1.1295,1.1297,6.80,6.80
2009.04.06 09:36:10.047,1.1295,1.1296,2.00,4.20
2009.04.06 09:36:11.227,1.1294,1.12955,12.80,3.20
2009.04.06 09:36:11.516,1.1293,1.12955,4.60,8.80
2009.04.06 09:36:11.806,1.12925,1.1295,15.60,6.20
2009.04.06 09:36:13.356,1.1293,1.1295,6.80,6.80
2009.04.06 09:36:14.226,1.1293,1.12945,6.80,1.00
2009.04.06 09:36:14.626,1.1292,1.12945,22.40,6.20
2009.04.06 09:36:15.355,1.1292,1.1294,12.80,6.00
2009.04.06 09:36:15.595,1.1292,1.1294,6.80,6.00
2009.04.06 09:36:19.455,1.1292,1.12945,6.80,6.20
2009.04.06 09:36:20.414,1.1293,1.12945,4.60,6.00
2009.04.06 09:36:20.464,1.1293,1.1295,6.80,6.20
2009.04.06 09:36:22.544,1.1293,1.1295,6.80,6.00
2009.04.06 09:36:23.064,1.1293,1.12955,22.40,7.60
2009.04.06 09:36:23.293,1.1293,1.12955,22.40,7.80
2009.04.06 09:36:23.583,1.1293,1.12955,22.40,8.40
2009.04.06 09:36:25.655,1.12935,1.12955,9.60,2.20
2009.04.06 09:36:26.043,1.1294,1.12955,2.00,2.00
2009.04.06 09:36:26.343,1.1294,1.1296,6.80,5.80
2009.04.06 09:36:26.703,1.1294,1.1296,6.80,12.00
2009.04.06 09:36:27.272,1.1294,1.1296,6.80,12.20
2009.04.06 09:36:27.663,1.1294,1.1296,4.60,12.20
2009.04.06 09:36:28.352,1.1294,1.1296,6.80,12.80
2009.04.06 09:36:28.752,1.1294,1.1295,2.00,4.20
2009.04.06 09:36:29.322,1.1294,1.1296,6.80,14.40
2009.04.06 09:36:29.642,1.1294,1.1296,6.80,12.00
2009.04.06 09:36:33.591,1.1294,1.1296,16.40,5.80
2009.04.06 09:36:33.891,1.1294,1.1296,6.80,5.80
2009.04.06 09:36:34.291,1.1294,1.1296,6.80,12.00
2009.04.06 09:36:35.440,1.1294,1.1296,16.40,5.80
2009.04.06 09:36:35.671,1.12945,1.1296,4.60,4.20
2009.04.06 09:36:35.730,1.1295,1.1296,2.00,4.20
2009.04.06 09:36:39.320,1.12945,1.1296,4.60,4.20
2009.04.06 09:36:39.560,1.1294,1.12965,12.80,6.00
2009.04.06 09:36:40.010,1.1294,1.1296,12.80,6.00
2009.04.06 09:36:40.529,1.12935,1.1296,31.60,6.00
2009.04.06 09:36:40.939,1.12935,1.1296,9.60,6.20
2009.04.06 09:36:41.229,1.1293,1.12955,32.40,6.00
2009.04.06 09:36:42.139,1.12935,1.12955,1.60,6.00
2009.04.06 09:36:42.419,1.12945,1.12955,4.60,6.00
2009.04.06 09:36:42.769,1.12935,1.1296,19.40,6.80
2009.04.06 09:36:43.269,1.12935,1.1296,9.60,6.80
2009.04.06 09:36:43.599,1.1293,1.12955,30.40,7.40
2009.04.06 09:36:43.839,1.1293,1.1295,12.60,6.20
2009.04.06 09:36:44.229,1.12925,1.1295,15.60,6.20
2009.04.06 09:36:44.468,1.1293,1.12945,2.00,6.00
2009.04.06 09:36:44.848,1.12935,1.12945,4.60,6.00
2009.04.06 09:36:45.368,1.12935,1.1295,4.60,6.20
2009.04.06 09:36:46.340,1.12925,1.1295,27.20,6.20
2009.04.06 09:36:46.618,1.12925,1.1295,23.60,6.20
2009.04.06 09:36:46.678,1.12925,1.1295,15.60,6.20
2009.04.06 09:36:47.028,1.12925,1.12945,6.00,6.00
2009.04.06 09:36:48.158,1.12935,1.1295,9.60,4.80
2009.04.06 09:36:48.398,1.12935,1.1295,20.40,4.80
2009.04.06 09:36:48.448,1.12935,1.1296,15.60,6.00
2009.04.06 09:36:48.777,1.12935,1.1296,17.60,6.00
2009.04.06 09:36:49.057,1.12945,1.1296,4.60,6.00
2009.04.06 09:36:49.178,1.12945,1.1296,4.60,6.20
2009.04.06 09:36:49.527,1.1294,1.1295,2.00,4.20
2009.04.06 09:36:50.567,1.1294,1.12955,6.80,6.00
2009.04.06 09:36:50.737,1.1294,1.1296,6.80,12.20
2009.04.06 09:36:51.067,1.1294,1.1296,6.80,12.00
2009.04.06 09:36:52.456,1.1295,1.1296,1.00,12.00
2009.04.06 09:36:52.906,1.1295,1.1296,2.00,10.40
2009.04.06 09:36:53.406,1.1295,1.1296,2.00,4.20
2009.04.06 09:36:54.436,1.1295,1.12965,6.80,6.00
2009.04.06 09:36:54.816,1.12955,1.1297,4.60,6.00
2009.04.06 09:36:55.386,1.1295,1.1297,20.80,6.00
2009.04.06 09:36:56.226,1.1295,1.1297,20.80,12.00
2009.04.06 09:36:56.855,1.1295,1.1297,6.80,12.00
2009.04.06 09:37:00.555,1.12955,1.1297,4.60,10.40
2009.04.06 09:37:00.904,1.1296,1.1297,2.00,4.20
2009.04.06 09:37:01.304,1.1297,1.1298,2.00,8.00
2009.04.06 09:37:01.524,1.1297,1.12985,2.00,6.80
2009.04.06 09:37:02.094,1.12975,1.12985,4.60,6.20
2009.04.06 09:37:02.374,1.12965,1.12975,14.00,4.20
2009.04.06 09:37:02.834,1.12965,1.1298,16.00,6.00
2009.04.06 09:37:03.114,1.12975,1.1299,6.80,6.00
2009.04.06 09:37:03.454,1.12985,1.13005,2.00,4.20
2009.04.06 09:37:04.374,1.1299,1.13005,2.00,10.40
2009.04.06 09:37:05.003,1.1299,1.13,2.00,4.20
2009.04.06 09:37:05.643,1.12985,1.13,4.60,4.20
2009.04.06 09:37:08.872,1.12995,1.13015,18.80,7.60
2009.04.06 09:37:08.992,1.12995,1.13005,18.80,1.00
2009.04.06 09:37:09.282,1.12995,1.13,10.80,4.20
2009.04.06 09:37:09.572,1.1299,1.13,8.20,4.20
2009.04.06 09:37:09.852,1.13,1.1302,6.00,9.60
2009.04.06 09:37:10.132,1.1299,1.1302,15.60,6.00
2009.04.06 09:37:10.422,1.1299,1.13005,15.60,1.00
2009.04.06 09:37:10.702,1.12985,1.1302,23.60,20.20
2009.04.06 09:37:10.932,1.12985,1.1302,23.60,15.00
2009.04.06 09:37:11.052,1.1299,1.1302,11.60,8.60
2009.04.06 09:37:11.562,1.1299,1.13005,11.60,4.20
2009.04.06 09:37:11.843,1.12985,1.13005,6.00,5.80
2009.04.06 09:37:13.552,1.1298,1.13,23.60,5.80
2009.04.06 09:37:14.011,1.1298,1.1299,9.60,8.00
2009.04.06 09:37:14.301,1.1297,1.1299,14.20,6.40
2009.04.06 09:37:14.751,1.1297,1.1299,9.60,6.20
2009.04.06 09:37:19.400,1.1297,1.1299,9.60,7.80
2009.04.06 09:37:19.750,1.1297,1.1299,6.80,8.20
2009.04.06 09:37:20.670,1.1297,1.1299,6.80,8.00
2009.04.06 09:37:21.790,1.1297,1.12985,16.40,1.60
2009.04.06 09:37:22.069,1.1297,1.1298,6.80,1.00
2009.04.06 09:37:22.359,1.12965,1.1299,28.40,5.80
2009.04.06 09:37:23.679,1.12965,1.12975,9.60,1.60
2009.04.06 09:37:23.839,1.1296,1.1298,16.20,5.80
2009.04.06 09:37:24.179,1.12965,1.1298,20.40,4.20
2009.04.06 09:37:24.349,1.12965,1.12995,20.40,5.80
2009.04.06 09:37:24.928,1.12965,1.12985,22.40,1.00
2009.04.06 09:37:25.098,1.1297,1.1299,6.80,2.00
2009.04.06 09:37:26.858,1.1297,1.1298,6.80,4.20
2009.04.06 09:37:26.918,1.1297,1.1298,2.00,5.80
2009.04.06 09:37:27.388,1.1297,1.1298,2.00,6.40
2009.04.06 09:37:32.147,1.1295,1.12975,15.60,6.00
2009.04.06 09:37:32.427,1.1295,1.1298,15.60,12.80
2009.04.06 09:37:34.156,1.12955,1.1298,9.60,12.80
2009.04.06 09:37:34.846,1.12955,1.1298,9.60,12.20
2009.04.06 09:37:48.333,1.1295,1.12975,15.60,1.20
2009.04.06 09:37:48.623,1.1295,1.1297,15.60,1.00
2009.04.06 09:37:48.863,1.12945,1.1297,10.40,12.80
2009.04.06 09:37:49.133,1.12945,1.1297,16.60,12.80
2009.04.06 09:37:49.703,1.12945,1.1297,16.60,12.20
2009.04.06 09:37:50.222,1.12945,1.1297,16.60,6.20
2009.04.06 09:37:50.862,1.1295,1.1297,9.60,6.20
2009.04.06 09:37:51.042,1.12945,1.1297,16.60,12.20
2009.04.06 09:37:52.592,1.12945,1.12975,16.60,16.00
2009.04.06 09:37:52.822,1.12945,1.12975,16.60,8.40
2009.04.06 09:37:53.112,1.12945,1.1297,10.40,12.20
2009.04.06 09:37:54.561,1.12945,1.1297,16.60,7.80
2009.04.06 09:37:54.952,1.12945,1.1297,7.00,6.20
2009.04.06 09:37:55.241,1.12945,1.12965,7.00,6.00
2009.04.06 09:37:56.251,1.12945,1.1297,7.00,6.20
2009.04.06 09:37:56.541,1.12945,1.1297,15.00,6.00
2009.04.06 09:37:56.781,1.12945,1.1297,15.00,10.40
2009.04.06 09:37:56.841,1.12945,1.1297,29.40,12.00
2009.04.06 09:37:57.071,1.12945,1.1297,19.80,12.00
2009.04.06 09:37:57.651,1.12945,1.1297,29.40,12.00
2009.04.06 09:38:00.120,1.1295,1.1297,15.60,5.80
2009.04.06 09:38:00.300,1.1295,1.12975,15.60,6.20
2009.04.06 09:38:00.890,1.12955,1.12975,9.60,1.00
2009.04.06 09:38:01.480,1.12955,1.1298,9.60,12.80
2009.04.06 09:38:03.141,1.12955,1.1298,9.60,12.20
2009.04.06 09:38:03.609,1.12955,1.1298,15.60,12.20
2009.04.06 09:38:04.759,1.12955,1.1298,16.60,12.20
2009.04.06 09:38:06.498,1.12955,1.1298,16.60,6.20
2009.04.06 09:38:06.728,1.12955,1.1298,16.60,12.20
2009.04.06 09:38:07.298,1.12955,1.1298,16.60,6.20
2009.04.06 09:38:07.578,1.12955,1.1298,16.60,12.20
2009.04.06 09:38:11.177,1.12955,1.1298,10.40,12.20
2009.04.06 09:38:11.357,1.12955,1.1297,10.40,5.80
2009.04.06 09:38:11.578,1.1296,1.1297,1.00,5.80
2009.04.06 09:38:13.628,1.12955,1.1297,1.00,5.80
2009.04.06 09:38:13.957,1.12945,1.1297,30.60,10.60
2009.04.06 09:38:14.426,1.1294,1.1296,30.40,5.80
2009.04.06 09:38:14.777,1.12945,1.12955,6.00,1.60
2009.04.06 09:38:15.067,1.12945,1.12975,10.80,12.00
2009.04.06 09:38:15.356,1.1295,1.12975,9.60,5.80
2009.04.06 09:38:16.126,1.12945,1.1297,20.40,6.20
2009.04.06 09:38:16.486,1.12945,1.1296,15.60,1.00
2009.04.06 09:38:16.716,1.1294,1.1296,14.00,6.00
2009.04.06 09:38:16.946,1.1294,1.1296,6.00,6.00
2009.04.06 09:38:17.356,1.12935,1.1296,15.60,6.00
2009.04.06 09:38:17.756,1.12935,1.1296,15.60,6.20
2009.04.06 09:38:18.465,1.1294,1.1296,9.60,1.00
2009.04.06 09:38:18.745,1.12945,1.1296,9.60,1.00
2009.04.06 09:38:19.026,1.1295,1.1297,2.00,12.80
2009.04.06 09:38:19.255,1.1295,1.1297,11.60,6.80
2009.04.06 09:38:19.536,1.1295,1.1297,9.60,6.80
2009.04.06 09:38:19.645,1.12945,1.1297,14.20,12.80
2009.04.06 09:38:20.115,1.12945,1.12965,14.20,1.00
2009.04.06 09:38:20.235,1.12945,1.12965,9.60,1.00
2009.04.06 09:38:22.155,1.12945,1.1297,9.60,12.80
2009.04.06 09:38:22.555,1.12945,1.1297,9.60,12.20
2009.04.06 09:38:22.844,1.12945,1.1297,9.60,6.20
2009.04.06 09:38:23.315,1.12955,1.1297,2.00,5.80
2009.04.06 09:38:23.614,1.1295,1.1297,9.60,5.80
2009.04.06 09:38:24.984,1.1295,1.12965,9.60,1.60
2009.04.06 09:38:25.504,1.1295,1.12965,22.40,2.00
2009.04.06 09:38:25.674,1.1295,1.12965,16.40,2.00
2009.04.06 09:38:29.333,1.1295,1.12965,24.40,2.00
2009.04.06 09:38:29.624,1.1295,1.12965,30.40,2.00
2009.04.06 09:38:30.143,1.1295,1.12965,22.40,2.00
2009.04.06 09:38:30.603,1.1295,1.12965,16.40,2.00
2009.04.06 09:38:32.192,1.1295,1.12965,22.40,2.00
2009.04.06 09:38:32.372,1.12955,1.12965,6.00,2.00
2009.04.06 09:38:32.483,1.12955,1.1296,6.00,1.00
2009.04.06 09:38:32.782,1.1295,1.12965,22.40,2.00
2009.04.06 09:38:33.282,1.1296,1.1297,2.00,6.40
2009.04.06 09:38:34.152,1.12955,1.1297,4.60,6.40
2009.04.06 09:38:34.502,1.1295,1.12965,24.00,2.00
2009.04.06 09:38:34.672,1.1295,1.12965,22.40,1.60
2009.04.06 09:38:34.882,1.1295,1.1297,22.40,5.80
2009.04.06 09:38:35.292,1.12955,1.1298,14.20,6.80
2009.04.06 09:38:36.411,1.1296,1.1298,9.60,6.80
2009.04.06 09:38:37.951,1.1296,1.1298,9.60,6.20
2009.04.06 09:38:41.160,1.1296,1.12975,16.40,1.60
2009.04.06 09:38:41.450,1.1296,1.12975,22.40,1.60
2009.04.06 09:38:41.730,1.1296,1.12975,30.40,1.60
2009.04.06 09:38:41.840,1.1297,1.1298,2.00,8.00
2009.04.06 09:38:42.120,1.1296,1.12975,24.00,1.60
2009.04.06 09:38:42.400,1.1296,1.12975,22.40,2.00
2009.04.06 09:38:46.649,1.1296,1.12975,16.40,2.00
2009.04.06 09:38:46.829,1.1296,1.1298,9.60,5.80
2009.04.06 09:38:47.239,1.1296,1.12975,16.40,2.00
2009.04.06 09:38:47.569,1.1296,1.12965,9.60,1.60
2009.04.06 09:38:47.798,1.1295,1.12965,24.00,1.60
2009.04.06 09:38:48.349,1.1295,1.1297,9.60,5.80
2009.04.06 09:38:48.648,1.1295,1.1297,9.60,6.20
2009.04.06 09:38:49.048,1.1295,1.1296,9.60,4.20
2009.04.06 09:38:49.268,1.12945,1.12955,6.00,1.60
2009.04.06 09:38:49.568,1.1294,1.12955,30.40,1.60
2009.04.06 09:38:50.188,1.12935,1.1295,33.80,1.00
2009.04.06 09:38:50.248,1.12935,1.1294,17.40,1.00
2009.04.06 09:38:50.528,1.12935,1.1295,4.60,6.40
2009.04.06 09:38:50.828,1.1294,1.1295,2.00,6.40
2009.04.06 09:38:51.068,1.1293,1.1295,19.20,5.80
2009.04.06 09:38:51.358,1.12925,1.1295,30.20,5.80
2009.04.06 09:38:51.697,1.1293,1.1295,9.60,5.80
2009.04.06 09:38:52.568,1.1293,1.12935,9.60,1.60
2009.04.06 09:38:52.797,1.12925,1.12935,16.20,1.60
2009.04.06 09:38:53.027,1.1293,1.1294,6.00,1.00
2009.04.06 09:38:53.307,1.12925,1.12955,20.40,12.00
2009.04.06 09:38:53.608,1.12925,1.12955,20.40,13.60
2009.04.06 09:38:54.118,1.12935,1.12955,2.00,6.40
2009.04.06 09:38:54.647,1.1292,1.1295,14.20,12.20
2009.04.06 09:38:55.057,1.1292,1.1294,14.20,1.00
2009.04.06 09:38:55.357,1.1292,1.12945,4.60,6.60
2009.04.06 09:38:55.886,1.12925,1.12945,10.80,6.60
2009.04.06 09:38:55.996,1.12925,1.1294,6.00,6.00
2009.04.06 09:38:56.286,1.1293,1.1294,6.80,6.00
2009.04.06 09:38:56.457,1.1293,1.12945,16.40,2.00
2009.04.06 09:38:57.466,1.1293,1.1294,16.40,1.00
2009.04.06 09:38:58.736,1.1293,1.1295,16.40,8.00
2009.04.06 09:39:00.316,1.1293,1.12945,11.60,5.80
2009.04.06 09:39:00.546,1.1293,1.12945,2.00,8.00
2009.04.06 09:39:00.896,1.12935,1.12945,4.60,1.00
2009.04.06 09:39:01.125,1.12935,1.1295,14.20,1.00
2009.04.06 09:39:01.415,1.1293,1.12955,17.80,7.40
2009.04.06 09:39:01.645,1.1293,1.12945,9.60,2.00
2009.04.06 09:39:01.935,1.1293,1.12945,9.60,8.00
2009.04.06 09:39:02.215,1.12925,1.12945,6.00,14.00
2009.04.06 09:39:02.495,1.12915,1.12945,26.00,12.00
2009.04.06 09:39:03.015,1.12915,1.1294,23.60,12.00
2009.04.06 09:39:03.545,1.12915,1.1294,6.00,12.00
2009.04.06 09:39:04.505,1.12915,1.1293,6.00,6.00
2009.04.06 09:39:04.795,1.1291,1.1293,14.00,6.00
2009.04.06 09:39:05.574,1.1291,1.12935,14.00,7.40
2009.04.06 09:39:06.024,1.12905,1.1293,24.80,6.00
2009.04.06 09:39:06.264,1.12915,1.1293,15.60,1.00
2009.04.06 09:39:06.674,1.12915,1.12935,9.60,13.00
2009.04.06 09:39:07.064,1.12915,1.12935,4.60,6.00
2009.04.06 09:39:09.443,1.12915,1.1294,4.60,12.20
2009.04.06 09:39:10.763,1.12915,1.1294,10.80,12.20
2009.04.06 09:39:12.283,1.12915,1.12935,10.80,6.00
2009.04.06 09:39:19.641,1.12915,1.1294,10.80,12.20
2009.04.06 09:39:21.600,1.12915,1.1294,18.80,12.00
2009.04.06 09:39:21.890,1.1292,1.1294,9.60,5.80
