2015.11.12 20:00:00.322,1.00144,1.00153,3.75,1.00
2015.11.12 20:00:00.374,1.0014,1.00154,1.87,1.00
2015.11.12 20:00:00.476,1.0014,1.00155,1.50,1.75
2015.11.12 20:00:00.680,1.0014,1.00151,1.00,1.00
2015.11.12 20:00:00.883,1.00139,1.00153,1.12,1.12
2015.11.12 20:00:01.449,1.00138,1.00152,1.12,1.37
2015.11.12 20:00:01.959,1.00139,1.00153,1.87,1.00
2015.11.12 20:00:02.264,1.00141,1.00155,1.12,1.50
2015.11.12 20:00:03.170,1.00145,1.00158,1.00,1.75
2015.11.12 20:00:03.882,1.00139,1.00151,1.12,1.00
2015.11.12 20:00:04.088,1.00139,1.00151,1.00,1.00
2015.11.12 20:00:04.711,1.00139,1.00147,1.00,1.50
2015.11.12 20:00:05.016,1.0013,1.00144,1.37,1.75
2015.11.12 20:00:06.010,1.00129,1.00144,1.12,1.50
2015.11.12 20:00:07.962,1.00135,1.00148,1.37,1.75
2015.11.12 20:00:08.014,1.00135,1.0015,1.75,1.75
2015.11.12 20:00:08.115,1.00143,1.00149,1.50,1.75
2015.11.12 20:00:08.218,1.00144,1.00154,1.50,1.12
2015.11.12 20:00:08.269,1.00144,1.00155,2.25,1.37
2015.11.12 20:00:08.320,1.00145,1.0016,2.25,1.37
2015.11.12 20:00:08.827,1.00147,1.00162,1.37,1.37
2015.11.12 20:00:09.187,1.00138,1.00152,1.75,1.50
2015.11.12 20:00:09.291,1.00139,1.00154,1.75,1.50
2015.11.12 20:00:09.393,1.0014,1.00155,1.50,1.87
2015.11.12 20:00:10.703,1.00138,1.00153,1.37,1.50
2015.11.12 20:00:11.211,1.00139,1.00152,1.37,1.12
2015.11.12 20:00:11.515,1.00142,1.00157,1.75,1.75
2015.11.12 20:00:12.434,1.0014,1.00153,1.12,1.00
2015.11.12 20:00:12.942,1.0014,1.00154,1.12,1.12
2015.11.12 20:00:14.180,1.0014,1.00151,1.12,1.00
2015.11.12 20:00:14.235,1.00138,1.00153,1.75,1.75
2015.11.12 20:00:14.288,1.00138,1.00153,1.87,1.75
2015.11.12 20:00:14.695,1.00139,1.00153,1.87,1.00
2015.11.12 20:00:15.355,1.00139,1.00152,1.12,1.00
2015.11.12 20:00:15.457,1.00137,1.00146,1.12,1.00
2015.11.12 20:00:15.559,1.00132,1.00146,1.37,1.75
2015.11.12 20:00:18.534,1.00129,1.00141,1.12,1.00
2015.11.12 20:00:18.738,1.00125,1.0014,1.75,4.50
2015.11.12 20:00:18.839,1.00124,1.00134,1.50,1.00
2015.11.12 20:00:19.041,1.00123,1.00134,1.00,1.00
2015.11.12 20:00:21.610,1.00123,1.00135,1.00,1.50
2015.11.12 20:00:26.060,1.00123,1.00134,1.00,1.50
2015.11.12 20:00:26.111,1.00123,1.00132,1.00,1.00
2015.11.12 20:00:26.162,1.00119,1.0013,1.50,1.87
2015.11.12 20:00:26.264,1.00118,1.0013,1.12,1.50
2015.11.12 20:00:26.418,1.00119,1.00131,1.00,1.37
2015.11.12 20:00:26.521,1.00117,1.00132,2.62,1.75
2015.11.12 20:00:26.674,1.00119,1.00133,1.87,1.12
2015.11.12 20:00:27.634,1.00126,1.00138,1.00,1.50
2015.11.12 20:00:28.039,1.00124,1.00141,3.37,1.75
2015.11.12 20:00:28.344,1.00127,1.00142,1.75,1.75
2015.11.12 20:00:29.638,1.00125,1.0014,1.75,1.75
2015.11.12 20:00:30.456,1.00126,1.00138,1.00,1.00
2015.11.12 20:00:34.026,1.00126,1.00137,1.00,1.00
2015.11.12 20:00:34.719,1.00122,1.00137,1.87,1.50
2015.11.12 20:00:35.227,1.00122,1.00137,1.75,1.75
2015.11.12 20:00:42.814,1.00118,1.00134,2.25,1.75
2015.11.12 20:00:46.291,1.00121,1.00136,1.12,1.50
2015.11.12 20:00:46.810,1.00119,1.00136,1.75,1.87
2015.11.12 20:00:48.302,1.00123,1.00135,1.00,1.00
2015.11.12 20:00:48.404,1.00123,1.00138,1.87,1.50
2015.11.12 20:00:52.538,1.00125,1.00137,1.50,1.00
2015.11.12 20:00:52.589,1.00125,1.00141,1.50,1.87
2015.11.12 20:00:53.502,1.00124,1.00141,2.62,1.75
2015.11.12 20:00:55.439,1.00124,1.00138,1.75,1.75
2015.11.12 20:00:55.644,1.00127,1.00139,1.00,1.00
2015.11.12 20:00:55.902,1.00125,1.00141,1.87,1.75
2015.11.12 20:01:00.392,1.00126,1.00143,1.87,1.87
2015.11.12 20:01:00.443,1.00127,1.00143,1.12,1.75
2015.11.12 20:01:01.202,1.00128,1.00143,1.12,1.50
2015.11.12 20:01:06.966,1.00129,1.00143,1.12,1.12
2015.11.12 20:01:12.237,1.00132,1.00143,1.12,1.00
2015.11.12 20:01:12.288,1.00136,1.00148,2.55,1.50
2015.11.12 20:01:12.340,1.00141,1.00155,1.12,1.37
2015.11.12 20:01:12.543,1.00139,1.00154,1.42,1.87
2015.11.12 20:01:16.691,1.00139,1.00148,1.12,1.00
2015.11.12 20:01:16.742,1.00133,1.00148,1.12,1.50
2015.11.12 20:01:16.844,1.00132,1.00144,1.12,1.12
2015.11.12 20:01:19.828,1.0013,1.00144,1.37,1.50
2015.11.12 20:01:19.880,1.00127,1.00144,1.87,1.75
2015.11.12 20:01:23.403,1.00128,1.00142,1.12,1.00
2015.11.12 20:01:26.132,1.00129,1.00144,1.12,1.37
2015.11.12 20:01:26.183,1.0013,1.00145,1.12,1.50
2015.11.12 20:01:28.344,1.0013,1.00146,1.12,2.25
2015.11.12 20:01:28.396,1.00129,1.00146,1.75,2.62
2015.11.12 20:01:31.138,1.00129,1.00144,1.12,1.37
2015.11.12 20:01:31.190,1.0013,1.00144,1.12,1.12
2015.11.12 20:01:31.640,1.00131,1.00146,1.00,2.25
2015.11.12 20:01:31.691,1.00129,1.00146,1.87,2.25
2015.11.12 20:01:35.314,1.00128,1.00145,1.87,1.50
2015.11.12 20:01:40.584,1.00127,1.00144,1.87,1.87
2015.11.12 20:01:41.091,1.00127,1.00144,1.75,1.87
2015.11.12 20:01:41.397,1.00123,1.00138,3.75,1.50
2015.11.12 20:01:41.499,1.00128,1.00138,1.37,1.00
2015.11.12 20:01:41.891,1.0013,1.00145,1.75,1.75
2015.11.12 20:01:51.883,1.00134,1.00147,1.50,1.87
2015.11.12 20:01:51.934,1.00134,1.00147,2.62,1.50
2015.11.12 20:01:51.986,1.00135,1.00147,1.37,1.37
2015.11.12 20:01:52.037,1.00136,1.00153,1.87,3.75
2015.11.12 20:01:52.139,1.00138,1.00152,1.12,1.12
2015.11.12 20:01:52.444,1.00138,1.00153,1.75,1.75
2015.11.12 20:01:53.202,1.00134,1.00151,2.62,1.75
2015.11.12 20:01:53.508,1.00129,1.00145,1.12,1.75
2015.11.12 20:02:21.745,1.00129,1.00146,1.87,1.87
2015.11.12 20:02:21.796,1.00129,1.00145,1.75,1.12
2015.11.12 20:02:59.138,1.00126,1.0014,1.12,2.62
2015.11.12 20:02:59.239,1.00125,1.00137,1.50,1.37
2015.11.12 20:02:59.290,1.00125,1.00137,1.00,1.75
2015.11.12 20:02:59.341,1.00123,1.00135,1.37,1.50
2015.11.12 20:02:59.393,1.0012,1.00132,1.00,1.00
2015.11.12 20:02:59.740,1.00118,1.00134,1.50,1.12
2015.11.12 20:03:00.249,1.00117,1.00133,1.75,1.87
2015.11.12 20:03:00.402,1.00117,1.00129,1.00,1.00
2015.11.12 20:03:00.453,1.00113,1.00129,3.37,1.50
2015.11.12 20:03:01.019,1.00116,1.00133,1.75,1.87
2015.11.12 20:03:02.771,1.00114,1.00128,1.50,1.37
2015.11.12 20:03:02.823,1.00114,1.00128,1.12,1.12
2015.11.12 20:03:02.874,1.00113,1.00126,2.62,1.00
2015.11.12 20:03:03.394,1.00114,1.0013,1.75,1.12
2015.11.12 20:03:05.577,1.00114,1.00128,1.50,1.12
2015.11.12 20:03:05.679,1.00113,1.00127,1.50,1.12
2015.11.12 20:03:05.883,1.00111,1.00126,1.37,6.00
2015.11.12 20:03:06.305,1.00106,1.00123,1.75,1.50
2015.11.12 20:03:06.762,1.00106,1.00121,1.75,1.12
2015.11.12 20:03:06.863,1.00104,1.00121,3.00,1.87
2015.11.12 20:03:07.383,1.00104,1.00121,1.75,3.37
2015.11.12 20:03:09.393,1.00105,1.00121,1.12,3.00
2015.11.12 20:03:10.104,1.00105,1.00121,1.12,3.00
2015.11.12 20:03:10.756,1.00104,1.00121,1.12,3.00
2015.11.12 20:03:30.539,1.00108,1.00123,1.12,1.50
2015.11.12 20:03:34.307,1.0011,1.00125,1.12,3.75
2015.11.12 20:03:34.460,1.00111,1.00123,1.00,1.00
2015.11.12 20:03:34.612,1.0011,1.00125,1.12,3.00
2015.11.12 20:03:34.764,1.00111,1.00123,1.00,1.00
2015.11.12 20:03:34.815,1.0011,1.00125,1.12,1.75
2015.11.12 20:03:35.340,1.00111,1.00128,1.75,3.75
2015.11.12 20:03:46.863,1.00113,1.00128,1.75,2.25
2015.11.12 20:03:54.527,1.00114,1.00128,1.00,1.87
2015.11.12 20:03:54.831,1.00116,1.00131,1.75,2.25
2015.11.12 20:03:55.338,1.00117,1.00132,1.75,1.75
2015.11.12 20:03:56.041,1.00116,1.00131,1.87,1.75
2015.11.12 20:03:56.099,1.00116,1.00131,1.75,1.75
2015.11.12 20:03:57.264,1.00117,1.00128,1.00,1.37
2015.11.12 20:03:57.365,1.00114,1.00127,1.50,1.37
2015.11.12 20:03:57.866,1.00111,1.00125,1.75,1.50
2015.11.12 20:04:00.590,1.00113,1.00127,1.12,2.62
2015.11.12 20:04:01.366,1.00111,1.00124,1.37,1.50
2015.11.12 20:04:01.418,1.0011,1.00121,1.00,1.00
2015.11.12 20:04:01.470,1.00108,1.00122,1.37,3.37
2015.11.12 20:04:01.521,1.00106,1.00121,1.50,1.12
2015.11.12 20:04:02.081,1.00107,1.00119,1.00,1.00
2015.11.12 20:04:02.849,1.00105,1.0012,1.75,1.12
2015.11.12 20:04:03.002,1.00104,1.00118,1.87,1.12
2015.11.12 20:04:03.716,1.00105,1.00118,1.00,1.12
2015.11.12 20:04:04.348,1.00104,1.00119,1.50,1.87
2015.11.12 20:04:05.491,1.00106,1.00119,1.12,1.75
2015.11.12 20:04:05.592,1.00106,1.00119,1.75,1.12
2015.11.12 20:04:06.136,1.00106,1.00122,1.87,2.25
2015.11.12 20:04:06.442,1.00106,1.00119,1.12,1.75
2015.11.12 20:04:06.493,1.00106,1.00119,1.50,1.12
2015.11.12 20:04:07.000,1.00106,1.00122,1.75,2.62
2015.11.12 20:04:07.609,1.00106,1.00122,1.75,2.25
2015.11.12 20:04:08.121,1.00105,1.00122,1.75,2.62
2015.11.12 20:04:08.376,1.00106,1.0012,1.00,1.12
2015.11.12 20:04:08.680,1.00101,1.00118,1.75,2.62
2015.11.12 20:04:10.409,1.001,1.00113,1.12,1.00
2015.11.12 20:04:10.926,1.0009,1.00105,1.75,1.50
2015.11.12 20:04:11.283,1.00088,1.00105,2.25,1.87
2015.11.12 20:04:12.596,1.00089,1.00105,1.75,1.12
2015.11.12 20:04:12.699,1.00089,1.00106,1.87,1.75
2015.11.12 20:04:13.004,1.00091,1.00108,1.12,1.75
2015.11.12 20:04:13.307,1.0009,1.00107,1.12,1.12
2015.11.12 20:04:13.411,1.00089,1.00105,1.50,2.62
2015.11.12 20:04:13.916,1.00086,1.00101,1.87,1.37
2015.11.12 20:04:14.424,1.00084,1.00099,1.12,1.75
2015.11.12 20:04:14.627,1.00087,1.00099,1.00,1.00
2015.11.12 20:04:14.729,1.00085,1.00101,1.12,2.62
2015.11.12 20:04:15.099,1.00089,1.00101,1.12,1.37
2015.11.12 20:04:15.151,1.0009,1.00104,1.12,1.00
2015.11.12 20:04:15.678,1.00091,1.00106,1.12,1.50
2015.11.12 20:04:16.442,1.00092,1.00104,1.75,1.37
2015.11.12 20:04:16.493,1.00087,1.00103,1.87,1.75
2015.11.12 20:04:16.595,1.00087,1.00102,1.75,1.75
2015.11.12 20:04:17.102,1.00086,1.00102,1.12,1.75
2015.11.12 20:04:18.350,1.00088,1.00105,1.87,2.62
2015.11.12 20:04:19.321,1.00088,1.00103,1.12,1.75
2015.11.12 20:04:19.928,1.00084,1.00101,3.37,1.75
2015.11.12 20:04:20.435,1.00085,1.00101,1.50,1.87
2015.11.12 20:04:20.942,1.00084,1.00101,2.62,1.75
2015.11.12 20:04:21.516,1.00084,1.00098,1.12,1.50
2015.11.12 20:04:21.621,1.00083,1.00098,1.75,1.75
2015.11.12 20:04:21.724,1.00083,1.00098,1.37,1.12
2015.11.12 20:04:21.826,1.00081,1.00092,1.50,1.00
2015.11.12 20:04:21.928,1.0008,1.00092,1.12,1.00
2015.11.12 20:04:22.081,1.00081,1.00097,1.12,1.87
2015.11.12 20:04:22.439,1.00086,1.00101,1.87,1.37
2015.11.12 20:04:22.942,1.00087,1.00103,1.12,2.25
2015.11.12 20:04:23.044,1.00085,1.00093,1.12,1.00
2015.11.12 20:04:23.147,1.00081,1.00093,1.12,1.00
2015.11.12 20:04:23.249,1.00081,1.00093,1.00,1.50
2015.11.12 20:04:23.351,1.00077,1.00092,1.87,1.37
2015.11.12 20:04:24.178,1.00072,1.00088,3.37,1.50
2015.11.12 20:04:24.686,1.00072,1.00088,1.75,1.75
2015.11.12 20:04:25.830,1.00072,1.00086,1.87,1.12
2015.11.12 20:04:26.134,1.00073,1.00088,1.12,1.50
2015.11.12 20:04:26.439,1.00079,1.00089,1.12,1.00
2015.11.12 20:04:26.491,1.00079,1.00095,1.12,1.75
2015.11.12 20:04:26.645,1.0008,1.00095,1.50,1.12
2015.11.12 20:04:27.373,1.00081,1.00096,1.75,1.12
2015.11.12 20:04:28.541,1.0008,1.00095,1.12,1.50
2015.11.12 20:04:30.135,1.00082,1.00097,1.12,1.50
2015.11.12 20:04:30.457,1.00085,1.00097,1.12,1.00
2015.11.12 20:04:30.513,1.00086,1.001,1.75,1.50
2015.11.12 20:04:31.234,1.00083,1.00096,1.12,1.37
2015.11.12 20:04:31.286,1.0008,1.00096,1.12,1.75
2015.11.12 20:04:32.068,1.0008,1.00096,1.12,1.75
2015.11.12 20:04:32.119,1.00081,1.00093,1.00,1.00
2015.11.12 20:04:37.467,1.00081,1.00094,1.00,1.75
2015.11.12 20:04:37.974,1.00078,1.00094,1.87,1.75
2015.11.12 20:04:39.294,1.00081,1.00096,1.87,1.50
2015.11.12 20:04:39.599,1.00085,1.00101,1.75,1.75
2015.11.12 20:04:41.067,1.0009,1.00102,1.00,1.50
2015.11.12 20:04:41.453,1.00089,1.00101,1.12,1.00
2015.11.12 20:04:41.967,1.00089,1.001,1.12,1.00
2015.11.12 20:04:42.316,1.00085,1.00098,1.75,1.12
2015.11.12 20:04:42.570,1.00087,1.00098,1.00,1.50
2015.11.12 20:04:42.672,1.0008,1.00095,1.12,1.50
2015.11.12 20:04:42.875,1.00081,1.00093,1.00,1.00
2015.11.12 20:04:43.382,1.00081,1.00092,1.00,1.00
2015.11.12 20:04:43.836,1.00076,1.00091,1.12,1.95
2015.11.12 20:04:44.293,1.0008,1.00092,1.50,1.65
2015.11.12 20:04:44.599,1.0008,1.00092,1.87,1.00
2015.11.12 20:04:44.701,1.00078,1.00092,1.87,1.12
2015.11.12 20:04:44.904,1.00076,1.00092,1.75,1.75
2015.11.12 20:04:45.479,1.00076,1.00093,2.62,1.75
2015.11.12 20:04:45.783,1.00074,1.00086,1.00,1.00
2015.11.12 20:04:45.885,1.00073,1.00088,1.75,1.50
2015.11.12 20:04:45.987,1.00075,1.00086,1.00,1.12
2015.11.12 20:04:46.038,1.00075,1.00084,1.00,1.00
2015.11.12 20:04:46.089,1.00073,1.00084,1.12,1.00
2015.11.12 20:04:46.596,1.00073,1.00085,1.00,1.00
2015.11.12 20:04:47.262,1.00078,1.00089,1.12,1.50
2015.11.12 20:04:47.313,1.00078,1.00094,1.12,1.75
2015.11.12 20:04:47.517,1.00081,1.00097,1.75,1.75
2015.11.12 20:04:48.025,1.00081,1.00097,1.87,1.75
2015.11.12 20:04:48.759,1.00081,1.00095,1.37,1.50
2015.11.12 20:04:48.810,1.00079,1.00095,1.75,1.75
2015.11.12 20:04:49.523,1.00081,1.00097,1.75,1.75
2015.11.12 20:04:49.625,1.00085,1.00097,1.00,1.50
2015.11.12 20:04:51.610,1.00082,1.00099,3.37,1.75
2015.11.12 20:04:52.151,1.00083,1.00099,1.87,1.75
2015.11.12 20:04:52.931,1.00084,1.001,1.12,1.75
2015.11.12 20:04:55.481,1.00083,1.00097,1.87,1.00
2015.11.12 20:04:55.989,1.00082,1.00099,3.37,1.75
2015.11.12 20:04:58.448,1.00082,1.00099,3.37,1.87
2015.11.12 20:04:58.550,1.00082,1.00098,1.75,1.87
2015.11.12 20:04:58.854,1.00083,1.00098,1.87,1.37
2015.11.12 20:04:59.164,1.00084,1.00098,1.12,1.12
2015.11.12 20:04:59.830,1.00083,1.00099,1.12,1.75
2015.11.12 20:04:59.932,1.00081,1.00095,1.12,1.00
2015.11.12 20:05:00.701,1.0008,1.00095,1.87,1.50
2015.11.12 20:05:00.752,1.00082,1.00098,1.87,1.75
2015.11.12 20:05:01.159,1.00085,1.00099,1.12,1.37
2015.11.12 20:05:01.261,1.00086,1.00099,1.87,1.00
2015.11.12 20:05:02.102,1.00086,1.00103,2.62,2.25
2015.11.12 20:05:03.076,1.00087,1.00103,2.62,1.50
2015.11.12 20:05:03.127,1.00088,1.00103,1.87,1.50
2015.11.12 20:05:06.977,1.0009,1.00107,3.37,1.75
2015.11.12 20:05:13.095,1.00091,1.00105,1.12,1.00
2015.11.12 20:05:29.987,1.0009,1.00106,1.87,1.75
2015.11.12 20:05:30.089,1.00092,1.00104,1.00,1.00
2015.11.12 20:05:30.191,1.0009,1.00107,2.62,1.75
2015.11.12 20:05:30.907,1.00089,1.00103,1.12,1.12
2015.11.12 20:05:33.827,1.0009,1.00106,1.12,1.75
2015.11.12 20:05:36.113,1.00091,1.00107,1.12,1.75
2015.11.12 20:05:36.417,1.00089,1.00105,1.87,1.75
2015.11.12 20:05:46.954,1.00088,1.00104,1.87,1.75
2015.11.12 20:05:53.927,1.00091,1.00106,1.12,1.37
2015.11.12 20:06:02.887,1.00099,1.00111,1.00,1.00
2015.11.12 20:06:02.939,1.00097,1.00114,1.12,1.75
2015.11.12 20:06:04.638,1.00099,1.00111,1.00,1.00
2015.11.12 20:06:09.657,1.00096,1.00108,1.50,1.00
2015.11.12 20:06:10.171,1.00096,1.00111,1.75,1.75
2015.11.12 20:06:11.140,1.00096,1.0011,1.37,1.75
2015.11.12 20:06:11.191,1.00096,1.0011,1.12,1.87
2015.11.12 20:06:13.864,1.00093,1.00108,1.12,1.50
2015.11.12 20:06:13.966,1.00091,1.00106,1.75,3.00
2015.11.12 20:06:14.272,1.0009,1.00103,1.00,1.75
2015.11.12 20:06:20.220,1.00088,1.00102,1.75,1.37
2015.11.12 20:06:22.077,1.00087,1.00104,1.12,2.62
2015.11.12 20:06:22.129,1.00086,1.00103,2.25,1.87
2015.11.12 20:06:23.050,1.00086,1.001,1.50,1.75
2015.11.12 20:06:23.102,1.00086,1.00101,1.50,1.12
2015.11.12 20:06:46.881,1.00086,1.00098,1.50,1.00
2015.11.12 20:06:52.779,1.00084,1.00098,1.12,1.50
2015.11.12 20:06:52.881,1.00083,1.00097,1.75,1.50
2015.11.12 20:06:52.982,1.00083,1.00095,1.50,1.50
2015.11.12 20:06:53.703,1.00079,1.00095,2.25,1.50
2015.11.12 20:06:56.374,1.00081,1.00095,1.37,1.00
2015.11.12 20:06:58.110,1.00081,1.00098,1.87,1.87
2015.11.12 20:06:58.415,1.00081,1.00096,1.37,1.12
2015.11.12 20:07:01.660,1.00079,1.00097,1.87,2.62
2015.11.12 20:07:03.416,1.0008,1.00096,1.75,1.87
2015.11.12 20:07:03.923,1.0008,1.00096,1.75,1.75
2015.11.12 20:07:04.691,1.00083,1.00098,1.87,1.87
2015.11.12 20:07:04.742,1.00086,1.00098,1.00,1.50
2015.11.12 20:07:04.794,1.00085,1.00098,1.87,1.12
2015.11.12 20:07:05.300,1.00085,1.00103,2.62,1.87
2015.11.12 20:07:05.808,1.00087,1.00105,1.75,1.87
2015.11.12 20:07:06.321,1.0009,1.00102,1.00,1.00
2015.11.12 20:07:17.560,1.0009,1.00107,1.75,1.87
2015.11.12 20:07:18.085,1.00094,1.00106,1.00,1.00
2015.11.12 20:07:19.761,1.0009,1.00106,1.12,1.75
2015.11.12 20:07:30.087,1.00096,1.00107,1.00,1.75
2015.11.12 20:07:30.139,1.00097,1.00114,1.87,1.75
2015.11.12 20:07:44.609,1.00097,1.00114,1.75,1.87
2015.11.12 20:07:44.979,1.00099,1.00115,1.12,1.50
2015.11.12 20:07:45.385,1.001,1.00112,1.00,1.00
2015.11.12 20:07:46.911,1.00098,1.00112,1.12,1.50
2015.11.12 20:07:47.417,1.00099,1.00117,3.37,1.87
2015.11.12 20:07:52.344,1.00101,1.00117,1.87,2.25
2015.11.12 20:07:54.812,1.00106,1.00118,1.50,1.50
2015.11.12 20:07:55.117,1.0011,1.00125,1.12,2.25
2015.11.12 20:07:59.149,1.00112,1.00127,1.75,2.25
2015.11.12 20:08:01.331,1.00116,1.00128,1.00,1.00
2015.11.12 20:08:03.020,1.00114,1.00129,1.37,1.12
2015.11.12 20:08:03.425,1.00113,1.00127,1.37,1.00
2015.11.12 20:08:03.628,1.00114,1.00126,1.00,1.00
2015.11.12 20:08:03.730,1.00113,1.00128,1.12,2.25
2015.11.12 20:08:03.832,1.00114,1.00131,1.87,1.12
2015.11.12 20:08:03.933,1.00117,1.00132,4.87,1.87
2015.11.12 20:08:04.576,1.00119,1.00134,1.12,2.25
2015.11.12 20:08:10.968,1.00122,1.00134,1.00,1.50
2015.11.12 20:08:19.094,1.00117,1.00131,1.12,1.37
2015.11.12 20:08:19.145,1.00115,1.00129,1.87,1.12
2015.11.12 20:08:19.196,1.00114,1.00126,1.12,1.00
2015.11.12 20:08:19.429,1.00112,1.00125,1.12,1.12
2015.11.12 20:08:24.302,1.0011,1.00125,1.12,1.37
2015.11.12 20:08:24.353,1.00108,1.00124,1.87,1.75
2015.11.12 20:08:24.506,1.00108,1.00124,1.75,2.62
2015.11.12 20:08:24.608,1.00105,1.00122,1.87,2.25
2015.11.12 20:08:25.114,1.00104,1.00121,1.12,2.25
2015.11.12 20:08:27.530,1.00104,1.00117,1.12,1.00
2015.11.12 20:08:27.582,1.00102,1.00117,1.12,1.50
2015.11.12 20:08:27.928,1.00101,1.00117,1.75,1.87
2015.11.12 20:08:46.922,1.001,1.00116,1.87,1.75
2015.11.12 20:09:23.438,1.00101,1.00117,1.12,1.50
2015.11.12 20:09:23.494,1.00105,1.00117,1.00,1.00
2015.11.12 20:09:23.647,1.00103,1.0012,1.87,1.87
2015.11.12 20:09:23.952,1.00107,1.00121,1.75,1.37
2015.11.12 20:09:24.004,1.00107,1.00121,1.87,1.12
2015.11.12 20:09:31.489,1.00108,1.00122,1.87,1.37
2015.11.12 20:09:31.853,1.00109,1.00123,1.12,1.12
2015.11.12 20:09:34.137,1.0011,1.00123,1.12,1.00
2015.11.12 20:09:34.825,1.0011,1.00124,1.12,1.12
2015.11.12 20:09:42.798,1.00111,1.00126,1.87,1.37
2015.11.12 20:09:42.849,1.00115,1.00126,1.00,1.00
2015.11.12 20:09:42.900,1.00114,1.0013,1.75,1.75
2015.11.12 20:09:43.407,1.00113,1.00126,1.12,1.00
2015.11.12 20:09:43.913,1.00112,1.00127,1.12,1.50
2015.11.12 20:09:52.295,1.00111,1.00124,1.50,1.50
2015.11.12 20:09:52.599,1.00108,1.00121,1.12,1.00
2015.11.12 20:09:54.324,1.00103,1.00117,1.87,1.12
2015.11.12 20:10:02.051,1.00103,1.00116,1.12,1.00
2015.11.12 20:10:02.103,1.00105,1.00116,1.00,1.00
2015.11.12 20:10:02.609,1.00105,1.00117,1.00,1.50
2015.11.12 20:10:03.370,1.00103,1.00117,1.87,1.00
2015.11.12 20:10:03.674,1.00106,1.0012,1.12,1.50
2015.11.12 20:10:04.350,1.00105,1.00119,1.87,1.12
2015.11.12 20:10:05.687,1.00105,1.0012,1.12,1.12
2015.11.12 20:10:10.922,1.0011,1.00124,1.12,1.00
2015.11.12 20:10:11.633,1.00114,1.00126,1.00,2.25
2015.11.12 20:10:26.914,1.00111,1.00126,1.12,1.50
2015.11.12 20:10:32.292,1.00112,1.00124,1.00,1.00
2015.11.12 20:10:32.347,1.00103,1.00118,1.75,3.00
2015.11.12 20:10:33.414,1.00103,1.00116,1.00,1.37
2015.11.12 20:10:36.271,1.001,1.00113,1.12,1.00
2015.11.12 20:10:37.108,1.001,1.00115,1.87,1.87
2015.11.12 20:10:37.459,1.00102,1.00116,1.37,1.00
2015.11.12 20:10:37.764,1.00104,1.00119,1.12,1.50
2015.11.12 20:10:39.308,1.00103,1.00115,1.37,1.12
2015.11.12 20:10:39.361,1.00103,1.00115,1.00,1.50
2015.11.12 20:10:46.863,1.00103,1.00115,1.00,1.50
2015.11.12 20:10:58.792,1.00099,1.00112,1.12,1.00
2015.11.12 20:10:59.456,1.00099,1.00114,1.12,1.50
2015.11.12 20:11:06.852,1.00099,1.00114,1.12,1.12
2015.11.12 20:11:07.376,1.00099,1.00113,1.12,1.00
2015.11.12 20:11:09.963,1.00101,1.00113,1.12,1.00
2015.11.12 20:11:10.361,1.00104,1.0012,1.12,1.87
2015.11.12 20:11:10.412,1.00105,1.00121,1.12,2.25
2015.11.12 20:11:16.081,1.00106,1.00121,1.12,1.50
2015.11.12 20:11:18.372,1.00107,1.00121,1.12,1.50
2015.11.12 20:11:18.474,1.00109,1.00124,1.12,1.50
2015.11.12 20:11:18.982,1.0011,1.00125,1.12,1.37
2015.11.12 20:11:19.750,1.00115,1.00126,1.00,1.00
2015.11.12 20:11:19.903,1.00113,1.00128,1.12,1.50
2015.11.12 20:11:20.310,1.00115,1.0013,1.12,1.50
2015.11.12 20:11:30.575,1.00115,1.00128,1.12,1.12
2015.11.12 20:11:30.627,1.00113,1.00128,1.12,1.50
2015.11.12 20:11:39.310,1.00114,1.00127,1.12,1.00
2015.11.12 20:11:39.862,1.00114,1.0013,1.12,2.25
2015.11.12 20:11:40.520,1.00116,1.0013,1.12,1.50
2015.11.12 20:11:41.057,1.00116,1.0013,1.12,1.12
2015.11.12 20:11:42.032,1.00119,1.0013,1.00,1.37
2015.11.12 20:11:43.452,1.00118,1.00129,1.00,1.37
2015.11.12 20:11:44.022,1.00114,1.00129,1.75,1.75
2015.11.12 20:11:48.567,1.00115,1.0013,1.12,1.75
2015.11.12 20:11:49.109,1.00115,1.0013,1.12,1.50
2015.11.12 20:11:50.443,1.00114,1.0013,1.12,2.25
2015.11.12 20:11:50.596,1.0011,1.00126,1.87,1.75
2015.11.12 20:11:53.046,1.00113,1.00127,1.37,1.50
2015.11.12 20:11:53.148,1.00114,1.00127,1.12,1.00
2015.11.12 20:11:53.658,1.00118,1.00131,1.00,2.25
2015.11.12 20:11:53.862,1.00116,1.0013,1.12,1.00
2015.11.12 20:11:54.369,1.00115,1.00131,1.12,2.25
2015.11.12 20:11:55.735,1.00114,1.00129,1.12,1.50
2015.11.12 20:11:56.276,1.00118,1.00129,1.00,1.00
2015.11.12 20:11:58.271,1.00116,1.0013,1.12,1.00
2015.11.12 20:11:58.575,1.0012,1.00134,1.12,1.12
2015.11.12 20:12:04.279,1.00123,1.00135,1.00,2.25
2015.11.12 20:12:05.091,1.00118,1.00132,1.12,1.37
2015.11.12 20:12:05.647,1.00117,1.00132,1.12,1.50
2015.11.12 20:12:13.273,1.0012,1.00132,1.00,1.50
2015.11.12 20:12:13.577,1.00115,1.00128,1.12,1.00
2015.11.12 20:12:14.320,1.00114,1.00123,1.00,1.75
2015.11.12 20:12:14.376,1.00108,1.00123,1.75,1.75
2015.11.12 20:12:15.206,1.00108,1.00122,1.87,1.00
2015.11.12 20:12:15.962,1.00108,1.00122,1.37,2.25
2015.11.12 20:12:16.013,1.00107,1.0012,1.00,1.75
2015.11.12 20:12:16.523,1.00102,1.00119,1.75,1.75
2015.11.12 20:12:19.695,1.00107,1.00119,1.37,1.12
2015.11.12 20:12:19.849,1.00107,1.00124,1.12,2.25
2015.11.12 20:12:20.357,1.00108,1.00123,1.87,1.50
2015.11.12 20:12:20.611,1.00106,1.00119,1.50,1.37
2015.11.12 20:12:20.662,1.00106,1.00118,1.00,1.00
2015.11.12 20:12:20.714,1.00102,1.00118,1.12,1.37
2015.11.12 20:12:20.765,1.001,1.00118,2.62,1.12
2015.11.12 20:12:21.166,1.00105,1.00121,3.75,4.12
2015.11.12 20:12:21.218,1.00106,1.00122,1.12,1.37
2015.11.12 20:12:21.269,1.00104,1.00122,2.62,1.12
2015.11.12 20:12:21.422,1.00104,1.00118,1.75,1.37
2015.11.12 20:12:21.930,1.00104,1.00118,1.75,1.75
2015.11.12 20:12:22.580,1.00102,1.00115,1.87,1.00
2015.11.12 20:12:23.190,1.00105,1.00115,1.37,1.00
2015.11.12 20:12:23.394,1.00105,1.00121,1.87,1.75
2015.11.12 20:12:25.007,1.00108,1.00124,1.37,1.12
2015.11.12 20:12:25.210,1.00108,1.00125,1.12,1.75
2015.11.12 20:12:29.951,1.00108,1.0012,1.12,1.00
2015.11.12 20:12:30.207,1.00104,1.00118,1.87,1.00
2015.11.12 20:12:30.308,1.00106,1.00119,1.12,1.12
2015.11.12 20:12:30.647,1.00104,1.00118,1.75,1.75
2015.11.12 20:12:35.370,1.00102,1.00115,1.12,1.00
2015.11.12 20:12:35.523,1.001,1.00115,1.12,1.50
2015.11.12 20:12:48.270,1.00096,1.0011,1.87,1.12
2015.11.12 20:12:49.674,1.001,1.00112,1.00,1.50
2015.11.12 20:12:50.666,1.00098,1.00114,1.12,1.50
2015.11.12 20:12:59.556,1.001,1.00115,1.75,1.75
2015.11.12 20:13:00.086,1.00102,1.00118,1.12,3.00
2015.11.12 20:13:41.947,1.00103,1.00117,1.12,1.00
2015.11.12 20:13:45.087,1.00103,1.00116,1.12,1.00
2015.11.12 20:13:45.610,1.00103,1.00115,1.12,1.00
2015.11.12 20:13:46.872,1.00106,1.00115,1.00,1.00
2015.11.12 20:14:00.035,1.00102,1.00116,1.12,1.12
2015.11.12 20:14:03.427,1.00103,1.00116,1.12,1.00
2015.11.12 20:14:03.970,1.00109,1.00123,1.12,1.12
2015.11.12 20:14:05.019,1.00112,1.00123,1.00,1.87
2015.11.12 20:14:06.722,1.0011,1.00123,1.12,1.12
2015.11.12 20:14:06.976,1.00112,1.00123,1.00,1.00
2015.11.12 20:14:15.240,1.0011,1.00123,1.75,1.00
2015.11.12 20:14:15.715,1.00117,1.00125,1.75,1.00
2015.11.12 20:14:15.766,1.00119,1.00135,1.12,2.25
2015.11.12 20:14:19.503,1.0012,1.00135,1.12,1.50
2015.11.12 20:14:19.656,1.00122,1.00136,1.12,1.12
2015.11.12 20:14:20.079,1.00122,1.00134,1.12,1.00
2015.11.12 20:14:20.181,1.00122,1.00136,1.12,1.12
2015.11.12 20:14:20.954,1.00123,1.00136,1.12,1.00
2015.11.12 20:14:21.057,1.00121,1.00136,1.12,1.50
2015.11.12 20:14:23.434,1.00119,1.00135,1.87,4.50
2015.11.12 20:14:23.485,1.00119,1.00133,1.12,1.12
2015.11.12 20:14:27.735,1.00116,1.00131,1.75,1.12
2015.11.12 20:14:28.039,1.00115,1.00129,2.25,1.37
2015.11.12 20:14:28.810,1.00112,1.00121,1.00,1.00
2015.11.12 20:14:28.861,1.0011,1.00121,1.00,1.00
2015.11.12 20:14:31.219,1.00109,1.00121,2.25,1.00
2015.11.12 20:14:32.449,1.00109,1.00123,1.50,1.12
2015.11.12 20:14:42.963,1.00109,1.0012,1.50,1.00
2015.11.12 20:14:44.583,1.00109,1.00121,2.62,1.00
2015.11.12 20:14:45.004,1.00115,1.00126,1.12,1.87
2015.11.12 20:14:45.055,1.00115,1.00129,2.62,1.12
2015.11.12 20:14:45.157,1.00115,1.00127,1.00,1.12
2015.11.12 20:14:45.209,1.00113,1.00127,1.00,1.12
2015.11.12 20:14:45.564,1.0011,1.00124,3.00,1.12
2015.11.12 20:14:46.071,1.00111,1.00125,1.37,1.87
2015.11.12 20:14:46.773,1.0011,1.00125,1.50,1.87
2015.11.12 20:14:59.129,1.00108,1.00124,2.62,1.12
2015.11.12 20:14:59.181,1.00108,1.00123,2.25,1.12
2015.11.12 20:15:08.632,1.00107,1.00122,1.87,1.12
2015.11.12 20:15:12.041,1.00107,1.00121,1.50,1.12
2015.11.12 20:15:12.483,1.00105,1.00112,1.12,1.37
2015.11.12 20:15:12.534,1.00101,1.00112,1.00,2.62
2015.11.12 20:15:12.941,1.00097,1.00111,1.12,1.12
2015.11.12 20:15:13.247,1.00098,1.00112,1.50,1.12
2015.11.12 20:15:13.298,1.00098,1.00114,1.75,1.87
2015.11.12 20:15:14.362,1.00107,1.00119,1.87,1.37
2015.11.12 20:15:14.413,1.00107,1.00121,1.87,1.12
2015.11.12 20:15:14.464,1.00107,1.00121,2.25,1.37
2015.11.12 20:15:14.515,1.00107,1.00123,2.25,1.12
2015.11.12 20:15:19.131,1.00109,1.00125,1.75,1.87
2015.11.12 20:15:29.608,1.00109,1.00124,1.37,1.87
2015.11.12 20:15:29.659,1.00109,1.0012,1.00,1.00
2015.11.12 20:15:29.761,1.00113,1.00124,1.00,1.75
2015.11.12 20:15:29.863,1.00112,1.00127,1.37,1.12
2015.11.12 20:15:31.327,1.0011,1.00126,2.25,1.12
2015.11.12 20:15:32.510,1.0011,1.00125,1.50,1.87
2015.11.12 20:15:33.514,1.00112,1.00125,1.00,1.12
2015.11.12 20:15:33.565,1.00114,1.00122,1.50,1.00
2015.11.12 20:15:34.013,1.00115,1.00131,3.00,1.12
2015.11.12 20:15:34.069,1.00115,1.00131,3.00,1.12
2015.11.12 20:15:34.615,1.00116,1.00132,1.75,1.12
2015.11.12 20:15:38.985,1.0012,1.00132,1.00,1.00
2015.11.12 20:15:44.576,1.00122,1.00132,1.00,1.00
2015.11.12 20:15:44.882,1.00126,1.00138,2.25,1.00
2015.11.12 20:15:45.188,1.00128,1.00142,1.37,1.12
2015.11.12 20:15:45.241,1.00128,1.00144,1.75,1.12
2015.11.12 20:15:47.130,1.00128,1.00143,1.50,1.12
2015.11.12 20:15:49.043,1.00125,1.00137,1.00,1.12
2015.11.12 20:15:49.158,1.00122,1.00137,1.37,1.12
2015.11.12 20:15:49.971,1.00122,1.00136,1.12,1.12
2015.11.12 20:16:00.379,1.00123,1.00136,1.00,1.12
2015.11.12 20:16:00.534,1.00126,1.00138,1.00,1.87
2015.11.12 20:16:00.637,1.00128,1.00141,1.00,1.12
2015.11.12 20:16:00.739,1.00128,1.00143,1.50,1.12
2015.11.12 20:16:01.101,1.00128,1.00145,1.75,1.75
2015.11.12 20:16:02.337,1.00125,1.00141,1.75,2.25
2015.11.12 20:16:02.734,1.00122,1.00138,1.75,1.12
2015.11.12 20:16:03.328,1.00121,1.00136,1.37,1.12
2015.11.12 20:16:03.835,1.00121,1.00135,1.00,1.12
2015.11.12 20:16:04.951,1.00119,1.00136,2.62,1.75
2015.11.12 20:16:05.357,1.00125,1.0014,1.50,1.12
2015.11.12 20:16:05.458,1.00129,1.00141,1.00,1.00
2015.11.12 20:16:06.070,1.0013,1.00142,1.00,1.00
2015.11.12 20:16:15.402,1.00132,1.00142,1.00,1.00
2015.11.12 20:16:15.932,1.00138,1.00147,1.00,1.12
2015.11.12 20:16:15.985,1.00138,1.00151,1.00,1.12
2015.11.12 20:16:16.798,1.00137,1.00151,1.12,1.12
2015.11.12 20:16:18.887,1.00136,1.00149,1.00,1.87
2015.11.12 20:16:18.988,1.00132,1.00147,1.50,1.12
2015.11.12 20:16:24.682,1.00132,1.00146,1.12,1.12
2015.11.12 20:16:27.764,1.00127,1.00139,2.25,1.00
2015.11.12 20:16:28.271,1.00127,1.00142,2.25,1.12
2015.11.12 20:16:28.879,1.00127,1.00144,2.25,1.12
2015.11.12 20:16:29.928,1.00129,1.0014,1.50,1.00
2015.11.12 20:16:30.502,1.00128,1.0014,1.00,1.00
2015.11.12 20:16:31.775,1.00128,1.00144,1.50,1.12
2015.11.12 20:16:32.283,1.0013,1.00144,1.87,1.12
2015.11.12 20:16:33.220,1.00132,1.00144,1.00,1.12
2015.11.12 20:16:33.544,1.00134,1.00146,1.12,4.12
2015.11.12 20:16:33.595,1.00134,1.00151,1.37,1.87
2015.11.12 20:16:34.282,1.00134,1.0015,1.12,1.37
2015.11.12 20:16:35.503,1.00136,1.0015,1.00,1.37
2015.11.12 20:16:36.025,1.00136,1.00151,1.50,1.12
2015.11.12 20:16:38.310,1.00136,1.00149,1.00,1.12
2015.11.12 20:16:38.820,1.00134,1.00149,1.50,1.12
2015.11.12 20:16:40.325,1.00136,1.00149,1.00,1.12
2015.11.12 20:16:40.427,1.00136,1.00151,1.50,1.12
2015.11.12 20:16:45.075,1.00137,1.00153,2.25,1.75
2015.11.12 20:16:46.976,1.00137,1.00153,1.75,1.12
2015.11.12 20:16:49.962,1.00137,1.00149,1.50,1.00
2015.11.12 20:16:53.417,1.00138,1.00149,1.00,1.00
2015.11.12 20:16:59.281,1.00137,1.00149,2.25,1.00
2015.11.12 20:17:07.133,1.00137,1.00152,1.50,1.12
2015.11.12 20:17:08.133,1.00139,1.00153,1.37,1.12
2015.11.12 20:17:08.678,1.00139,1.00154,1.50,4.12
2015.11.12 20:17:38.608,1.00136,1.00152,1.87,1.87
2015.11.12 20:17:38.659,1.00136,1.00151,1.50,1.12
2015.11.12 20:17:38.963,1.00136,1.00149,1.00,1.12
2015.11.12 20:17:39.470,1.00134,1.00149,1.50,1.12
2015.11.12 20:17:40.490,1.00134,1.00148,1.00,5.62
2015.11.12 20:17:40.796,1.00131,1.00145,1.12,1.12
2015.11.12 20:17:41.979,1.00129,1.00146,3.37,1.12
2015.11.12 20:17:42.856,1.00132,1.00147,1.50,1.87
2015.11.12 20:17:44.598,1.00133,1.00148,1.75,5.25
2015.11.12 20:17:46.781,1.00134,1.00147,1.00,3.75
2015.11.12 20:17:49.851,1.00132,1.00148,1.87,4.50
2015.11.12 20:17:50.358,1.00132,1.00148,1.87,1.75
2015.11.12 20:17:52.324,1.00134,1.0015,1.12,1.75
2015.11.12 20:17:53.369,1.00134,1.0015,1.12,1.75
2015.11.12 20:17:54.874,1.00133,1.00149,1.75,1.75
2015.11.12 20:17:57.349,1.00131,1.00143,1.75,1.37
2015.11.12 20:17:57.415,1.00128,1.0014,1.00,1.00
2015.11.12 20:18:00.633,1.00128,1.00139,1.00,1.00
2015.11.12 20:18:01.139,1.00128,1.0014,1.00,1.50
2015.11.12 20:18:06.222,1.00127,1.00143,1.75,1.75
2015.11.12 20:18:06.828,1.00129,1.00144,1.75,1.75
2015.11.12 20:18:07.133,1.00126,1.00144,3.00,1.87
2015.11.12 20:18:08.684,1.00128,1.0014,1.00,1.00
2015.11.12 20:18:09.938,1.00129,1.00141,1.00,1.00
2015.11.12 20:18:11.645,1.00129,1.00145,1.75,2.25
2015.11.12 20:18:17.054,1.0013,1.00146,1.75,2.25
2015.11.12 20:18:24.159,1.00128,1.00145,1.87,1.75
2015.11.12 20:18:26.968,1.00129,1.00145,1.75,2.62
2015.11.12 20:18:38.778,1.00129,1.00144,1.37,1.87
2015.11.12 20:18:39.122,1.00129,1.00141,1.00,1.12
2015.11.12 20:18:39.173,1.00124,1.00141,1.75,1.12
2015.11.12 20:18:39.681,1.00122,1.00138,2.25,1.12
2015.11.12 20:18:41.297,1.00125,1.00137,1.00,1.00
2015.11.12 20:18:53.600,1.00125,1.00138,1.00,1.75
2015.11.12 20:18:53.976,1.00123,1.00135,1.37,1.50
2015.11.12 20:18:54.033,1.00117,1.00135,3.37,1.87
2015.11.12 20:18:54.185,1.00119,1.00135,1.00,2.62
2015.11.12 20:18:56.775,1.00119,1.00133,1.50,1.12
2015.11.12 20:18:57.079,1.00119,1.00134,1.37,1.12
2015.11.12 20:18:57.924,1.00121,1.00136,1.50,1.12
2015.11.12 20:19:01.985,1.00121,1.00137,1.75,1.12
2015.11.12 20:19:08.112,1.00122,1.00137,1.50,1.75
2015.11.12 20:19:08.213,1.00122,1.00136,3.00,1.00
2015.11.12 20:19:12.132,1.00125,1.00141,1.75,1.12
2015.11.12 20:19:12.183,1.00128,1.0014,1.00,1.00
2015.11.12 20:19:12.235,1.00127,1.00144,1.12,1.87
2015.11.12 20:19:12.744,1.00128,1.00144,1.75,1.87
2015.11.12 20:19:13.301,1.00131,1.00144,1.00,1.12
2015.11.12 20:19:13.353,1.00131,1.00146,1.50,1.12
2015.11.12 20:19:13.730,1.00133,1.00148,1.50,1.12
2015.11.12 20:19:21.602,1.00134,1.00149,1.50,1.12
2015.11.12 20:19:30.169,1.00132,1.00147,1.75,1.87
2015.11.12 20:19:30.685,1.0013,1.00147,1.87,1.75
2015.11.12 20:19:34.464,1.00134,1.00146,1.00,1.00
2015.11.12 20:19:35.781,1.00133,1.00148,1.50,1.12
2015.11.12 20:19:41.582,1.00133,1.00147,1.00,1.12
2015.11.12 20:20:06.934,1.00132,1.00144,1.00,1.00
2015.11.12 20:20:15.874,1.00128,1.00145,1.87,1.12
2015.11.12 20:20:16.452,1.0013,1.00145,1.50,1.12
2015.11.12 20:20:28.077,1.00132,1.00145,1.00,1.87
2015.11.12 20:20:28.280,1.00132,1.00148,1.75,1.12
2015.11.12 20:20:28.382,1.00132,1.00149,1.87,1.75
2015.11.12 20:20:31.007,1.00131,1.00149,3.37,1.12
2015.11.12 20:20:31.719,1.0013,1.00148,1.12,1.87
2015.11.12 20:20:32.277,1.0013,1.00146,1.12,1.75
2015.11.12 20:20:32.328,1.00129,1.00146,1.12,1.87
2015.11.12 20:20:42.665,1.00129,1.00146,1.12,1.87
2015.11.12 20:20:42.716,1.00132,1.00146,1.75,1.75
2015.11.12 20:20:42.971,1.00132,1.00148,2.62,1.37
2015.11.12 20:20:43.022,1.00133,1.00149,1.12,1.75
2015.11.12 20:20:43.680,1.00133,1.00149,1.12,1.75
2015.11.12 20:20:44.376,1.00131,1.00149,1.12,2.62
2015.11.12 20:20:51.968,1.00133,1.00149,1.12,1.37
2015.11.12 20:20:52.019,1.00134,1.00151,1.87,2.25
2015.11.12 20:20:58.450,1.00134,1.0015,1.12,1.75
2015.11.12 20:20:58.503,1.00132,1.00147,1.12,1.87
2015.11.12 20:20:58.554,1.0013,1.00146,1.12,1.12
2015.11.12 20:20:59.316,1.00129,1.00145,1.12,1.75
2015.11.12 20:20:59.965,1.00129,1.00142,1.12,1.00
2015.11.12 20:21:00.067,1.00127,1.00142,1.12,1.37
2015.11.12 20:21:00.169,1.00126,1.00143,1.75,1.12
2015.11.12 20:21:00.473,1.00128,1.00144,1.12,1.12
2015.11.12 20:21:03.490,1.00127,1.00145,1.12,3.00
2015.11.12 20:21:03.592,1.00126,1.00143,1.87,2.25
2015.11.12 20:21:04.468,1.00128,1.00144,1.12,1.75
2015.11.12 20:21:06.857,1.00128,1.00144,1.75,1.75
2015.11.12 20:21:07.414,1.00128,1.00144,1.87,1.50
2015.11.12 20:21:07.466,1.00129,1.00144,1.12,1.50
2015.11.12 20:21:10.090,1.00127,1.0014,1.12,1.37
2015.11.12 20:21:10.142,1.00127,1.00138,1.00,1.00
2015.11.12 20:21:10.294,1.00122,1.00138,1.12,3.37
2015.11.12 20:21:10.346,1.0012,1.00138,1.12,3.37
2015.11.12 20:21:13.777,1.00125,1.00141,1.75,3.00
2015.11.12 20:21:17.053,1.00123,1.00139,1.12,2.25
2015.11.12 20:21:17.361,1.00125,1.00141,1.12,1.75
2015.11.12 20:21:17.867,1.00124,1.00141,1.12,1.75
2015.11.12 20:21:34.224,1.00124,1.00139,1.75,1.50
2015.11.12 20:21:34.326,1.00122,1.00137,1.75,1.50
2015.11.12 20:21:34.377,1.00122,1.00137,1.50,1.75
2015.11.12 20:21:34.936,1.00122,1.00135,1.00,1.37
2015.11.12 20:21:35.038,1.0012,1.00132,1.00,1.00
2015.11.12 20:21:35.140,1.00115,1.00133,1.87,1.87
2015.11.12 20:21:36.006,1.00118,1.00135,1.12,2.25
2015.11.12 20:21:42.214,1.00121,1.00137,1.12,1.12
2015.11.12 20:21:42.519,1.00127,1.0014,1.00,1.75
2015.11.12 20:21:52.433,1.00122,1.00137,1.12,1.37
2015.11.12 20:21:52.485,1.0012,1.00137,3.37,1.75
2015.11.12 20:21:55.352,1.00122,1.00139,1.12,2.62
2015.11.12 20:21:55.454,1.00123,1.00137,1.12,1.00
2015.11.12 20:21:55.555,1.00122,1.00137,1.12,1.37
2015.11.12 20:21:56.105,1.00121,1.00137,1.12,1.75
2015.11.12 20:21:57.766,1.00123,1.00137,1.87,1.50
2015.11.12 20:21:58.272,1.00123,1.00141,1.87,2.62
2015.11.12 20:22:07.268,1.00126,1.00138,1.00,1.50
2015.11.12 20:22:07.876,1.00123,1.0014,1.75,2.25
2015.11.12 20:22:08.410,1.00126,1.00138,1.00,1.00
2015.11.12 20:22:09.676,1.00122,1.00137,1.12,1.37
2015.11.12 20:22:10.350,1.00121,1.00137,1.12,2.25
2015.11.12 20:22:10.665,1.00119,1.00135,1.12,1.75
2015.11.12 20:22:13.110,1.00118,1.00135,1.87,2.25
2015.11.12 20:22:15.568,1.0012,1.00135,1.12,1.75
2015.11.12 20:22:15.823,1.00124,1.00139,1.12,1.50
2015.11.12 20:22:16.217,1.00128,1.0014,1.00,1.12
2015.11.12 20:22:16.471,1.00124,1.0014,1.87,1.37
2015.11.12 20:22:16.992,1.00123,1.0014,1.87,1.75
2015.11.12 20:22:22.200,1.00127,1.00142,2.25,1.37
2015.11.12 20:22:22.254,1.00127,1.00144,2.25,1.37
2015.11.12 20:22:27.906,1.00127,1.00144,1.50,1.37
2015.11.12 20:22:29.035,1.00129,1.00145,1.12,2.25
2015.11.12 20:22:29.542,1.0013,1.00145,1.12,1.50
2015.11.12 20:22:29.846,1.00128,1.00145,1.12,1.75
2015.11.12 20:22:30.589,1.00129,1.00145,1.12,1.75
2015.11.12 20:22:32.114,1.0013,1.00144,1.12,1.00
2015.11.12 20:22:36.542,1.00129,1.00146,1.12,2.25
2015.11.12 20:22:44.942,1.00131,1.00145,1.37,1.00
2015.11.12 20:22:45.249,1.00129,1.00146,2.62,1.75
2015.11.12 20:22:45.923,1.00131,1.00146,1.12,1.50
2015.11.12 20:23:06.863,1.00134,1.00148,1.00,2.62
2015.11.12 20:23:10.695,1.00133,1.00146,1.00,1.75
2015.11.12 20:23:19.315,1.0013,1.00144,1.12,1.00
2015.11.12 20:23:21.937,1.00132,1.00147,1.12,1.37
2015.11.12 20:23:24.242,1.00134,1.00148,1.00,1.37
2015.11.12 20:23:26.910,1.00131,1.00145,1.87,1.00
2015.11.12 20:23:45.752,1.0013,1.00146,1.12,1.50
2015.11.12 20:23:45.803,1.00132,1.00144,1.00,1.00
2015.11.12 20:23:46.259,1.00128,1.00143,1.12,1.37
2015.11.12 20:23:46.412,1.00126,1.00139,1.00,1.75
2015.11.12 20:23:47.448,1.00126,1.0014,1.37,1.75
2015.11.12 20:23:47.652,1.00129,1.00147,2.62,3.75
2015.11.12 20:23:48.363,1.0013,1.00146,1.12,1.75
2015.11.12 20:23:59.061,1.00129,1.00145,1.12,2.25
2015.11.12 20:23:59.734,1.00127,1.00144,1.75,2.62
2015.11.12 20:24:00.665,1.00129,1.00142,1.00,1.75
2015.11.12 20:24:01.338,1.00127,1.00145,1.87,4.12
2015.11.12 20:24:01.877,1.00127,1.00143,1.75,1.75
2015.11.12 20:24:02.283,1.00128,1.00145,1.12,3.00
2015.11.12 20:24:03.039,1.00129,1.00145,1.12,2.25
2015.11.12 20:24:04.298,1.00127,1.00145,1.75,3.00
2015.11.12 20:24:05.260,1.00127,1.00144,1.75,1.87
2015.11.12 20:24:06.072,1.00127,1.00142,1.75,1.75
2015.11.12 20:24:06.898,1.00127,1.00139,1.50,1.00
2015.11.12 20:24:07.780,1.00127,1.00144,1.75,3.37
2015.11.12 20:24:08.495,1.00127,1.00144,1.87,1.75
2015.11.12 20:24:09.404,1.00127,1.00144,1.75,2.62
2015.11.12 20:24:10.891,1.00126,1.00143,1.75,1.87
2015.11.12 20:24:14.499,1.00123,1.0014,1.75,1.87
2015.11.12 20:24:15.117,1.0012,1.00136,2.25,1.75
2015.11.12 20:24:15.775,1.00119,1.00134,1.50,1.87
2015.11.12 20:24:16.794,1.00118,1.0013,1.00,1.00
2015.11.12 20:24:16.896,1.00115,1.00131,1.75,1.87
2015.11.12 20:24:19.800,1.00115,1.00132,1.12,1.75
2015.11.12 20:24:20.731,1.00114,1.00132,1.12,1.87
2015.11.12 20:24:24.312,1.0012,1.00134,2.62,1.12
2015.11.12 20:24:25.023,1.00123,1.0014,1.12,2.25
2015.11.12 20:24:38.825,1.00124,1.00142,1.12,2.62
2015.11.12 20:24:45.229,1.00123,1.0014,1.12,1.75
2015.11.12 20:24:46.360,1.00128,1.00139,1.12,1.50
2015.11.12 20:24:46.666,1.0013,1.00147,1.12,1.75
2015.11.12 20:24:50.558,1.00129,1.00146,1.75,1.12
2015.11.12 20:24:56.625,1.00128,1.0014,1.87,1.00
2015.11.12 20:24:56.727,1.00125,1.00138,1.50,1.75
2015.11.12 20:24:56.778,1.00125,1.00138,1.00,1.87
2015.11.12 20:24:57.285,1.0012,1.00136,1.12,1.75
2015.11.12 20:24:58.081,1.00118,1.00136,2.62,1.87
2015.11.12 20:25:01.654,1.00118,1.00133,2.25,1.50
2015.11.12 20:25:01.987,1.00118,1.00133,2.25,1.87
2015.11.12 20:25:02.291,1.00115,1.00125,1.37,1.12
2015.11.12 20:25:02.595,1.0011,1.00124,1.75,1.50
2015.11.12 20:25:08.378,1.00109,1.00124,1.75,1.75
2015.11.12 20:25:11.376,1.00108,1.00125,3.00,1.75
2015.11.12 20:25:15.292,1.00113,1.00125,1.00,1.50
2015.11.12 20:25:15.596,1.00108,1.00124,2.62,1.75
2015.11.12 20:25:19.698,1.00108,1.00124,2.25,1.75
2015.11.12 20:25:20.131,1.00107,1.00119,1.50,1.37
2015.11.12 20:25:20.188,1.00106,1.0012,1.00,2.62
2015.11.12 20:25:21.511,1.00101,1.00116,1.87,1.50
2015.11.12 20:25:25.432,1.00101,1.00117,1.75,1.12
2015.11.12 20:25:30.501,1.001,1.00117,2.62,1.12
2015.11.12 20:25:30.552,1.00101,1.00118,1.12,1.75
2015.11.12 20:25:31.844,1.00103,1.0012,1.75,1.87
2015.11.12 20:25:32.353,1.00106,1.00121,1.50,1.87
2015.11.12 20:25:32.454,1.00106,1.00121,1.75,1.75
2015.11.12 20:25:38.926,1.00106,1.00123,1.12,1.12
2015.11.12 20:25:38.978,1.00107,1.00124,1.12,2.25
2015.11.12 20:25:39.387,1.0011,1.00127,1.75,2.25
2015.11.12 20:25:39.438,1.00113,1.00125,1.00,1.00
2015.11.12 20:25:39.796,1.00111,1.00128,1.87,1.75
2015.11.12 20:25:44.092,1.00109,1.00125,2.62,1.50
2015.11.12 20:25:44.602,1.00109,1.00125,2.25,1.75
2015.11.12 20:25:50.334,1.00116,1.00133,1.75,2.62
2015.11.12 20:25:56.123,1.00116,1.00134,2.62,1.87
2015.11.12 20:26:01.179,1.00117,1.00134,1.12,2.25
2015.11.12 20:26:07.026,1.0012,1.00135,1.87,1.50
2015.11.12 20:26:07.335,1.00119,1.00136,1.75,1.87
2015.11.12 20:26:09.392,1.0012,1.00136,1.12,1.75
2015.11.12 20:26:09.699,1.00126,1.00141,1.75,1.75
2015.11.12 20:26:16.864,1.00128,1.00144,1.12,3.00
2015.11.12 20:26:20.324,1.00129,1.00146,1.12,2.25
2015.11.12 20:26:24.209,1.00129,1.00145,1.12,1.75
2015.11.12 20:26:24.261,1.00127,1.00145,2.25,1.87
2015.11.12 20:26:30.250,1.00127,1.00144,2.25,1.12
2015.11.12 20:26:33.328,1.00126,1.0014,1.75,1.37
2015.11.12 20:26:33.380,1.00126,1.00139,1.00,1.12
2015.11.12 20:26:33.684,1.00121,1.00138,1.12,3.37
2015.11.12 20:26:34.190,1.00121,1.00137,1.12,1.87
2015.11.12 20:26:58.973,1.00119,1.00136,2.25,1.12
2015.11.12 20:27:06.919,1.00119,1.00137,2.62,1.87
2015.11.12 20:27:10.902,1.00119,1.00136,1.75,1.12
2015.11.12 20:27:22.038,1.00119,1.00135,1.75,1.12
2015.11.12 20:27:23.615,1.00119,1.00134,1.12,1.50
2015.11.12 20:27:26.824,1.00119,1.00136,2.25,1.12
2015.11.12 20:27:28.423,1.0012,1.00137,1.12,1.75
2015.11.12 20:27:32.354,1.00122,1.00134,1.00,1.00
2015.11.12 20:27:35.365,1.00117,1.00134,1.75,3.37
2015.11.12 20:27:35.671,1.00117,1.00132,1.50,1.12
2015.11.12 20:27:46.133,1.00115,1.00132,2.62,1.12
2015.11.12 20:27:46.184,1.00119,1.00134,1.50,1.87
2015.11.12 20:27:46.286,1.00119,1.00136,1.75,2.62
2015.11.12 20:27:47.132,1.00119,1.00135,1.75,1.12
2015.11.12 20:27:54.488,1.00117,1.00134,1.75,1.12
2015.11.12 20:27:56.205,1.00116,1.00131,1.50,1.75
2015.11.12 20:27:56.509,1.00112,1.00129,1.87,1.12
2015.11.12 20:27:58.044,1.00111,1.00128,1.75,2.62
2015.11.12 20:28:01.278,1.00112,1.00129,2.25,1.12
2015.11.12 20:28:01.791,1.00114,1.00126,1.00,1.00
2015.11.12 20:28:03.415,1.00114,1.00126,1.00,1.50
2015.11.12 20:28:12.182,1.00111,1.00128,1.12,1.75
2015.11.12 20:28:20.225,1.00109,1.00127,3.37,2.62
2015.11.12 20:28:22.960,1.00111,1.00127,1.75,1.75
2015.11.12 20:28:25.384,1.00118,1.00128,1.37,1.37
2015.11.12 20:28:25.441,1.00118,1.00135,1.75,1.87
2015.11.12 20:28:30.112,1.00119,1.00137,2.62,1.87
2015.11.12 20:28:36.844,1.00122,1.00139,1.75,1.12
2015.11.12 20:28:38.056,1.00124,1.00141,1.12,2.62
2015.11.12 20:28:38.445,1.00129,1.00146,1.12,1.75
2015.11.12 20:28:39.162,1.00131,1.00148,1.75,1.12
2015.11.12 20:28:39.843,1.00131,1.00149,1.87,1.12
2015.11.12 20:28:41.914,1.00134,1.00149,1.75,1.12
2015.11.12 20:28:41.965,1.00134,1.0015,1.75,1.75
2015.11.12 20:28:42.510,1.00135,1.00152,1.75,1.87
2015.11.12 20:28:42.662,1.00133,1.00148,1.75,1.75
2015.11.12 20:28:42.764,1.00133,1.00145,1.50,1.00
2015.11.12 20:28:42.815,1.00133,1.00147,1.12,1.12
2015.11.12 20:28:43.806,1.00131,1.00146,1.37,1.12
2015.11.12 20:28:44.112,1.0013,1.00148,2.62,1.87
2015.11.12 20:28:46.860,1.00131,1.00148,2.62,1.75
2015.11.12 20:28:49.163,1.00132,1.0015,3.37,1.87
2015.11.12 20:29:00.753,1.00132,1.00147,1.37,2.25
2015.11.12 20:29:00.804,1.00131,1.00147,1.75,2.62
2015.11.12 20:29:00.906,1.00129,1.00144,1.75,1.75
2015.11.12 20:29:01.210,1.00126,1.00142,1.87,1.12
2015.11.12 20:29:03.855,1.00128,1.00146,1.87,2.62
2015.11.12 20:29:04.366,1.00129,1.00146,2.62,1.75
2015.11.12 20:29:05.512,1.00127,1.00141,3.75,1.75
2015.11.12 20:29:06.124,1.00127,1.0014,2.25,1.75
2015.11.12 20:29:06.428,1.00123,1.00135,1.12,1.75
2015.11.12 20:29:07.242,1.00121,1.00133,1.50,1.50
2015.11.12 20:29:11.503,1.00121,1.00135,1.87,1.75
2015.11.12 20:29:23.841,1.00126,1.0014,1.87,1.12
2015.11.12 20:29:23.892,1.00128,1.00141,1.50,1.75
2015.11.12 20:29:23.943,1.00128,1.00141,1.50,1.50
2015.11.12 20:29:24.402,1.00128,1.00139,1.00,1.00
2015.11.12 20:29:24.454,1.00126,1.00139,1.75,1.37
2015.11.12 20:29:24.505,1.00126,1.00139,1.50,1.75
2015.11.12 20:29:24.606,1.00124,1.00138,2.25,1.87
2015.11.12 20:29:25.283,1.00123,1.00135,1.50,1.50
2015.11.12 20:29:31.600,1.00119,1.00131,1.12,1.12
2015.11.12 20:29:31.904,1.00116,1.0013,1.75,1.75
2015.11.12 20:29:33.517,1.00117,1.0013,1.75,1.12
2015.11.12 20:29:37.173,1.00119,1.00132,1.87,1.50
2015.11.12 20:29:37.864,1.0012,1.00134,3.00,1.75
2015.11.12 20:29:38.372,1.0012,1.00134,3.37,1.37
2015.11.12 20:29:41.068,1.00122,1.00136,1.87,1.75
2015.11.12 20:29:46.872,1.00122,1.00134,1.50,1.50
2015.11.12 20:30:02.790,1.00123,1.00135,1.00,1.50
2015.11.12 20:30:03.260,1.00126,1.0014,1.75,1.50
2015.11.12 20:30:09.019,1.00126,1.00139,1.50,1.12
2015.11.12 20:30:09.272,1.00126,1.00139,1.00,1.37
2015.11.12 20:30:12.453,1.00123,1.00138,2.25,1.75
2015.11.12 20:30:12.758,1.00127,1.00141,1.87,1.12
2015.11.12 20:30:13.213,1.00129,1.00145,2.62,1.50
2015.11.12 20:30:14.157,1.0013,1.00145,1.87,1.50
2015.11.12 20:30:15.213,1.0013,1.00144,1.75,1.75
2015.11.12 20:30:22.439,1.00128,1.00142,1.87,1.50
2015.11.12 20:30:22.540,1.00129,1.00141,1.00,1.50
2015.11.12 20:30:23.047,1.00129,1.0014,1.00,1.00
2015.11.12 20:30:28.337,1.00126,1.0014,1.37,1.75
2015.11.12 20:30:28.742,1.00125,1.00135,1.12,1.75
2015.11.12 20:30:29.304,1.0012,1.00134,1.87,1.50
2015.11.12 20:30:30.637,1.00121,1.00135,1.50,1.75
2015.11.12 20:30:34.032,1.00121,1.00136,1.75,1.37
2015.11.12 20:30:34.684,1.00124,1.00137,1.75,1.50
2015.11.12 20:30:35.041,1.00127,1.00141,1.50,1.75
2015.11.12 20:30:35.346,1.00127,1.00142,1.75,1.75
2015.11.12 20:30:36.436,1.00127,1.00141,1.50,1.75
2015.11.12 20:30:36.639,1.00125,1.00137,2.25,1.00
2015.11.12 20:30:36.842,1.00125,1.00138,1.37,1.75
2015.11.12 20:30:38.717,1.00124,1.00135,1.00,1.00
2015.11.12 20:30:39.423,1.00123,1.00135,1.50,1.00
2015.11.12 20:30:39.524,1.00123,1.00136,1.12,1.75
2015.11.12 20:30:40.209,1.00123,1.00134,1.00,1.75
2015.11.12 20:30:40.735,1.00119,1.00134,3.37,1.75
2015.11.12 20:30:41.343,1.0012,1.00134,1.12,1.37
2015.11.12 20:30:41.445,1.00122,1.00135,1.75,1.00
2015.11.12 20:30:44.713,1.00123,1.00133,1.37,1.00
2015.11.12 20:30:44.867,1.00119,1.00131,1.75,1.12
2015.11.12 20:30:44.919,1.00123,1.00135,1.00,1.87
2015.11.12 20:30:45.073,1.0012,1.00133,1.87,1.00
2015.11.12 20:30:45.277,1.00122,1.00137,2.25,1.12
2015.11.12 20:30:45.379,1.00123,1.00139,1.75,1.75
2015.11.12 20:30:46.976,1.00125,1.00136,1.00,1.00
2015.11.12 20:30:47.282,1.00123,1.00138,1.87,1.12
2015.11.12 20:30:47.818,1.00122,1.00136,1.37,1.87
2015.11.12 20:30:48.328,1.00121,1.00134,1.12,1.75
2015.11.12 20:30:48.839,1.0012,1.00133,1.87,1.75
2015.11.12 20:30:50.764,1.0012,1.00134,1.87,1.50
2015.11.12 20:30:50.866,1.0012,1.00135,1.87,1.75
2015.11.12 20:30:51.271,1.00124,1.00139,1.50,1.87
2015.11.12 20:30:51.717,1.00122,1.00134,1.00,1.75
2015.11.12 20:30:53.386,1.00119,1.00133,1.12,1.75
2015.11.12 20:31:19.048,1.00118,1.0013,1.12,1.00
2015.11.12 20:31:19.099,1.00117,1.0013,1.50,1.87
2015.11.12 20:31:19.202,1.00113,1.00125,1.50,1.00
2015.11.12 20:31:19.304,1.00113,1.00125,1.00,1.75
2015.11.12 20:31:21.147,1.00111,1.00124,1.50,1.75
2015.11.12 20:31:22.317,1.0011,1.00124,2.25,1.87
2015.11.12 20:31:34.732,1.00105,1.00117,1.75,1.00
2015.11.12 20:31:34.935,1.00105,1.00117,1.00,1.00
2015.11.12 20:31:38.134,1.00104,1.00118,1.50,1.12
2015.11.12 20:31:38.489,1.00101,1.00114,1.12,1.75
2015.11.12 20:31:40.463,1.001,1.00114,1.50,1.75
2015.11.12 20:31:45.668,1.00101,1.00115,1.37,1.75
2015.11.12 20:31:47.222,1.00105,1.00115,1.00,1.75
2015.11.12 20:31:47.273,1.00105,1.0012,1.87,1.75
2015.11.12 20:31:47.812,1.00105,1.0012,2.62,1.75
2015.11.12 20:31:50.670,1.00105,1.00119,1.87,1.12
2015.11.12 20:31:50.986,1.00104,1.00114,1.00,1.75
2015.11.12 20:31:51.351,1.001,1.00114,1.87,1.75
2015.11.12 20:31:54.971,1.00101,1.00113,1.50,1.75
2015.11.12 20:32:06.613,1.00099,1.00111,1.50,1.75
2015.11.12 20:32:07.610,1.00099,1.00111,1.37,1.50
2015.11.12 20:32:12.920,1.00098,1.00109,1.50,1.50
2015.11.12 20:32:13.427,1.00095,1.00109,2.25,1.75
2015.11.12 20:32:18.646,1.00096,1.00111,1.75,1.75
2015.11.12 20:32:27.297,1.00095,1.00109,1.50,1.75
2015.11.12 20:32:27.348,1.00095,1.00109,1.50,1.75
2015.11.12 20:32:32.512,1.00094,1.00102,1.37,1.37
2015.11.12 20:32:32.563,1.0009,1.00102,1.87,1.75
2015.11.12 20:32:32.930,1.0009,1.00102,1.12,1.75
2015.11.12 20:32:33.935,1.0009,1.00104,1.75,1.75
2015.11.12 20:32:35.225,1.00092,1.00107,1.12,1.75
2015.11.12 20:32:36.963,1.0009,1.00106,1.50,1.75
2015.11.12 20:32:37.014,1.0009,1.00103,1.37,1.50
2015.11.12 20:32:39.182,1.00091,1.00104,1.50,1.75
2015.11.12 20:32:51.882,1.00092,1.00106,1.50,1.75
2015.11.12 20:32:53.791,1.00093,1.00107,1.75,1.75
2015.11.12 20:32:54.097,1.00093,1.00107,1.12,1.87
2015.11.12 20:32:54.502,1.00096,1.00107,1.00,1.87
2015.11.12 20:32:54.553,1.00096,1.00111,1.87,2.25
2015.11.12 20:32:54.756,1.001,1.00113,1.75,1.50
2015.11.12 20:32:55.339,1.001,1.00114,1.50,1.75
2015.11.12 20:33:26.928,1.001,1.00115,1.75,1.75
2015.11.12 20:33:35.395,1.00099,1.00113,2.25,1.75
2015.11.12 20:33:36.020,1.00099,1.00113,2.62,1.75
2015.11.12 20:33:36.081,1.00097,1.00112,1.75,1.75
2015.11.12 20:33:38.839,1.00098,1.00112,1.12,1.50
2015.11.12 20:33:39.568,1.00099,1.00111,1.00,1.00
2015.11.12 20:33:42.059,1.00099,1.00112,1.00,1.75
2015.11.12 20:33:42.564,1.00095,1.0011,1.87,1.75
2015.11.12 20:33:42.868,1.00093,1.00107,1.75,1.50
2015.11.12 20:33:43.173,1.00096,1.00108,1.37,1.50
2015.11.12 20:33:43.274,1.00096,1.00109,1.75,1.00
2015.11.12 20:33:43.782,1.00096,1.00111,2.62,1.50
2015.11.12 20:33:58.648,1.00098,1.00114,1.75,1.75
2015.11.12 20:33:58.750,1.001,1.00114,1.12,1.12
2015.11.12 20:33:59.676,1.00099,1.00115,2.25,1.75
2015.11.12 20:34:00.254,1.001,1.00115,2.62,1.50
2015.11.12 20:34:08.432,1.001,1.00113,2.25,1.00
2015.11.12 20:34:12.468,1.001,1.00113,1.12,1.50
2015.11.12 20:34:12.520,1.00097,1.00109,1.87,1.12
2015.11.12 20:34:12.571,1.00097,1.00109,1.50,1.50
2015.11.12 20:34:13.312,1.00095,1.00108,1.50,1.50
2015.11.12 20:34:13.414,1.00093,1.00107,1.37,1.75
2015.11.12 20:34:13.518,1.00092,1.00104,1.75,1.00
2015.11.12 20:34:14.033,1.00092,1.00104,1.50,1.50
2015.11.12 20:34:14.644,1.00092,1.00104,1.00,1.50
2015.11.12 20:34:16.316,1.00091,1.00104,1.87,1.50
2015.11.12 20:34:16.832,1.00088,1.00103,3.37,1.50
2015.11.12 20:34:17.989,1.0009,1.00103,1.12,1.00
2015.11.12 20:34:19.564,1.0009,1.001,1.12,1.00
2015.11.12 20:34:19.615,1.00088,1.001,1.12,1.00
2015.11.12 20:34:19.717,1.00086,1.001,1.75,1.50
2015.11.12 20:34:20.426,1.00087,1.00102,1.12,1.50
2015.11.12 20:34:21.084,1.00089,1.00103,1.12,1.50
2015.11.12 20:34:21.237,1.0009,1.00106,1.87,1.75
2015.11.12 20:34:22.823,1.00092,1.00105,1.12,1.00
2015.11.12 20:34:23.332,1.00092,1.00106,1.12,1.12
2015.11.12 20:34:24.194,1.00091,1.00106,1.87,1.37
2015.11.12 20:34:24.702,1.00091,1.00106,2.25,1.75
2015.11.12 20:34:35.348,1.00092,1.00107,2.25,1.75
2015.11.12 20:34:37.421,1.00095,1.00106,1.37,1.00
2015.11.12 20:34:37.845,1.00095,1.0011,3.37,1.50
2015.11.12 20:34:46.936,1.00098,1.0011,1.50,1.00
2015.11.12 20:35:26.638,1.00103,1.00117,1.75,1.75
2015.11.12 20:35:27.146,1.00102,1.00118,3.37,1.75
2015.11.12 20:35:27.552,1.00102,1.00116,1.75,1.75
2015.11.12 20:35:34.453,1.00102,1.00116,2.25,1.50
2015.11.12 20:36:00.211,1.00106,1.0012,1.75,1.50
2015.11.12 20:36:00.679,1.00107,1.00122,1.87,1.37
2015.11.12 20:36:01.186,1.00108,1.00123,1.87,1.50
2015.11.12 20:36:02.525,1.0011,1.00125,1.75,1.75
2015.11.12 20:36:06.925,1.0011,1.00125,3.37,1.50
2015.11.12 20:36:22.725,1.0011,1.00122,1.12,1.12
2015.11.12 20:36:23.030,1.00108,1.00121,1.12,1.50
2015.11.12 20:36:23.547,1.00103,1.00112,1.12,1.00
2015.11.12 20:36:23.598,1.00098,1.00112,1.12,1.12
2015.11.12 20:36:24.104,1.00097,1.00111,2.62,1.12
2015.11.12 20:36:26.158,1.00098,1.00113,1.12,1.50
2015.11.12 20:36:26.565,1.001,1.00114,1.12,1.12
2015.11.12 20:36:34.593,1.001,1.00113,1.12,1.00
2015.11.12 20:36:34.645,1.00098,1.00112,2.25,1.12
2015.11.12 20:36:34.746,1.00098,1.0011,1.12,1.00
2015.11.12 20:36:34.849,1.00098,1.0011,1.00,1.75
2015.11.12 20:36:36.517,1.00098,1.00111,1.87,1.00
2015.11.12 20:36:36.782,1.00097,1.00112,2.25,1.75
2015.11.12 20:36:37.290,1.00097,1.00114,1.87,1.75
2015.11.12 20:36:38.014,1.00098,1.00112,1.87,1.12
2015.11.12 20:36:38.073,1.00097,1.00112,2.62,1.75
2015.11.12 20:37:19.392,1.00102,1.00113,1.12,1.50
2015.11.12 20:37:19.596,1.00106,1.00118,1.00,1.50
2015.11.12 20:37:19.647,1.00105,1.00118,1.12,1.12
2015.11.12 20:37:20.117,1.00105,1.0012,1.75,1.50
2015.11.12 20:37:20.168,1.00105,1.0012,1.87,1.50
2015.11.12 20:37:21.562,1.00104,1.00119,1.75,1.37
2015.11.12 20:37:21.613,1.00104,1.00119,1.37,1.75
2015.11.12 20:37:21.868,1.00104,1.00117,1.37,1.50
2015.11.12 20:37:22.385,1.00103,1.00116,1.75,1.37
2015.11.12 20:37:24.447,1.00103,1.00115,1.00,1.37
2015.11.12 20:37:26.886,1.001,1.00113,1.12,1.00
2015.11.12 20:37:27.513,1.001,1.00114,1.12,1.12
2015.11.12 20:37:36.709,1.00104,1.00118,1.37,1.75
2015.11.12 20:37:36.761,1.00104,1.0012,1.75,2.25
2015.11.12 20:37:36.814,1.00106,1.0012,1.87,1.12
2015.11.12 20:37:37.901,1.00108,1.00123,1.75,1.75
2015.11.12 20:37:40.375,1.0011,1.00122,1.00,1.50
2015.11.12 20:38:17.141,1.00108,1.00122,1.75,1.50
2015.11.12 20:38:19.259,1.0011,1.00122,1.00,1.50
2015.11.12 20:38:33.967,1.00111,1.00125,1.50,2.62
2015.11.12 20:38:34.018,1.00111,1.00125,1.87,2.25
2015.11.12 20:38:34.069,1.00113,1.00125,1.75,1.37
2015.11.12 20:38:34.120,1.00115,1.00128,1.75,1.12
2015.11.12 20:38:34.611,1.00116,1.0013,1.87,1.12
2015.11.12 20:38:35.130,1.00116,1.0013,2.25,1.50
2015.11.12 20:38:38.949,1.00116,1.0013,1.87,1.12
2015.11.12 20:38:48.350,1.00115,1.00125,1.00,1.75
2015.11.12 20:38:48.503,1.00112,1.00124,1.12,1.50
2015.11.12 20:38:49.214,1.0011,1.00122,1.00,1.75
2015.11.12 20:38:49.825,1.00107,1.00116,1.00,1.75
2015.11.12 20:38:50.080,1.00104,1.00116,1.12,1.75
2015.11.12 20:38:50.132,1.00104,1.00118,1.75,1.75
2015.11.12 20:38:50.438,1.00107,1.0012,1.75,1.50
2015.11.12 20:38:50.955,1.00105,1.0012,1.75,1.50
2015.11.12 20:38:56.212,1.00106,1.0012,1.87,1.50
2015.11.12 20:38:57.936,1.00109,1.00124,1.87,2.25
2015.11.12 20:38:58.703,1.0011,1.00125,1.87,1.50
2015.11.12 20:39:03.959,1.00113,1.00123,1.50,1.00
2015.11.12 20:39:04.163,1.00109,1.00121,1.87,1.12
2015.11.12 20:39:04.214,1.00109,1.00119,1.87,1.00
2015.11.12 20:39:04.265,1.00108,1.00119,1.37,1.50
2015.11.12 20:39:04.585,1.00103,1.00119,1.75,1.75
2015.11.12 20:39:07.852,1.00103,1.00118,1.75,1.75
2015.11.12 20:39:19.065,1.00101,1.00114,1.75,1.50
2015.11.12 20:39:19.883,1.00098,1.00112,1.75,1.50
2015.11.12 20:39:48.156,1.00097,1.00111,1.75,1.50
2015.11.12 20:39:51.896,1.00096,1.00109,1.75,1.50
2015.11.12 20:39:52.201,1.00091,1.00105,1.87,1.12
2015.11.12 20:39:52.708,1.00091,1.00105,2.25,1.50
2015.11.12 20:39:55.359,1.00091,1.00105,2.62,1.50
2015.11.12 20:39:56.425,1.00091,1.00104,1.87,1.00
2015.11.12 20:40:00.309,1.00092,1.00107,1.75,2.25
2015.11.12 20:40:00.613,1.00096,1.00111,1.12,1.50
2015.11.12 20:40:01.120,1.00097,1.00111,1.12,1.12
2015.11.12 20:40:12.390,1.00095,1.00106,1.12,1.37
2015.11.12 20:40:19.087,1.00095,1.00109,1.50,1.12
2015.11.12 20:40:19.138,1.00095,1.0011,2.25,1.75
2015.11.12 20:40:19.189,1.00095,1.0011,1.87,1.37
2015.11.12 20:40:19.240,1.00099,1.00111,1.00,1.50
2015.11.12 20:40:19.342,1.00097,1.00111,1.87,1.12
2015.11.12 20:40:25.033,1.00097,1.00105,1.50,1.00
2015.11.12 20:40:25.085,1.00093,1.00105,1.12,1.12
2015.11.12 20:40:26.252,1.00093,1.00105,1.37,1.50
2015.11.12 20:40:30.126,1.0009,1.00103,2.25,1.00
2015.11.12 20:40:30.558,1.00091,1.001,1.00,1.00
2015.11.12 20:40:30.874,1.00088,1.00102,1.75,1.12
2015.11.12 20:40:31.381,1.00087,1.00101,1.12,1.12
2015.11.12 20:40:31.970,1.0009,1.00101,1.00,1.00
2015.11.12 20:40:32.483,1.0009,1.00102,1.00,1.50
2015.11.12 20:40:36.536,1.00086,1.00102,1.87,1.50
2015.11.12 20:40:37.098,1.00086,1.00102,1.75,1.75
2015.11.12 20:40:38.506,1.00086,1.00102,1.12,1.75
2015.11.12 20:40:39.733,1.00085,1.00096,1.12,1.00
2015.11.12 20:40:39.785,1.00082,1.00096,1.87,1.12
2015.11.12 20:40:39.837,1.00082,1.00096,1.87,3.37
2015.11.12 20:40:39.888,1.00082,1.00093,1.50,1.12
2015.11.12 20:40:39.939,1.00081,1.00093,1.37,2.25
2015.11.12 20:40:39.990,1.00081,1.00093,1.00,1.75
2015.11.12 20:40:40.092,1.00081,1.00093,1.50,1.00
2015.11.12 20:40:44.331,1.00081,1.00097,1.50,1.87
2015.11.12 20:40:45.053,1.00085,1.00097,1.12,1.00
2015.11.12 20:40:45.104,1.00085,1.00102,1.12,2.25
2015.11.12 20:40:50.948,1.00091,1.00102,1.12,1.00
2015.11.12 20:40:50.999,1.00092,1.00108,1.75,1.75
2015.11.12 20:40:51.050,1.00095,1.00107,1.00,1.00
2015.11.12 20:40:51.253,1.00096,1.00113,1.87,1.75
2015.11.12 20:40:51.817,1.00095,1.0011,1.12,1.37
2015.11.12 20:40:51.868,1.00094,1.00109,1.75,1.75
2015.11.12 20:40:52.390,1.00092,1.00106,1.12,1.12
2015.11.12 20:40:53.456,1.00096,1.00111,1.50,1.12
2015.11.12 20:40:53.768,1.00097,1.00112,1.12,1.87
2015.11.12 20:40:59.578,1.00097,1.00113,1.75,1.87
2015.11.12 20:41:02.382,1.00097,1.00114,1.75,1.87
2015.11.12 20:41:03.218,1.00097,1.00113,1.75,2.62
2015.11.12 20:41:04.068,1.00095,1.00112,1.12,1.87
2015.11.12 20:41:04.732,1.00094,1.00112,1.87,1.12
2015.11.12 20:41:05.252,1.00095,1.00113,1.12,1.87
2015.11.12 20:41:05.760,1.00095,1.00112,1.75,1.12
2015.11.12 20:41:06.897,1.00095,1.00113,1.87,1.87
2015.11.12 20:41:12.769,1.00094,1.00107,1.12,1.37
2015.11.12 20:41:12.820,1.00092,1.00107,1.12,1.75
2015.11.12 20:41:13.326,1.00092,1.00108,1.87,1.87
2015.11.12 20:41:13.732,1.00093,1.0011,1.75,2.62
2015.11.12 20:41:18.884,1.00092,1.00109,2.25,1.75
2015.11.12 20:41:19.292,1.00092,1.0011,2.62,2.62
2015.11.12 20:41:19.597,1.00095,1.00111,1.12,1.75
2015.11.12 20:41:19.648,1.00093,1.00111,1.87,2.62
2015.11.12 20:41:20.291,1.00093,1.0011,1.87,1.12
2015.11.12 20:41:20.649,1.00092,1.00109,2.25,1.87
2015.11.12 20:41:20.803,1.00097,1.00109,1.00,1.87
2015.11.12 20:41:20.956,1.00097,1.00111,1.87,1.12
2015.11.12 20:41:21.057,1.00098,1.00115,1.12,2.62
2015.11.12 20:41:23.615,1.00099,1.00115,1.75,1.87
2015.11.12 20:41:23.666,1.00102,1.00114,1.00,1.00
2015.11.12 20:41:24.254,1.00106,1.00117,1.12,1.00
2015.11.12 20:41:24.307,1.00106,1.00124,1.87,4.12
2015.11.12 20:41:32.613,1.00104,1.00118,1.75,1.50
2015.11.12 20:41:32.928,1.00104,1.00116,1.50,1.50
2015.11.12 20:41:36.449,1.00099,1.00115,1.75,1.12
2015.11.12 20:41:37.013,1.00099,1.00114,1.75,1.50
2015.11.12 20:41:38.985,1.001,1.00113,1.00,1.37
2015.11.12 20:41:41.528,1.00096,1.0011,1.75,1.37
2015.11.12 20:41:41.836,1.00094,1.00109,1.87,1.75
2015.11.12 20:41:42.675,1.00094,1.0011,1.87,1.75
2015.11.12 20:41:43.137,1.00098,1.0011,1.00,1.00
2015.11.12 20:41:43.643,1.00095,1.00113,1.87,3.00
2015.11.12 20:41:43.897,1.001,1.00112,1.00,1.00
2015.11.12 20:41:44.454,1.00097,1.00113,1.12,1.50
2015.11.12 20:41:44.910,1.00096,1.00113,1.12,2.25
2015.11.12 20:41:47.247,1.00096,1.00113,1.87,2.62
2015.11.12 20:41:47.307,1.00097,1.00114,1.12,1.75
2015.11.12 20:41:49.461,1.00097,1.00113,1.12,2.25
2015.11.12 20:41:49.512,1.00098,1.0011,1.00,1.00
2015.11.12 20:41:49.882,1.00096,1.00113,1.87,1.75
2015.11.12 20:41:50.188,1.00099,1.00115,1.12,1.75
2015.11.12 20:41:58.623,1.00097,1.00113,1.12,3.00
2015.11.12 20:41:58.928,1.00094,1.00108,1.37,1.75
2015.11.12 20:41:59.440,1.00094,1.00109,1.12,2.25
2015.11.12 20:42:00.254,1.00092,1.00108,1.75,1.75
2015.11.12 20:42:01.642,1.00094,1.00109,2.25,1.75
2015.11.12 20:42:01.946,1.00096,1.00114,1.87,3.37
2015.11.12 20:42:02.496,1.00097,1.00114,1.12,3.00
2015.11.12 20:42:06.154,1.00098,1.00114,1.12,1.50
2015.11.12 20:42:06.606,1.001,1.00117,1.87,1.75
2015.11.12 20:42:06.960,1.00102,1.00114,1.00,1.00
2015.11.12 20:42:08.810,1.001,1.00117,1.75,1.75
2015.11.12 20:42:09.321,1.00101,1.00117,1.12,1.75
2015.11.12 20:42:23.253,1.001,1.00117,1.87,1.75
2015.11.12 20:42:35.298,1.00102,1.00118,1.12,2.25
2015.11.12 20:42:36.180,1.00106,1.00117,1.00,1.50
2015.11.12 20:42:36.688,1.00106,1.00118,1.00,2.25
2015.11.12 20:42:37.042,1.00101,1.00117,1.12,2.25
2015.11.12 20:42:38.738,1.00103,1.00116,1.12,1.50
2015.11.12 20:42:41.486,1.00103,1.00117,1.12,1.87
2015.11.12 20:42:44.068,1.00104,1.00118,1.12,1.37
2015.11.12 20:42:44.323,1.00105,1.00119,1.87,1.87
2015.11.12 20:42:52.188,1.00106,1.00119,1.12,1.87
2015.11.12 20:42:52.897,1.00107,1.00119,1.12,1.50
2015.11.12 20:42:53.608,1.00107,1.00117,1.12,1.00
2015.11.12 20:42:54.282,1.00107,1.00118,1.12,1.00
2015.11.12 20:43:07.148,1.00108,1.00118,1.12,1.00
2015.11.12 20:43:14.897,1.0011,1.00118,1.12,1.00
2015.11.12 20:43:15.721,1.00109,1.00119,1.12,1.00
2015.11.12 20:43:18.989,1.00111,1.00119,1.12,1.00
2015.11.12 20:43:19.300,1.00112,1.00122,4.87,1.00
2015.11.12 20:43:19.352,1.00114,1.00124,1.12,1.00
2015.11.12 20:43:19.643,1.00117,1.00126,1.12,1.00
2015.11.12 20:43:20.302,1.00116,1.00124,1.12,1.00
2015.11.12 20:43:20.404,1.00114,1.00123,1.12,1.00
2015.11.12 20:43:20.456,1.00111,1.00122,1.12,1.00
2015.11.12 20:43:20.557,1.00109,1.00122,1.12,1.50
2015.11.12 20:43:24.915,1.00109,1.0012,1.12,1.00
2015.11.12 20:43:25.514,1.00109,1.00121,1.12,1.00
2015.11.12 20:43:26.020,1.00109,1.0012,1.12,1.00
2015.11.12 20:43:29.474,1.00108,1.00117,1.12,1.00
2015.11.12 20:43:29.983,1.00108,1.00118,1.12,1.50
2015.11.12 20:43:30.439,1.00108,1.0012,1.87,1.00
2015.11.12 20:43:31.366,1.00109,1.00121,1.12,1.50
2015.11.12 20:43:34.990,1.0011,1.00121,1.12,1.00
2015.11.12 20:43:35.041,1.00111,1.00123,1.87,1.00
2015.11.12 20:43:35.143,1.00113,1.00123,1.12,1.00
2015.11.12 20:43:35.628,1.00113,1.00125,1.12,1.00
2015.11.12 20:43:35.932,1.00115,1.00126,1.12,1.00
2015.11.12 20:43:36.456,1.00115,1.00127,1.12,1.87
2015.11.12 20:43:38.914,1.00117,1.00127,1.12,1.00
2015.11.12 20:43:39.630,1.00117,1.00128,1.12,1.00
2015.11.12 20:43:40.442,1.00117,1.0013,1.87,1.00
2015.11.12 20:43:40.544,1.00119,1.00131,1.87,1.50
2015.11.12 20:43:40.849,1.00121,1.00131,1.12,1.00
2015.11.12 20:43:46.969,1.0012,1.00131,1.12,1.00
2015.11.12 20:43:47.761,1.00119,1.0013,1.12,1.00
2015.11.12 20:43:47.863,1.0012,1.0013,1.00,1.00
2015.11.12 20:43:48.370,1.0012,1.00129,1.00,1.00
2015.11.12 20:43:49.510,1.00117,1.0013,1.87,1.00
2015.11.12 20:43:49.664,1.00119,1.0013,1.12,1.00
2015.11.12 20:43:49.766,1.00123,1.00132,1.00,1.50
2015.11.12 20:43:50.300,1.00124,1.00132,1.00,1.00
2015.11.12 20:43:51.550,1.00122,1.00132,1.12,1.00
2015.11.12 20:43:51.601,1.00123,1.00134,1.12,1.00
2015.11.12 20:43:51.653,1.00124,1.00137,1.12,1.50
2015.11.12 20:43:51.755,1.00126,1.00138,1.12,1.12
2015.11.12 20:43:52.263,1.00127,1.00138,1.12,1.12
2015.11.12 20:43:58.671,1.00127,1.0014,1.87,1.12
2015.11.12 20:43:59.065,1.00131,1.0014,1.87,1.00
2015.11.12 20:43:59.116,1.00133,1.00146,1.12,1.00
2015.11.12 20:43:59.876,1.00133,1.00147,1.12,1.00
2015.11.12 20:43:59.927,1.00135,1.00147,1.12,1.50
2015.11.12 20:44:00.029,1.00136,1.00148,1.12,1.87
2015.11.12 20:44:06.892,1.00135,1.00148,1.12,1.87
2015.11.12 20:44:21.086,1.00137,1.00148,1.12,1.50
2015.11.12 20:44:23.028,1.00136,1.00148,1.12,1.50
2015.11.12 20:44:23.569,1.00135,1.00148,1.12,1.50
2015.11.12 20:44:29.180,1.00136,1.00148,1.12,1.50
2015.11.12 20:44:29.282,1.00136,1.0015,1.12,1.12
2015.11.12 20:44:30.474,1.00136,1.00149,1.12,1.00
2015.11.12 20:44:30.980,1.00137,1.00148,1.12,1.00
2015.11.12 20:44:31.692,1.00135,1.00148,1.87,1.00
2015.11.12 20:44:33.795,1.00134,1.00148,1.12,1.12
2015.11.12 20:44:34.303,1.00135,1.00148,1.12,1.00
2015.11.12 20:44:40.095,1.00135,1.00148,1.12,1.50
2015.11.12 20:44:40.500,1.00133,1.00146,1.12,1.00
2015.11.12 20:44:40.905,1.00131,1.00143,1.12,1.00
2015.11.12 20:44:41.412,1.00134,1.00143,1.00,1.00
2015.11.12 20:44:41.716,1.00127,1.00139,1.12,1.00
2015.11.12 20:44:42.558,1.0013,1.00139,1.00,1.00
2015.11.12 20:44:48.771,1.00126,1.00137,1.12,1.00
2015.11.12 20:44:48.823,1.00123,1.00137,1.12,1.12
2015.11.12 20:44:48.875,1.00121,1.00137,1.12,1.37
2015.11.12 20:44:49.378,1.00124,1.00136,1.00,1.50
2015.11.12 20:44:49.435,1.00123,1.00136,1.12,1.12
2015.11.12 20:44:49.942,1.00123,1.00137,1.12,1.12
2015.11.12 20:44:59.645,1.00123,1.00135,1.12,1.50
2015.11.12 20:45:00.089,1.00121,1.00133,1.12,1.00
2015.11.12 20:45:00.597,1.00119,1.00133,1.12,2.25
2015.11.12 20:45:00.699,1.00117,1.00133,1.12,2.62
2015.11.12 20:45:01.004,1.00119,1.00133,1.12,2.25
2015.11.12 20:45:01.519,1.00125,1.00138,1.75,1.87
2015.11.12 20:45:03.603,1.00122,1.00138,1.12,1.75
2015.11.12 20:45:06.282,1.00125,1.0014,1.87,1.37
2015.11.12 20:45:06.997,1.00127,1.00142,1.75,1.12
2015.11.12 20:45:07.302,1.00128,1.00144,1.12,1.12
2015.11.12 20:45:10.878,1.00129,1.00144,1.12,1.87
2015.11.12 20:45:24.894,1.00128,1.00141,1.12,1.00
2015.11.12 20:45:25.397,1.00123,1.00136,1.12,1.00
2015.11.12 20:45:26.917,1.00121,1.00136,1.87,1.00
2015.11.12 20:45:27.572,1.00121,1.00137,1.87,1.87
2015.11.12 20:45:27.826,1.00121,1.00134,1.12,1.00
2015.11.12 20:45:28.130,1.00116,1.0013,1.12,1.87
2015.11.12 20:45:28.333,1.00114,1.00129,1.12,1.50
2015.11.12 20:45:29.725,1.00115,1.00129,1.12,1.12
2015.11.12 20:45:30.236,1.00117,1.00133,1.87,1.37
2015.11.12 20:45:30.542,1.0012,1.00134,1.12,1.12
2015.11.12 20:45:31.298,1.00119,1.00134,1.12,1.50
2015.11.12 20:45:32.010,1.00118,1.00134,1.12,2.25
2015.11.12 20:45:32.520,1.00119,1.00133,1.12,1.12
2015.11.12 20:45:32.826,1.00116,1.0013,1.12,1.12
2015.11.12 20:45:36.939,1.00117,1.00131,1.12,1.12
2015.11.12 20:45:40.657,1.00116,1.00127,1.37,1.37
2015.11.12 20:45:40.709,1.00112,1.00126,1.12,1.12
2015.11.12 20:45:41.118,1.00115,1.00128,1.12,1.00
2015.11.12 20:45:41.322,1.00116,1.00131,1.12,1.87
2015.11.12 20:45:41.845,1.00117,1.00131,1.12,1.12
2015.11.12 20:45:43.013,1.00117,1.0013,1.12,1.75
2015.11.12 20:45:43.165,1.00113,1.00127,1.12,1.37
2015.11.12 20:45:43.622,1.00111,1.00127,1.12,1.75
2015.11.12 20:46:06.980,1.00114,1.00126,1.00,1.00
2015.11.12 20:46:15.136,1.00114,1.00128,1.12,1.37
2015.11.12 20:46:15.188,1.00116,1.00131,1.12,1.37
2015.11.12 20:46:15.341,1.00115,1.00129,1.12,1.50
2015.11.12 20:46:15.392,1.00113,1.00129,1.87,1.75
2015.11.12 20:46:15.494,1.00111,1.00127,1.12,1.75
2015.11.12 20:46:18.785,1.00109,1.00125,1.12,1.75
2015.11.12 20:46:19.787,1.00108,1.00126,1.87,2.62
2015.11.12 20:46:21.677,1.00108,1.00121,1.12,1.00
2015.11.12 20:46:21.778,1.00107,1.00121,1.12,1.87
2015.11.12 20:46:22.285,1.00104,1.00121,1.87,1.75
2015.11.12 20:46:23.091,1.00103,1.00118,1.87,1.50
2015.11.12 20:46:23.193,1.00101,1.00117,1.12,1.75
2015.11.12 20:46:23.497,1.00099,1.00116,1.12,2.62
2015.11.12 20:46:26.930,1.00102,1.00114,1.00,1.00
2015.11.12 20:46:38.230,1.00104,1.00119,2.25,1.75
2015.11.12 20:46:38.537,1.00111,1.00123,1.00,1.00
2015.11.12 20:46:39.044,1.00111,1.00128,3.00,1.75
2015.11.12 20:46:39.809,1.00114,1.00131,1.12,1.75
2015.11.12 20:46:41.459,1.00113,1.00131,2.62,2.62
2015.11.12 20:46:41.968,1.00114,1.0013,1.12,1.75
2015.11.12 20:46:47.835,1.00114,1.0013,1.12,1.75
2015.11.12 20:46:47.886,1.00112,1.0013,2.62,1.87
2015.11.12 20:46:48.090,1.00116,1.00128,1.00,1.00
2015.11.12 20:46:48.966,1.00112,1.00125,1.00,1.87
2015.11.12 20:46:49.488,1.00108,1.00125,1.75,1.87
2015.11.12 20:46:51.259,1.00108,1.00121,1.12,1.00
2015.11.12 20:46:51.362,1.00104,1.00119,1.75,1.75
2015.11.12 20:46:51.871,1.00102,1.00119,1.87,1.75
2015.11.12 20:46:52.395,1.001,1.00118,2.62,1.87
2015.11.12 20:46:53.075,1.00102,1.00118,1.75,1.75
2015.11.12 20:46:53.483,1.00099,1.00112,1.12,1.00
2015.11.12 20:46:53.857,1.00098,1.00112,1.12,1.37
2015.11.12 20:46:53.908,1.00096,1.00113,2.25,1.87
2015.11.12 20:46:54.570,1.00096,1.00108,1.00,1.00
2015.11.12 20:46:54.674,1.00094,1.00109,1.12,1.75
2015.11.12 20:46:55.205,1.00095,1.0011,1.75,1.75
2015.11.12 20:46:55.754,1.00097,1.00113,1.12,1.75
2015.11.12 20:46:55.807,1.00099,1.00111,1.00,1.50
2015.11.12 20:46:58.649,1.00099,1.00113,1.12,1.75
2015.11.12 20:46:59.167,1.00099,1.00113,1.75,1.75
2015.11.12 20:47:06.072,1.00098,1.0011,1.87,1.12
2015.11.12 20:47:06.124,1.00098,1.0011,1.12,2.25
2015.11.12 20:47:06.276,1.00097,1.0011,1.37,3.37
2015.11.12 20:47:06.790,1.00096,1.00107,2.25,1.00
2015.11.12 20:47:07.094,1.00096,1.00109,2.25,1.87
2015.11.12 20:47:08.175,1.00094,1.00109,1.37,1.87
2015.11.12 20:47:13.172,1.00093,1.00109,1.12,1.12
2015.11.12 20:47:13.224,1.00093,1.0011,1.75,2.25
2015.11.12 20:47:19.143,1.00094,1.00109,1.75,1.75
2015.11.12 20:47:24.838,1.00096,1.00108,1.00,1.00
2015.11.12 20:47:26.363,1.00094,1.00105,1.00,1.75
2015.11.12 20:47:26.937,1.00094,1.00107,1.50,2.25
2015.11.12 20:47:27.039,1.00094,1.00106,1.00,1.75
2015.11.12 20:47:27.617,1.0009,1.00106,1.75,1.75
2015.11.12 20:47:31.818,1.00094,1.0011,1.12,1.50
2015.11.12 20:47:35.314,1.00098,1.00114,2.25,5.62
2015.11.12 20:47:35.366,1.00099,1.00114,1.12,1.50
2015.11.12 20:47:41.303,1.00098,1.00114,1.87,1.50
2015.11.12 20:47:46.984,1.00101,1.00116,1.75,1.75
2015.11.12 20:48:07.372,1.00101,1.00117,1.75,1.12
2015.11.12 20:48:07.424,1.00102,1.00119,1.75,1.87
2015.11.12 20:48:07.935,1.00105,1.0012,1.50,1.12
2015.11.12 20:48:08.797,1.00107,1.0012,1.00,1.12
2015.11.12 20:48:09.966,1.00107,1.00113,1.00,1.00
2015.11.12 20:48:10.321,1.00101,1.00113,1.50,1.00
2015.11.12 20:48:17.831,1.00104,1.00115,1.12,1.75
2015.11.12 20:48:17.886,1.00106,1.00121,1.37,1.87
2015.11.12 20:48:18.295,1.00106,1.00122,1.12,1.12
2015.11.12 20:48:18.346,1.00106,1.00123,1.75,1.75
2015.11.12 20:48:26.956,1.0011,1.00124,1.50,1.75
2015.11.12 20:48:28.802,1.00108,1.00114,2.25,1.00
2015.11.12 20:48:29.117,1.001,1.00115,1.75,1.75
2015.11.12 20:48:31.081,1.001,1.00115,1.50,1.87
2015.11.12 20:48:33.096,1.001,1.00114,1.37,2.62
2015.11.12 20:48:33.299,1.001,1.00108,1.00,1.00
2015.11.12 20:48:34.071,1.001,1.0011,1.00,1.12
2015.11.12 20:48:34.274,1.001,1.00112,1.00,1.87
2015.11.12 20:48:34.792,1.001,1.00112,1.00,1.75
2015.11.12 20:48:35.299,1.00098,1.00112,1.50,1.75
2015.11.12 20:48:39.883,1.00096,1.00107,2.25,2.25
2015.11.12 20:48:40.443,1.00091,1.00105,1.12,2.25
2015.11.12 20:48:42.422,1.00091,1.00104,1.37,1.75
2015.11.12 20:48:43.196,1.00091,1.00105,1.00,1.87
2015.11.12 20:48:46.612,1.0009,1.00105,1.75,1.75
2015.11.12 20:48:58.967,1.00088,1.001,1.50,2.25
2015.11.12 20:48:59.272,1.00086,1.00097,1.00,2.62
2015.11.12 20:49:00.838,1.00081,1.00097,1.12,2.62
2015.11.12 20:49:02.661,1.00081,1.00094,1.00,1.75
2015.11.12 20:49:02.966,1.00076,1.00092,1.75,1.87
2015.11.12 20:49:03.475,1.00076,1.00093,1.75,1.87
2015.11.12 20:49:03.884,1.00076,1.00089,1.37,1.37
2015.11.12 20:49:03.937,1.00076,1.00088,1.00,1.12
2015.11.12 20:49:04.747,1.00076,1.00086,1.00,1.87
2015.11.12 20:49:04.799,1.0007,1.00086,2.25,1.87
2015.11.12 20:49:06.961,1.0007,1.00085,1.50,3.37
2015.11.12 20:49:07.539,1.0007,1.00084,1.12,1.12
2015.11.12 20:49:09.445,1.0007,1.00083,1.00,1.12
2015.11.12 20:49:10.566,1.00066,1.00078,1.12,1.75
2015.11.12 20:49:10.872,1.00065,1.00076,2.25,1.75
2015.11.12 20:49:11.200,1.00067,1.00075,1.00,1.12
2015.11.12 20:49:11.729,1.00063,1.00076,1.87,1.12
2015.11.12 20:49:11.782,1.00063,1.00078,2.25,1.12
2015.11.12 20:49:11.987,1.00067,1.00078,1.00,1.12
2015.11.12 20:49:12.038,1.00067,1.0008,1.00,1.12
2015.11.12 20:49:12.140,1.00067,1.00084,1.00,1.00
2015.11.12 20:49:12.655,1.00064,1.00083,1.00,1.00
2015.11.12 20:49:12.757,1.00063,1.0008,1.50,1.00
2015.11.12 20:49:13.323,1.00063,1.00079,1.50,1.00
2015.11.12 20:49:13.629,1.00063,1.00081,1.50,1.00
2015.11.12 20:49:13.731,1.00069,1.00082,1.00,1.50
2015.11.12 20:49:13.783,1.00069,1.00083,1.00,1.12
2015.11.12 20:49:13.885,1.00069,1.00081,1.00,1.00
2015.11.12 20:49:14.360,1.00069,1.00079,1.00,1.00
2015.11.12 20:49:14.867,1.00069,1.00078,1.00,1.00
2015.11.12 20:49:14.968,1.00069,1.00082,1.00,1.87
2015.11.12 20:49:15.121,1.00069,1.00082,1.00,1.37
2015.11.12 20:49:15.376,1.00066,1.00078,1.00,1.00
2015.11.12 20:49:15.427,1.00063,1.00078,1.50,1.50
2015.11.12 20:49:15.478,1.00062,1.00078,1.75,1.87
2015.11.12 20:49:20.812,1.00064,1.00075,1.00,1.75
2015.11.12 20:49:23.284,1.00065,1.00076,2.25,1.75
2015.11.12 20:49:26.227,1.00065,1.00077,2.25,1.75
2015.11.12 20:49:26.772,1.00066,1.00077,1.00,1.75
2015.11.12 20:49:27.503,1.00066,1.00078,1.00,1.75
2015.11.12 20:49:28.884,1.00063,1.00077,1.87,1.75
2015.11.12 20:49:29.188,1.00063,1.00075,1.00,1.75
2015.11.12 20:49:30.734,1.00061,1.00072,2.25,1.12
2015.11.12 20:49:30.887,1.00057,1.00072,1.50,1.12
2015.11.12 20:49:31.243,1.00057,1.00064,1.00,1.00
2015.11.12 20:49:31.791,1.00057,1.00066,1.00,1.87
2015.11.12 20:49:32.212,1.0005,1.00065,1.50,1.12
2015.11.12 20:49:32.365,1.0005,1.00054,1.12,3.00
2015.11.12 20:49:32.891,1.00038,1.00042,1.50,1.00
2015.11.12 20:49:32.942,1.00036,1.00042,1.00,1.00
2015.11.12 20:49:33.044,1.00035,1.00043,1.00,1.87
2015.11.12 20:49:33.148,1.00036,1.00043,1.00,1.75
2015.11.12 20:49:33.302,1.00026,1.0004,1.12,1.00
2015.11.12 20:49:33.353,1.00026,1.00042,1.12,1.12
2015.11.12 20:49:33.404,1.00026,1.00036,1.00,1.00
2015.11.12 20:49:33.770,1.00018,1.0003,1.00,1.50
2015.11.12 20:49:33.982,1.00013,1.00029,2.25,1.00
2015.11.12 20:49:34.190,1.00014,1.00027,1.50,1.00
2015.11.12 20:49:34.721,1.00013,1.00026,2.25,1.00
2015.11.12 20:49:34.975,1.00011,1.00025,1.00,1.00
2015.11.12 20:49:35.533,1.00008,1.00012,2.25,1.00
2015.11.12 20:49:35.878,1.0,1.00017,1.00,1.75
2015.11.12 20:49:35.929,1.0,1.00017,1.00,1.12
2015.11.12 20:49:36.081,1.00001,1.00015,1.00,1.00
2015.11.12 20:49:36.774,1.0,1.00019,1.50,1.50
2015.11.12 20:49:36.828,1.00004,1.0002,1.00,1.00
2015.11.12 20:49:37.186,1.00004,1.00022,1.00,1.12
2015.11.12 20:49:37.390,1.00006,1.00022,1.00,1.00
2015.11.12 20:49:37.877,1.00001,1.00017,2.25,1.00
2015.11.12 20:49:37.931,0.99993,1.00011,1.87,1.00
2015.11.12 20:49:38.034,0.99997,1.00011,1.00,1.00
2015.11.12 20:49:38.392,0.99997,1.00008,1.00,1.00
2015.11.12 20:49:38.595,0.99992,1.0001,1.00,1.00
2015.11.12 20:49:38.962,0.99993,1.00008,1.12,1.00
2015.11.12 20:49:39.268,0.99995,1.0001,1.00,1.00
2015.11.12 20:49:39.573,0.99995,1.00008,1.00,1.00
2015.11.12 20:49:39.726,0.99993,1.00007,1.00,1.00
2015.11.12 20:49:40.456,0.9999,1.00006,1.00,1.00
2015.11.12 20:49:40.609,0.99989,1.00004,1.00,1.00
2015.11.12 20:49:40.914,0.99986,1.00002,1.00,1.00
2015.11.12 20:49:41.068,0.99986,0.99999,1.00,1.00
2015.11.12 20:49:41.501,0.99976,0.99988,1.37,1.00
2015.11.12 20:49:41.608,0.99976,0.9999,1.37,1.00
2015.11.12 20:49:41.710,0.99972,0.99991,1.00,1.50
2015.11.12 20:49:41.852,0.9997,0.99987,1.12,1.00
2015.11.12 20:49:41.903,0.9997,0.99989,1.87,1.00
2015.11.12 20:49:42.005,0.99973,0.99991,1.00,1.00
2015.11.12 20:49:42.316,0.9998,0.99992,1.00,1.00
2015.11.12 20:49:42.374,0.99984,1.00003,1.37,2.25
2015.11.12 20:49:42.661,0.9999,1.00005,1.00,1.00
2015.11.12 20:49:42.916,0.99986,1.00005,1.12,1.00
2015.11.12 20:49:43.120,0.9999,1.00006,1.00,1.00
2015.11.12 20:49:43.470,0.99994,1.0001,1.87,1.75
2015.11.12 20:49:43.984,0.99997,1.00014,1.12,1.75
2015.11.12 20:49:44.291,1.0,1.00016,1.87,1.75
2015.11.12 20:49:44.691,1.00006,1.00021,1.75,1.75
2015.11.12 20:49:44.792,1.00009,1.00021,1.00,1.00
2015.11.12 20:49:45.191,1.00009,1.00025,2.62,2.62
2015.11.12 20:49:45.394,1.00014,1.00031,1.00,1.00
2015.11.12 20:49:45.445,1.00014,1.00033,1.00,1.50
2015.11.12 20:49:45.546,1.00016,1.00033,1.00,1.00
2015.11.12 20:49:46.022,1.00016,1.00033,1.50,1.00
2015.11.12 20:49:46.073,1.00019,1.00036,1.00,1.00
2015.11.12 20:49:46.428,1.00018,1.00033,1.00,1.00
2015.11.12 20:49:46.580,1.00012,1.00029,1.00,1.00
2015.11.12 20:49:47.322,1.00011,1.0003,1.00,1.50
2015.11.12 20:49:48.082,1.00008,1.00026,1.00,1.00
2015.11.12 20:49:48.285,1.0,1.00019,1.50,1.00
2015.11.12 20:49:48.793,0.99999,1.00018,1.00,1.50
2015.11.12 20:49:49.304,0.99998,1.00017,1.00,1.50
2015.11.12 20:49:50.459,1.0001,1.00017,1.12,1.00
2015.11.12 20:49:50.511,1.0001,1.00029,1.12,1.00
2015.11.12 20:49:50.644,1.0001,1.00031,1.87,1.00
2015.11.12 20:49:50.950,1.00014,1.00033,1.87,1.00
2015.11.12 20:49:51.662,1.00015,1.00034,1.87,1.00
2015.11.12 20:49:51.969,1.00013,1.00032,2.25,1.00
2015.11.12 20:49:52.279,1.0001,1.00028,1.00,1.00
2015.11.12 20:49:52.381,1.00011,1.00028,1.12,2.25
2015.11.12 20:49:52.483,1.00016,1.00027,1.00,1.00
2015.11.12 20:49:52.585,1.00011,1.00028,1.12,2.25
2015.11.12 20:49:53.044,1.00008,1.00016,1.12,1.00
2015.11.12 20:49:53.095,1.00001,1.00012,1.75,1.00
2015.11.12 20:49:53.197,0.99998,1.0001,1.12,1.00
2015.11.12 20:49:53.301,0.99994,1.00009,1.12,1.50
2015.11.12 20:49:53.403,0.99992,1.00008,1.12,1.75
2015.11.12 20:49:53.709,0.99994,1.00011,1.87,2.25
2015.11.12 20:49:54.162,0.99994,1.00009,1.75,1.75
2015.11.12 20:49:54.776,0.99993,1.00005,1.00,1.00
2015.11.12 20:49:55.031,0.99988,1.00005,1.12,1.75
2015.11.12 20:49:55.335,0.99993,1.00005,1.00,1.00
2015.11.12 20:49:55.746,0.99987,0.99998,3.75,1.00
2015.11.12 20:49:55.798,0.9998,0.99998,1.00,1.00
2015.11.12 20:49:55.901,0.9998,0.99998,1.12,1.00
2015.11.12 20:49:56.207,1.0,1.00014,2.62,2.07
2015.11.12 20:49:56.736,0.99999,1.00015,1.12,1.75
2015.11.12 20:49:57.041,1.00001,1.00017,1.12,2.25
2015.11.12 20:49:57.346,0.99999,1.00015,1.12,1.75
2015.11.12 20:49:58.055,0.99997,1.00012,1.12,1.50
2015.11.12 20:49:58.822,0.99997,1.00012,1.12,2.62
2015.11.12 20:49:59.628,1.0,1.00012,1.12,1.00
2015.11.12 20:49:59.680,1.0,1.00018,1.12,2.62
2015.11.12 20:50:00.681,1.00003,1.00007,1.00,1.00
2015.11.12 20:50:00.733,0.99992,1.00007,1.12,1.50
2015.11.12 20:50:00.835,0.99989,1.00007,1.12,1.87
2015.11.12 20:50:01.141,0.99987,1.00003,1.12,2.25
2015.11.12 20:50:01.571,0.99985,0.99996,1.12,1.00
2015.11.12 20:50:01.786,0.99974,0.99986,1.69,1.12
2015.11.12 20:50:01.942,0.99974,0.99988,2.07,1.12
2015.11.12 20:50:02.147,0.99972,0.99986,1.12,1.12
2015.11.12 20:50:02.651,0.99967,0.99983,1.75,1.12
2015.11.12 20:50:02.957,0.99969,0.99987,1.87,1.12
2015.11.12 20:50:03.611,0.99972,0.99987,1.37,1.12
2015.11.12 20:50:03.662,0.99973,0.99989,1.12,1.75
2015.11.12 20:50:04.018,0.99971,0.99989,1.12,2.62
2015.11.12 20:50:04.391,0.99968,0.99983,1.87,1.50
2015.11.12 20:50:04.760,0.99959,0.99978,1.12,1.00
2015.11.12 20:50:04.862,0.99959,0.99978,1.37,1.12
2015.11.12 20:50:05.183,0.99965,0.99979,1.00,1.00
2015.11.12 20:50:05.695,0.99979,0.99991,2.25,1.00
2015.11.12 20:50:05.749,0.99981,0.99997,1.12,1.75
2015.11.12 20:50:06.053,0.99986,1.00002,1.87,1.75
2015.11.12 20:50:06.257,0.99987,1.00006,1.75,2.25
2015.11.12 20:50:06.359,0.99988,1.00004,1.12,1.50
2015.11.12 20:50:06.730,0.99984,1.0,4.12,1.00
2015.11.12 20:50:06.782,0.99985,1.00003,1.12,1.00
2015.11.12 20:50:06.935,0.99987,1.00006,1.00,1.00
2015.11.12 20:50:07.088,0.99988,1.00004,1.00,1.00
2015.11.12 20:50:07.342,0.9998,0.99998,1.00,1.00
2015.11.12 20:50:07.444,0.9998,0.99998,1.75,1.75
2015.11.12 20:50:08.167,0.99979,0.99995,1.12,1.00
2015.11.12 20:50:08.694,0.99981,0.99998,1.37,1.75
2015.11.12 20:50:08.999,0.99988,1.00005,1.12,1.12
2015.11.12 20:50:09.391,0.99988,1.00001,1.12,1.00
2015.11.12 20:50:09.444,0.99986,1.00001,1.12,1.00
2015.11.12 20:50:09.701,0.99986,1.00005,1.87,2.25
2015.11.12 20:50:09.856,0.99988,1.00005,1.12,1.12
2015.11.12 20:50:10.551,0.99987,1.00005,1.12,1.50
2015.11.12 20:50:11.061,0.99992,1.00005,1.00,1.00
2015.11.12 20:50:11.318,0.99992,1.00007,1.12,1.00
2015.11.12 20:50:11.369,0.99992,1.00008,1.12,2.25
2015.11.12 20:50:11.783,0.99995,1.00013,1.12,1.87
2015.11.12 20:50:12.505,0.99995,1.00011,1.12,1.00
2015.11.12 20:50:13.466,1.00003,1.0002,1.12,1.50
2015.11.12 20:50:13.974,1.00003,1.00022,1.87,1.12
2015.11.12 20:50:14.077,1.00006,1.00022,1.12,1.00
2015.11.12 20:50:14.807,1.00012,1.00022,1.12,1.00
2015.11.12 20:50:14.859,1.00013,1.00028,1.75,1.37
2015.11.12 20:50:14.910,1.00013,1.00023,1.75,1.00
2015.11.12 20:50:15.063,1.00004,1.00017,1.12,1.00
2015.11.12 20:50:15.165,1.00001,1.00013,1.12,1.00
2015.11.12 20:50:15.267,0.99997,1.00013,1.75,1.00
2015.11.12 20:50:15.368,0.99995,1.00012,1.12,1.12
2015.11.12 20:50:15.470,0.99996,1.00011,1.00,1.00
2015.11.12 20:50:15.572,0.99993,1.00011,1.75,1.75
2015.11.12 20:50:16.026,0.99994,1.0001,1.12,1.00
2015.11.12 20:50:16.332,1.00005,1.00015,1.75,1.00
2015.11.12 20:50:16.383,1.00008,1.0002,1.37,1.37
2015.11.12 20:50:16.436,1.00008,1.00021,2.25,1.12
2015.11.12 20:50:16.488,1.00008,1.00025,3.00,1.12
2015.11.12 20:50:16.794,1.00014,1.00028,1.12,1.00
2015.11.12 20:50:16.845,1.00014,1.00032,1.12,1.50
2015.11.12 20:50:17.522,1.00015,1.00031,1.12,1.00
2015.11.12 20:50:18.592,1.00016,1.00031,1.12,1.00
2015.11.12 20:50:19.099,1.00016,1.0003,1.12,1.00
2015.11.12 20:50:20.753,1.00014,1.00029,1.12,1.00
2015.11.12 20:50:21.431,1.00014,1.0003,1.12,1.00
2015.11.12 20:50:21.940,1.00014,1.00032,1.12,1.50
2015.11.12 20:50:22.600,1.00014,1.0003,1.12,1.00
2015.11.12 20:50:23.107,1.00017,1.00031,1.00,1.00
2015.11.12 20:50:24.745,1.00019,1.00032,1.00,1.00
2015.11.12 20:50:25.049,1.00021,1.00035,3.37,1.00
2015.11.12 20:50:25.444,1.00025,1.00044,1.87,2.25
2015.11.12 20:50:27.199,1.00027,1.00043,1.12,1.00
2015.11.12 20:50:27.507,1.00031,1.00045,1.00,1.00
2015.11.12 20:50:27.813,1.0003,1.00047,1.12,1.87
2015.11.12 20:50:27.915,1.00032,1.00047,1.00,1.50
2015.11.12 20:50:28.018,1.0003,1.00048,1.75,1.75
2015.11.12 20:50:28.415,1.00028,1.00044,1.00,1.75
2015.11.12 20:50:29.330,1.00026,1.00044,1.50,1.12
2015.11.12 20:50:29.839,1.00028,1.00046,1.75,1.75
2015.11.12 20:50:30.348,1.00029,1.00047,1.75,1.75
2015.11.12 20:50:31.485,1.00031,1.00049,1.50,1.12
2015.11.12 20:50:32.044,1.00029,1.00042,1.00,1.12
2015.11.12 20:50:32.148,1.00025,1.00043,1.50,1.87
2015.11.12 20:50:32.685,1.00024,1.00043,1.75,1.75
2015.11.12 20:50:34.330,1.00027,1.00045,1.50,1.87
2015.11.12 20:50:37.514,1.00033,1.00045,1.00,1.12
2015.11.12 20:50:37.565,1.00033,1.0005,1.12,1.87
2015.11.12 20:50:37.718,1.00033,1.00049,2.62,1.50
2015.11.12 20:50:38.023,1.00036,1.00054,1.75,1.75
2015.11.12 20:50:40.355,1.00039,1.00057,1.50,1.87
2015.11.12 20:50:41.687,1.00041,1.00059,2.25,1.87
2015.11.12 20:50:41.738,1.00043,1.00059,1.12,1.12
2015.11.12 20:50:43.018,1.00049,1.00065,1.00,1.12
2015.11.12 20:50:43.577,1.00048,1.00065,1.12,1.12
2015.11.12 20:50:44.698,1.00047,1.00061,1.00,1.12
2015.11.12 20:50:44.750,1.00045,1.00062,1.12,1.12
2015.11.12 20:50:45.463,1.00044,1.00061,1.12,1.12
2015.11.12 20:50:46.040,1.00045,1.00061,1.00,1.12
2015.11.12 20:50:46.551,1.00041,1.00054,1.12,1.12
2015.11.12 20:50:46.654,1.00032,1.00049,1.12,1.50
2015.11.12 20:50:46.961,1.00028,1.00041,1.00,1.00
2015.11.12 20:50:47.274,1.00027,1.00042,1.00,1.12
2015.11.12 20:50:47.329,1.00025,1.00042,1.12,1.12
2015.11.12 20:50:49.369,1.00025,1.00041,1.37,1.12
2015.11.12 20:50:49.472,1.00027,1.00043,1.37,1.12
2015.11.12 20:50:49.574,1.0003,1.00042,2.25,1.00
2015.11.12 20:50:49.676,1.00031,1.00048,1.50,1.12
2015.11.12 20:50:49.830,1.00033,1.00049,1.00,1.12
2015.11.12 20:50:50.600,1.00035,1.00049,1.00,1.12
2015.11.12 20:50:50.702,1.00035,1.00051,1.00,1.12
2015.11.12 20:50:51.216,1.00035,1.00052,1.12,1.12
2015.11.12 20:50:52.021,1.0004,1.00055,1.37,1.12
2015.11.12 20:50:52.174,1.00045,1.00063,1.50,1.12
2015.11.12 20:50:52.580,1.00044,1.00061,1.12,1.87
2015.11.12 20:50:52.886,1.00037,1.00055,1.50,1.12
2015.11.12 20:50:53.573,1.00037,1.00056,1.75,1.87
2015.11.12 20:50:56.375,1.00036,1.00054,1.50,1.87
2015.11.12 20:50:56.758,1.00033,1.00049,1.00,1.12
2015.11.12 20:50:57.597,1.00033,1.0005,1.12,1.12
2015.11.12 20:50:57.699,1.00034,1.00048,1.00,1.00
2015.11.12 20:50:58.628,1.00033,1.00048,2.25,1.00
2015.11.12 20:50:58.679,1.00033,1.0005,1.12,1.87
2015.11.12 20:50:58.984,1.0003,1.00046,1.12,1.12
2015.11.12 20:50:59.391,1.00028,1.00045,1.12,1.12
2015.11.12 20:50:59.493,1.0003,1.00045,1.00,1.12
2015.11.12 20:51:00.013,1.00034,1.00049,1.00,1.75
2015.11.12 20:51:00.420,1.00035,1.00052,1.12,1.12
2015.11.12 20:51:00.522,1.00036,1.00054,1.37,1.12
2015.11.12 20:51:00.826,1.00038,1.00057,1.75,2.62
2015.11.12 20:51:01.394,1.0004,1.00056,1.00,1.12
2015.11.12 20:51:01.912,1.00039,1.00056,1.50,1.12
2015.11.12 20:51:02.013,1.00042,1.00058,1.12,1.75
2015.11.12 20:51:02.115,1.00042,1.00061,2.25,1.75
2015.11.12 20:51:02.622,1.00046,1.00063,1.12,1.12
2015.11.12 20:51:03.281,1.00048,1.00066,1.50,1.87
2015.11.12 20:51:03.815,1.00047,1.00065,1.50,1.12
2015.11.12 20:51:05.697,1.00044,1.00061,1.87,1.50
2015.11.12 20:51:05.748,1.00044,1.00061,1.75,2.25
2015.11.12 20:51:05.800,1.00042,1.00059,1.37,1.37
2015.11.12 20:51:06.183,1.0004,1.00056,1.00,1.12
2015.11.12 20:51:06.691,1.00038,1.00056,2.25,1.87
2015.11.12 20:51:07.225,1.00038,1.00056,2.25,1.75
2015.11.12 20:51:08.003,1.00043,1.00057,1.00,1.12
2015.11.12 20:51:08.055,1.00043,1.00059,1.00,1.87
2015.11.12 20:51:08.106,1.00043,1.00059,1.37,1.50
2015.11.12 20:51:08.157,1.00043,1.00059,1.75,1.12
2015.11.12 20:51:09.609,1.00046,1.00063,1.50,1.12
2015.11.12 20:51:09.660,1.00046,1.00064,1.75,1.75
2015.11.12 20:51:12.027,1.00046,1.00064,1.12,2.25
2015.11.12 20:51:13.143,1.00051,1.00065,1.00,1.75
2015.11.12 20:51:13.295,1.00053,1.0007,1.75,2.25
2015.11.12 20:51:13.347,1.00058,1.00067,1.00,1.12
2015.11.12 20:51:13.449,1.00054,1.00072,1.12,2.62
2015.11.12 20:51:13.500,1.00054,1.00068,1.12,1.00
2015.11.12 20:51:13.551,1.00051,1.00068,1.75,1.50
2015.11.12 20:51:14.471,1.0005,1.00067,1.12,1.75
2015.11.12 20:51:15.864,1.00052,1.0007,1.50,1.12
2015.11.12 20:51:23.112,1.0005,1.00069,1.75,4.12
2015.11.12 20:51:23.417,1.00046,1.00063,1.87,1.12
2015.11.12 20:51:23.927,1.00046,1.00062,1.87,1.00
2015.11.12 20:51:25.606,1.00046,1.00064,1.12,1.50
2015.11.12 20:51:25.911,1.00045,1.00064,2.62,1.87
2015.11.12 20:51:26.254,1.00045,1.00056,1.00,1.00
2015.11.12 20:51:26.356,1.00039,1.00054,1.37,1.50
2015.11.12 20:51:26.510,1.00039,1.00054,1.00,2.62
2015.11.12 20:51:27.026,1.00035,1.00051,1.12,1.75
2015.11.12 20:51:27.077,1.00035,1.00049,1.37,1.00
2015.11.12 20:51:27.179,1.00035,1.00053,1.50,1.75
2015.11.12 20:51:27.281,1.00037,1.00052,1.50,1.00
2015.11.12 20:51:27.649,1.0004,1.00059,1.75,1.12
2015.11.12 20:51:28.311,1.00041,1.00058,1.00,3.37
2015.11.12 20:51:29.511,1.00039,1.00055,1.50,1.87
2015.11.12 20:51:29.816,1.00035,1.00051,1.87,1.75
2015.11.12 20:51:30.683,1.00034,1.0005,1.75,1.75
2015.11.12 20:51:30.735,1.00034,1.0005,1.12,1.75
2015.11.12 20:51:31.609,1.00034,1.00048,1.37,1.00
2015.11.12 20:51:33.367,1.00036,1.00051,1.00,1.75
2015.11.12 20:51:33.418,1.00038,1.00051,1.00,1.75
2015.11.12 20:51:33.571,1.0004,1.00054,1.12,1.37
2015.11.12 20:51:33.723,1.0004,1.00055,2.25,1.00
2015.11.12 20:51:34.443,1.00042,1.00059,1.12,1.50
2015.11.12 20:51:34.498,1.00044,1.00059,1.12,1.00
2015.11.12 20:51:34.600,1.00042,1.00058,1.37,1.75
2015.11.12 20:51:34.652,1.0004,1.00057,1.50,1.12
2015.11.12 20:51:34.957,1.00042,1.00057,1.00,2.25
2015.11.12 20:51:35.008,1.00039,1.00057,1.75,2.62
2015.11.12 20:51:35.795,1.00038,1.00056,1.75,1.75
2015.11.12 20:51:36.353,1.00038,1.00053,1.12,1.75
2015.11.12 20:51:39.762,1.0004,1.00053,1.00,1.00
2015.11.12 20:51:40.067,1.00045,1.00061,1.75,1.12
2015.11.12 20:51:40.574,1.00045,1.00065,2.62,1.87
2015.11.12 20:51:41.100,1.00045,1.00063,1.50,1.75
2015.11.12 20:51:42.124,1.00045,1.00061,1.50,1.37
2015.11.12 20:51:43.213,1.00044,1.0006,1.75,1.37
2015.11.12 20:51:43.273,1.00046,1.00065,1.75,1.75
2015.11.12 20:51:43.834,1.00046,1.00065,1.87,1.75
2015.11.12 20:51:44.155,1.00048,1.00065,1.87,1.50
2015.11.12 20:51:44.673,1.00051,1.00068,1.00,1.87
2015.11.12 20:51:44.978,1.0005,1.00069,3.00,2.25
2015.11.12 20:51:45.288,1.00059,1.00076,1.50,1.50
2015.11.12 20:51:45.593,1.00062,1.0008,2.25,1.75
2015.11.12 20:51:46.878,1.00062,1.00077,1.50,1.00
2015.11.12 20:51:47.493,1.00062,1.00078,1.00,2.25
2015.11.12 20:51:47.847,1.00058,1.00075,1.75,1.75
2015.11.12 20:51:48.657,1.0006,1.00077,1.87,1.75
2015.11.12 20:51:48.708,1.00063,1.00077,1.00,1.50
2015.11.12 20:51:49.229,1.00066,1.00082,1.37,1.75
2015.11.12 20:51:49.280,1.00066,1.00082,1.75,1.37
2015.11.12 20:51:49.331,1.00066,1.00079,1.50,1.00
2015.11.12 20:51:49.485,1.0006,1.00078,1.75,1.87
2015.11.12 20:51:49.688,1.00058,1.00076,1.50,1.75
2015.11.12 20:51:54.283,1.00057,1.00074,2.25,1.12
2015.11.12 20:51:54.588,1.00058,1.00075,1.12,1.12
2015.11.12 20:51:55.074,1.00061,1.00073,1.00,1.00
2015.11.12 20:51:55.505,1.00056,1.00072,1.75,1.12
2015.11.12 20:51:55.708,1.00057,1.00074,1.12,2.25
2015.11.12 20:51:56.369,1.00056,1.00074,1.87,1.50
2015.11.12 20:51:57.332,1.00055,1.00074,2.62,2.25
2015.11.12 20:52:00.886,1.00055,1.00064,1.00,1.12
2015.11.12 20:52:00.937,1.0005,1.00064,1.37,1.12
2015.11.12 20:52:01.444,1.00048,1.00065,1.75,2.62
2015.11.12 20:52:02.682,1.00046,1.00063,1.50,1.75
2015.11.12 20:52:02.988,1.0004,1.00057,1.37,1.87
2015.11.12 20:52:03.089,1.00039,1.00054,1.00,1.00
2015.11.12 20:52:05.409,1.00038,1.00053,1.50,1.37
2015.11.12 20:52:05.911,1.00038,1.00054,1.12,1.75
2015.11.12 20:52:06.424,1.00034,1.00052,1.75,1.87
2015.11.12 20:52:06.683,1.00034,1.00048,1.37,1.50
2015.11.12 20:52:06.785,1.00031,1.0005,2.25,3.37
2015.11.12 20:52:07.540,1.0004,1.00048,4.50,1.00
2015.11.12 20:52:07.642,1.00046,1.00062,1.75,1.12
2015.11.12 20:52:07.795,1.00047,1.00064,2.62,1.00
2015.11.12 20:52:10.185,1.00048,1.00066,2.25,1.12
2015.11.12 20:52:10.917,1.00047,1.00064,1.75,1.75
2015.11.12 20:52:11.225,1.00043,1.00061,1.12,1.75
2015.11.12 20:52:11.379,1.00042,1.0006,2.25,1.87
2015.11.12 20:52:11.891,1.0004,1.00056,1.75,1.50
2015.11.12 20:52:12.736,1.00045,1.00063,2.25,1.75
2015.11.12 20:52:13.655,1.00045,1.00064,2.25,3.37
2015.11.12 20:52:13.706,1.00045,1.00063,2.25,1.12
2015.11.12 20:52:13.758,1.00044,1.00061,1.37,2.62
2015.11.12 20:52:14.111,1.00042,1.00058,1.50,1.75
2015.11.12 20:52:14.532,1.00044,1.00059,1.00,1.12
2015.11.12 20:52:14.634,1.00044,1.00062,2.25,1.12
2015.11.12 20:52:15.159,1.00044,1.00061,1.75,1.75
2015.11.12 20:52:16.686,1.00044,1.00059,1.12,4.12
2015.11.12 20:52:16.839,1.00044,1.00062,2.25,1.12
2015.11.12 20:52:16.890,1.00044,1.00062,2.25,1.37
2015.11.12 20:52:17.217,1.00044,1.00063,2.62,2.25
2015.11.12 20:52:17.813,1.00046,1.00065,3.00,2.25
2015.11.12 20:52:18.606,1.00048,1.00067,1.75,2.62
2015.11.12 20:52:18.977,1.00049,1.00067,1.75,1.37
2015.11.12 20:52:19.028,1.00051,1.00068,1.75,1.75
2015.11.12 20:52:24.622,1.00049,1.00063,1.50,1.00
2015.11.12 20:52:24.675,1.00048,1.00063,1.87,1.12
2015.11.12 20:52:25.050,1.00048,1.00062,1.12,1.12
2015.11.12 20:52:25.558,1.00048,1.00063,1.50,1.50
2015.11.12 20:52:26.956,1.00049,1.00063,1.00,1.00
2015.11.12 20:52:27.465,1.00046,1.00063,1.87,1.50
2015.11.12 20:52:27.993,1.00046,1.00063,2.25,1.12
2015.11.12 20:52:31.331,1.00047,1.00063,1.12,1.75
2015.11.12 20:52:31.873,1.00045,1.00062,2.25,1.12
2015.11.12 20:52:32.381,1.00047,1.00064,1.75,1.50
2015.11.12 20:52:35.382,1.00049,1.00063,1.00,1.37
2015.11.12 20:52:37.264,1.00047,1.00063,1.50,1.75
2015.11.12 20:52:37.953,1.00045,1.0006,1.00,1.00
2015.11.12 20:52:38.055,1.00044,1.00061,1.00,2.62
2015.11.12 20:52:38.360,1.0004,1.00057,1.50,1.75
2015.11.12 20:52:39.765,1.00038,1.00054,1.50,2.25
2015.11.12 20:52:42.668,1.00035,1.00051,1.75,2.25
2015.11.12 20:52:42.972,1.00035,1.0005,1.00,1.75
2015.11.12 20:52:46.165,1.00035,1.0005,1.50,1.50
2015.11.12 20:52:46.905,1.00035,1.00049,1.12,1.50
2015.11.12 20:52:47.159,1.00033,1.00049,1.12,1.75
2015.11.12 20:52:47.313,1.00031,1.00046,1.50,1.00
2015.11.12 20:52:49.371,1.00031,1.00047,1.50,1.37
2015.11.12 20:52:49.898,1.00032,1.00048,1.75,1.50
2015.11.12 20:52:51.031,1.00032,1.00048,1.75,1.12
2015.11.12 20:52:51.491,1.00032,1.00048,1.12,1.75
2015.11.12 20:52:54.777,1.00031,1.00048,1.75,1.50
2015.11.12 20:52:54.828,1.00031,1.00048,1.75,1.50
2015.11.12 20:52:55.482,1.00031,1.00049,1.75,2.25
2015.11.12 20:52:56.097,1.00031,1.00048,1.12,1.12
2015.11.12 20:52:58.948,1.00034,1.00048,1.00,1.12
2015.11.12 20:52:59.000,1.00034,1.0005,1.00,1.87
2015.11.12 20:52:59.103,1.00034,1.0005,1.87,1.00
2015.11.12 20:52:59.413,1.00034,1.0005,1.37,1.50
2015.11.12 20:52:59.616,1.00032,1.00049,1.50,1.75
2015.11.12 20:53:00.379,1.00033,1.0005,2.25,1.12
2015.11.12 20:53:00.430,1.00033,1.00049,1.75,1.12
2015.11.12 20:53:00.633,1.00033,1.00049,1.50,1.75
2015.11.12 20:53:01.090,1.0003,1.00045,1.75,1.00
2015.11.12 20:53:01.708,1.0003,1.00044,1.50,1.00
2015.11.12 20:53:01.760,1.00028,1.00044,1.87,1.12
2015.11.12 20:53:04.415,1.00032,1.00049,1.50,2.25
2015.11.12 20:53:05.167,1.00032,1.00048,1.00,1.75
2015.11.12 20:53:05.472,1.00027,1.00043,1.75,1.12
2015.11.12 20:53:06.014,1.00027,1.00043,1.75,1.50
2015.11.12 20:53:06.733,1.00027,1.00043,1.50,1.75
2015.11.12 20:53:07.213,1.00025,1.00042,1.50,1.75
2015.11.12 20:53:07.518,1.00028,1.00043,1.00,1.50
2015.11.12 20:53:08.309,1.00025,1.00043,2.25,1.50
2015.11.12 20:53:08.976,1.00027,1.00044,1.12,1.87
2015.11.12 20:53:09.283,1.00038,1.00051,1.00,1.37
2015.11.12 20:53:09.335,1.00039,1.00054,1.50,1.00
2015.11.12 20:53:09.386,1.00039,1.00056,1.50,1.37
2015.11.12 20:53:09.437,1.00039,1.00056,1.87,1.12
2015.11.12 20:53:09.488,1.00042,1.00057,1.75,1.37
2015.11.12 20:53:09.855,1.00045,1.00059,1.87,1.00
2015.11.12 20:53:09.906,1.00046,1.00062,1.75,1.50
2015.11.12 20:53:10.412,1.00046,1.00064,1.75,2.25
2015.11.12 20:53:13.061,1.00053,1.00065,1.37,1.37
2015.11.12 20:53:13.112,1.00054,1.00071,1.12,1.12
2015.11.12 20:53:13.264,1.00054,1.00072,2.25,1.75
2015.11.12 20:53:15.053,1.00055,1.00073,1.75,1.75
2015.11.12 20:53:15.358,1.00059,1.00077,1.75,2.25
2015.11.12 20:53:17.559,1.00059,1.00077,2.62,1.50
2015.11.12 20:53:18.332,1.00059,1.00077,2.25,1.75
2015.11.12 20:53:20.735,1.00059,1.00078,1.50,2.62
2015.11.12 20:53:20.786,1.00059,1.00077,1.50,1.12
2015.11.12 20:53:21.245,1.00056,1.00071,1.50,1.50
2015.11.12 20:53:21.619,1.00056,1.00068,1.00,1.75
2015.11.12 20:53:21.673,1.00051,1.00065,1.37,1.12
2015.11.12 20:53:21.775,1.00049,1.00065,1.12,1.75
2015.11.12 20:53:22.285,1.00046,1.00065,2.62,1.75
2015.11.12 20:53:22.642,1.00046,1.00062,1.75,1.50
2015.11.12 20:53:22.972,1.00044,1.00058,1.00,1.50
2015.11.12 20:53:23.278,1.00041,1.00057,1.00,1.12
2015.11.12 20:53:23.483,1.00044,1.00062,1.75,1.75
2015.11.12 20:53:23.586,1.00047,1.00063,1.75,1.50
2015.11.12 20:53:29.537,1.00051,1.00066,1.12,2.62
2015.11.12 20:53:29.588,1.00051,1.00066,1.50,2.25
2015.11.12 20:53:34.974,1.00054,1.00071,2.25,1.75
2015.11.12 20:53:39.180,1.00056,1.00072,1.37,1.50
2015.11.12 20:53:39.889,1.00056,1.00072,1.12,1.75
2015.11.12 20:53:40.689,1.00052,1.00068,1.12,1.87
2015.11.12 20:53:40.741,1.0005,1.00065,1.50,1.50
2015.11.12 20:53:43.549,1.00047,1.00063,1.12,1.87
2015.11.12 20:53:43.600,1.00045,1.00063,1.87,2.25
2015.11.12 20:53:43.651,1.00045,1.0006,1.87,1.00
2015.11.12 20:53:43.702,1.00045,1.0006,1.75,1.12
2015.11.12 20:53:44.478,1.00043,1.00056,1.75,1.37
2015.11.12 20:53:44.988,1.0004,1.00056,1.87,1.75
2015.11.12 20:53:45.998,1.00043,1.00058,1.12,1.50
2015.11.12 20:53:46.887,1.00044,1.00058,1.12,1.00
2015.11.12 20:53:56.084,1.00043,1.00054,1.75,1.37
2015.11.12 20:53:56.137,1.00038,1.00054,2.25,1.75
2015.11.12 20:53:56.775,1.00042,1.00056,1.50,1.12
2015.11.12 20:53:56.826,1.00045,1.00058,1.00,1.87
2015.11.12 20:53:56.928,1.00045,1.00058,2.25,1.75
2015.11.12 20:53:56.980,1.00047,1.00061,1.37,1.12
2015.11.12 20:53:57.031,1.00047,1.00062,1.75,1.75
2015.11.12 20:53:57.905,1.00045,1.0006,2.25,1.75
2015.11.12 20:53:58.413,1.00043,1.0006,1.87,1.75
2015.11.12 20:54:01.126,1.00044,1.0006,1.12,1.50
2015.11.12 20:54:02.242,1.00043,1.00061,1.87,2.62
2015.11.12 20:54:03.451,1.00046,1.0006,1.75,1.75
2015.11.12 20:54:04.030,1.00049,1.00065,1.87,1.75
2015.11.12 20:54:04.334,1.00051,1.00069,1.87,2.62
2015.11.12 20:54:04.841,1.00052,1.00069,1.12,2.25
2015.11.12 20:54:05.952,1.00054,1.00072,1.12,1.87
2015.11.12 20:54:06.256,1.00053,1.0007,1.75,1.87
2015.11.12 20:54:10.748,1.00051,1.00068,1.12,1.75
2015.11.12 20:54:11.054,1.00046,1.00059,1.37,1.75
2015.11.12 20:54:12.732,1.00042,1.00059,1.75,1.12
2015.11.12 20:54:13.037,1.00042,1.00051,1.00,1.75
2015.11.12 20:54:13.092,1.00035,1.00051,1.75,1.75
2015.11.12 20:54:17.338,1.00033,1.00051,1.87,1.87
2015.11.12 20:54:17.763,1.00035,1.00051,1.12,1.75
2015.11.12 20:54:17.967,1.00036,1.0005,1.12,1.00
2015.11.12 20:54:18.272,1.00038,1.00054,1.37,1.87
2015.11.12 20:54:18.323,1.00038,1.00055,1.12,1.75
2015.11.12 20:54:19.662,1.0004,1.00056,1.12,1.75
2015.11.12 20:54:19.865,1.00042,1.00059,1.12,1.75
2015.11.12 20:54:31.974,1.00045,1.00062,1.87,2.25
2015.11.12 20:54:32.289,1.00048,1.00063,1.12,1.50
2015.11.12 20:54:35.854,1.00043,1.00059,1.87,1.50
2015.11.12 20:54:36.260,1.00045,1.00061,1.12,1.75
2015.11.12 20:54:36.463,1.00052,1.00063,1.00,1.50
2015.11.12 20:54:37.588,1.00048,1.00065,1.87,1.75
2015.11.12 20:54:40.553,1.0005,1.00066,1.12,1.87
2015.11.12 20:54:40.604,1.00051,1.00066,1.12,1.50
2015.11.12 20:54:41.098,1.00053,1.0007,1.12,1.75
2015.11.12 20:54:43.808,1.00055,1.00067,1.00,1.00
2015.11.12 20:54:48.170,1.00054,1.00071,1.12,1.87
2015.11.12 20:54:48.221,1.00055,1.00072,1.12,3.00
2015.11.12 20:54:51.339,1.00056,1.0007,1.12,1.00
2015.11.12 20:54:51.492,1.00058,1.00074,1.12,1.75
2015.11.12 20:54:51.999,1.00059,1.00076,1.12,2.25
2015.11.12 20:54:52.307,1.00061,1.00077,1.12,1.75
2015.11.12 20:55:00.596,1.00067,1.00079,1.37,1.12
2015.11.12 20:55:00.647,1.00064,1.0008,1.87,2.25
2015.11.12 20:55:00.698,1.00064,1.0008,1.87,2.62
2015.11.12 20:55:00.750,1.00064,1.00076,1.50,1.00
2015.11.12 20:55:01.107,1.00063,1.00079,1.12,1.75
2015.11.12 20:55:01.719,1.00064,1.00082,1.87,1.87
2015.11.12 20:55:04.602,1.00064,1.00081,1.75,1.75
2015.11.12 20:55:05.109,1.00066,1.00078,1.00,1.00
2015.11.12 20:55:06.844,1.00066,1.00082,2.25,1.75
2015.11.12 20:55:07.482,1.00079,1.00091,1.00,1.00
2015.11.12 20:55:07.535,1.00073,1.00089,1.75,2.62
2015.11.12 20:55:07.840,1.0007,1.00086,1.12,1.75
2015.11.12 20:55:08.348,1.00069,1.00083,1.87,1.50
2015.11.12 20:55:10.335,1.00068,1.0008,1.00,1.00
2015.11.12 20:55:10.971,1.00067,1.00082,1.12,1.75
2015.11.12 20:55:11.226,1.00064,1.0008,1.75,1.75
2015.11.12 20:55:11.737,1.00062,1.0008,1.87,1.87
2015.11.12 20:55:12.057,1.00059,1.00077,1.12,1.87
2015.11.12 20:55:12.550,1.00061,1.00078,1.12,1.12
2015.11.12 20:55:12.754,1.00065,1.00081,1.75,1.12
2015.11.12 20:55:12.856,1.00065,1.00083,1.87,1.12
2015.11.12 20:55:17.783,1.00067,1.00084,1.12,1.12
2015.11.12 20:55:18.293,1.00067,1.00084,1.12,1.75
2015.11.12 20:55:23.083,1.00071,1.00083,1.00,1.00
2015.11.12 20:55:25.823,1.00064,1.00081,1.75,1.87
2015.11.12 20:55:26.279,1.00066,1.00084,1.87,1.87
2015.11.12 20:55:26.786,1.00067,1.00085,1.12,1.12
2015.11.12 20:55:32.511,1.00069,1.00081,1.00,1.00
2015.11.12 20:55:33.071,1.00065,1.00081,2.25,1.50
2015.11.12 20:55:33.556,1.00065,1.00081,1.87,1.87
2015.11.12 20:55:38.261,1.00064,1.0008,1.50,1.12
2015.11.12 20:55:38.312,1.00064,1.00076,1.00,1.00
2015.11.12 20:55:38.414,1.00061,1.00077,1.12,1.75
2015.11.12 20:55:38.617,1.00061,1.00073,1.12,1.00
2015.11.12 20:55:38.719,1.00061,1.00075,1.00,1.12
2015.11.12 20:55:43.615,1.00056,1.00073,1.12,1.75
2015.11.12 20:55:44.127,1.00057,1.00075,1.12,1.87
2015.11.12 20:55:46.603,1.00059,1.00075,1.12,1.50
2015.11.12 20:55:57.308,1.0006,1.00077,1.12,2.62
2015.11.12 20:55:57.359,1.00061,1.00077,1.12,2.25
2015.11.12 20:56:08.958,1.00064,1.00078,1.12,1.12
2015.11.12 20:56:10.479,1.00063,1.0008,1.12,1.75
2015.11.12 20:56:18.308,1.00061,1.00077,1.87,1.75
2015.11.12 20:56:19.942,1.00061,1.00071,1.37,1.00
2015.11.12 20:56:20.281,1.00053,1.00065,2.25,1.50
2015.11.12 20:56:20.791,1.0005,1.00065,1.12,1.50
2015.11.12 20:56:21.298,1.00049,1.00065,1.87,1.75
2015.11.12 20:56:21.808,1.00044,1.00061,1.75,2.62
2015.11.12 20:56:22.315,1.00044,1.00061,1.87,1.75
2015.11.12 20:56:23.412,1.00045,1.00063,1.87,1.87
2015.11.12 20:56:23.716,1.00048,1.00064,1.12,3.00
2015.11.12 20:56:26.202,1.00047,1.00063,1.12,1.75
2015.11.12 20:56:27.271,1.00049,1.00062,1.12,1.00
2015.11.12 20:56:27.322,1.00047,1.00062,1.12,1.50
2015.11.12 20:56:27.881,1.00049,1.00065,1.12,1.75
2015.11.12 20:56:28.414,1.0005,1.00066,1.12,1.75
2015.11.12 20:56:28.912,1.00057,1.00068,1.87,1.50
2015.11.12 20:56:28.963,1.00058,1.00075,1.12,2.62
2015.11.12 20:56:29.015,1.00059,1.00075,1.12,2.25
2015.11.12 20:56:30.671,1.00056,1.00071,1.50,1.12
2015.11.12 20:56:30.722,1.00056,1.0007,1.12,1.12
2015.11.12 20:56:33.460,1.00052,1.00065,1.12,1.00
2015.11.12 20:56:33.800,1.0005,1.00062,3.75,1.37
2015.11.12 20:56:33.851,1.00044,1.0006,1.12,1.75
2015.11.12 20:56:38.186,1.00045,1.00061,1.12,1.37
2015.11.12 20:56:38.238,1.00047,1.00063,1.12,2.25
2015.11.12 20:56:38.748,1.00046,1.00064,1.12,1.87
2015.11.12 20:56:39.736,1.00044,1.00058,1.12,1.75
