2015.11.06 13:00:00.002,0.9962,0.99635,2.62,2.25
2015.11.06 13:00:00.308,0.99624,0.99638,1.12,1.12
2015.11.06 13:00:01.715,0.99624,0.9964,1.75,2.25
2015.11.06 13:00:03.587,0.99623,0.99637,1.75,1.75
2015.11.06 13:00:03.959,0.99618,0.99632,1.75,2.25
2015.11.06 13:00:04.266,0.9962,0.99635,1.87,2.25
2015.11.06 13:00:05.181,0.99622,0.99635,1.75,1.12
2015.11.06 13:00:05.524,0.99626,0.99638,1.75,1.00
2015.11.06 13:00:06.338,0.99625,0.9964,1.87,2.25
2015.11.06 13:00:15.200,0.99627,0.99642,1.75,3.75
2015.11.06 13:00:24.482,0.99633,0.99642,1.00,1.50
2015.11.06 13:00:24.533,0.99633,0.99642,1.00,1.50
2015.11.06 13:00:24.584,0.99634,0.99647,1.37,1.87
2015.11.06 13:00:24.635,0.99634,0.99647,1.75,1.50
2015.11.06 13:00:25.162,0.99635,0.9965,1.75,1.75
2015.11.06 13:00:26.112,0.99634,0.99648,2.25,1.75
2015.11.06 13:00:26.214,0.99634,0.99648,2.62,1.12
2015.11.06 13:00:28.881,0.99637,0.99649,1.75,1.37
2015.11.06 13:00:29.403,0.99637,0.99647,1.75,1.00
2015.11.06 13:00:29.809,0.99637,0.99648,1.50,1.12
2015.11.06 13:00:30.344,0.99634,0.99647,1.87,1.00
2015.11.06 13:00:30.854,0.99634,0.99642,1.37,1.00
2015.11.06 13:00:30.956,0.9963,0.9964,1.50,1.00
2015.11.06 13:00:31.058,0.9963,0.9964,1.00,1.00
2015.11.06 13:00:31.592,0.9963,0.99641,1.00,1.50
2015.11.06 13:00:32.100,0.9963,0.9964,1.00,1.00
2015.11.06 13:00:32.623,0.99626,0.99639,1.87,1.00
2015.11.06 13:00:33.849,0.99628,0.99639,1.12,1.00
2015.11.06 13:00:34.174,0.99629,0.99641,1.12,1.00
2015.11.06 13:00:34.843,0.99629,0.99642,1.12,1.50
2015.11.06 13:00:36.997,0.99633,0.99643,1.00,1.87
2015.11.06 13:00:37.152,0.99632,0.99644,1.12,1.00
2015.11.06 13:00:37.458,0.99634,0.99645,1.87,1.00
2015.11.06 13:00:38.751,0.99634,0.99647,1.87,1.00
2015.11.06 13:00:40.154,0.99634,0.99648,1.87,1.12
2015.11.06 13:00:40.206,0.99637,0.99648,1.87,1.00
2015.11.06 13:00:40.358,0.99637,0.9965,1.87,1.50
2015.11.06 13:00:40.902,0.99637,0.99649,1.12,1.00
2015.11.06 13:00:42.433,0.99637,0.9965,1.12,1.50
2015.11.06 13:00:44.736,0.99637,0.99648,1.12,1.00
2015.11.06 13:00:46.157,0.99635,0.99648,1.12,1.50
2015.11.06 13:00:46.518,0.99635,0.99645,1.12,1.00
2015.11.06 13:00:46.818,0.99635,0.99647,1.12,1.50
2015.11.06 13:00:49.593,0.99635,0.99646,1.12,1.00
2015.11.06 13:00:50.113,0.99635,0.99647,1.12,2.25
2015.11.06 13:00:51.326,0.99635,0.99645,1.12,1.00
2015.11.06 13:00:51.428,0.99635,0.99647,1.12,2.25
2015.11.06 13:00:57.910,0.99637,0.99649,1.75,1.12
2015.11.06 13:01:05.883,0.99639,0.99648,1.00,1.00
2015.11.06 13:01:06.036,0.99636,0.99647,2.25,1.12
2015.11.06 13:01:06.188,0.99636,0.99645,1.12,1.00
2015.11.06 13:01:07.341,0.99635,0.99645,1.75,1.50
2015.11.06 13:01:07.946,0.99635,0.99647,1.75,1.87
2015.11.06 13:01:10.574,0.99633,0.99646,1.87,1.12
2015.11.06 13:01:10.627,0.99633,0.99645,1.75,1.12
2015.11.06 13:01:10.679,0.9963,0.99642,1.12,1.12
2015.11.06 13:01:10.731,0.99629,0.99641,2.25,1.12
2015.11.06 13:01:11.238,0.99629,0.9964,1.75,1.00
2015.11.06 13:01:11.727,0.99629,0.99638,1.50,1.00
2015.11.06 13:01:12.563,0.99629,0.99641,2.25,1.50
2015.11.06 13:01:12.666,0.99631,0.99641,1.50,1.00
2015.11.06 13:01:12.808,0.99632,0.99644,1.00,1.50
2015.11.06 13:01:13.062,0.99631,0.99643,2.25,1.00
2015.11.06 13:01:13.367,0.99631,0.99639,1.50,1.00
2015.11.06 13:01:13.570,0.99627,0.99639,2.25,1.00
2015.11.06 13:01:16.782,0.99627,0.99641,2.25,1.50
2015.11.06 13:01:16.985,0.99628,0.99642,1.87,1.87
2015.11.06 13:01:17.508,0.99629,0.99641,1.75,1.00
2015.11.06 13:01:20.322,0.9963,0.99641,1.00,1.37
2015.11.06 13:01:21.135,0.99629,0.99641,1.50,1.50
2015.11.06 13:01:21.960,0.99629,0.99642,1.75,1.87
2015.11.06 13:01:22.869,0.99632,0.99643,1.50,1.12
2015.11.06 13:01:24.646,0.99633,0.99645,1.37,1.37
2015.11.06 13:01:24.747,0.99633,0.99645,1.50,1.12
2015.11.06 13:01:25.254,0.99633,0.99645,1.50,1.50
2015.11.06 13:01:25.990,0.99635,0.99645,1.00,1.50
2015.11.06 13:01:26.295,0.99636,0.99647,1.50,1.12
2015.11.06 13:01:32.263,0.99634,0.99647,1.37,1.37
2015.11.06 13:01:32.364,0.99632,0.99647,1.50,3.37
2015.11.06 13:01:32.466,0.99632,0.99647,1.50,3.00
2015.11.06 13:01:32.973,0.99632,0.99647,1.75,3.00
2015.11.06 13:01:34.193,0.99631,0.99645,1.75,1.75
2015.11.06 13:01:38.207,0.99638,0.99647,1.00,1.87
2015.11.06 13:01:38.366,0.99637,0.99649,1.00,1.00
2015.11.06 13:01:38.570,0.99636,0.9965,1.37,1.12
2015.11.06 13:01:39.076,0.99636,0.99646,1.00,1.00
2015.11.06 13:01:39.604,0.99635,0.99646,1.00,1.00
2015.11.06 13:01:41.958,0.99636,0.99646,1.00,1.00
2015.11.06 13:01:42.061,0.99636,0.99649,1.12,1.50
2015.11.06 13:01:42.576,0.99637,0.99649,1.00,1.50
2015.11.06 13:01:45.230,0.99638,0.99649,1.00,1.50
2015.11.06 13:01:45.780,0.99638,0.99649,1.50,1.12
2015.11.06 13:01:47.847,0.99637,0.99649,1.75,1.00
2015.11.06 13:01:48.885,0.99638,0.99651,1.50,1.37
2015.11.06 13:01:49.038,0.9964,0.99651,1.75,1.12
2015.11.06 13:01:49.545,0.99642,0.99652,1.50,1.00
2015.11.06 13:01:53.928,0.9964,0.9965,1.50,1.00
2015.11.06 13:01:55.036,0.99642,0.9965,1.12,1.00
2015.11.06 13:01:56.235,0.99642,0.99655,1.37,1.61
2015.11.06 13:01:56.338,0.99645,0.99655,1.00,1.00
2015.11.06 13:01:58.428,0.99643,0.99655,1.12,1.00
2015.11.06 13:01:58.581,0.99642,0.99655,1.75,1.87
2015.11.06 13:01:59.090,0.99642,0.99653,1.75,1.00
2015.11.06 13:01:59.680,0.99642,0.99653,1.50,1.12
2015.11.06 13:02:00.086,0.9964,0.99651,1.87,1.00
2015.11.06 13:02:00.290,0.9964,0.99651,1.50,1.12
2015.11.06 13:02:03.433,0.99639,0.99651,1.75,1.00
2015.11.06 13:02:04.335,0.99639,0.99651,1.75,1.12
2015.11.06 13:02:04.841,0.99639,0.9965,1.75,1.00
2015.11.06 13:02:05.388,0.99637,0.99648,1.87,1.00
2015.11.06 13:02:05.858,0.99637,0.99648,1.50,1.12
2015.11.06 13:02:06.361,0.99637,0.9965,1.75,1.87
2015.11.06 13:02:06.899,0.99637,0.99649,1.75,1.00
2015.11.06 13:02:08.346,0.99636,0.99648,1.12,1.00
2015.11.06 13:02:11.659,0.99636,0.99647,1.12,1.00
2015.11.06 13:02:11.710,0.99635,0.99647,1.37,1.37
2015.11.06 13:02:12.238,0.99635,0.99647,1.75,1.87
2015.11.06 13:02:15.292,0.99634,0.99648,1.12,1.87
2015.11.06 13:02:17.524,0.99634,0.99649,2.62,1.50
2015.11.06 13:02:18.158,0.99634,0.99649,2.62,1.37
2015.11.06 13:02:20.668,0.99636,0.99649,1.75,1.00
2015.11.06 13:02:25.392,0.99636,0.9965,1.87,1.87
2015.11.06 13:02:28.389,0.99636,0.99649,1.87,1.00
2015.11.06 13:02:30.424,0.99638,0.99649,1.00,1.00
2015.11.06 13:02:31.059,0.99638,0.99648,1.00,1.00
2015.11.06 13:02:31.464,0.99638,0.99645,1.00,1.00
2015.11.06 13:02:31.566,0.99633,0.99644,1.75,1.00
2015.11.06 13:02:31.618,0.99633,0.99643,1.00,1.75
2015.11.06 13:02:31.771,0.99626,0.99639,1.87,1.00
2015.11.06 13:02:32.316,0.99625,0.99639,1.87,1.87
2015.11.06 13:02:32.418,0.99627,0.9964,2.62,1.12
2015.11.06 13:02:32.520,0.99629,0.99643,1.50,1.50
2015.11.06 13:02:33.027,0.9963,0.99645,1.75,2.25
2015.11.06 13:02:33.561,0.99631,0.99645,1.75,1.50
2015.11.06 13:02:34.017,0.9963,0.99642,1.87,1.00
2015.11.06 13:02:34.525,0.99629,0.99642,2.62,1.00
2015.11.06 13:02:37.318,0.9963,0.99643,1.75,1.12
2015.11.06 13:02:47.285,0.9963,0.99642,1.75,1.50
2015.11.06 13:02:47.743,0.99628,0.9964,1.12,1.00
2015.11.06 13:02:47.996,0.99628,0.99642,1.87,1.12
2015.11.06 13:02:48.505,0.99628,0.99642,1.75,1.50
2015.11.06 13:02:52.017,0.99628,0.99641,1.87,1.00
2015.11.06 13:02:52.726,0.99628,0.99642,2.62,1.12
2015.11.06 13:02:56.845,0.99628,0.99641,1.87,1.00
2015.11.06 13:02:57.250,0.99626,0.99641,3.75,2.25
2015.11.06 13:02:57.792,0.99626,0.99638,1.75,1.00
2015.11.06 13:03:00.879,0.99624,0.99638,2.62,1.87
2015.11.06 13:03:03.115,0.99624,0.99635,1.87,1.00
2015.11.06 13:03:03.675,0.99624,0.99636,1.12,1.00
2015.11.06 13:03:04.221,0.99623,0.99636,3.37,1.00
2015.11.06 13:03:04.638,0.99623,0.99634,3.37,1.00
2015.11.06 13:03:05.529,0.99621,0.99631,1.75,1.00
2015.11.06 13:03:06.038,0.99621,0.9963,1.75,1.00
2015.11.06 13:03:06.557,0.99619,0.99631,1.87,1.00
2015.11.06 13:03:06.964,0.99619,0.99627,1.12,1.00
2015.11.06 13:03:07.168,0.99616,0.99624,1.12,1.00
2015.11.06 13:03:07.220,0.99617,0.99624,1.00,1.00
2015.11.06 13:03:07.272,0.99617,0.99627,1.00,1.00
2015.11.06 13:03:07.323,0.99616,0.99627,1.12,1.00
2015.11.06 13:03:07.742,0.99616,0.99625,1.12,1.00
2015.11.06 13:03:07.945,0.99616,0.99627,1.12,1.00
2015.11.06 13:03:08.047,0.99616,0.99631,1.12,3.00
2015.11.06 13:03:08.150,0.99619,0.99631,1.75,1.00
2015.11.06 13:03:08.252,0.9962,0.99634,1.75,2.25
2015.11.06 13:03:08.761,0.99619,0.99632,1.12,1.00
2015.11.06 13:03:11.979,0.99619,0.99632,1.75,1.87
2015.11.06 13:03:18.634,0.99618,0.99631,1.87,1.00
2015.11.06 13:03:20.161,0.99618,0.99632,1.87,1.87
2015.11.06 13:03:25.149,0.99618,0.99631,1.12,1.00
2015.11.06 13:03:25.201,0.99618,0.99627,1.12,1.00
2015.11.06 13:03:25.644,0.99616,0.99627,2.62,1.00
2015.11.06 13:03:25.747,0.99616,0.9963,1.12,2.62
2015.11.06 13:03:26.771,0.99616,0.99628,1.12,1.00
2015.11.06 13:03:27.305,0.99616,0.99629,1.12,1.00
2015.11.06 13:03:27.508,0.99619,0.99632,1.75,1.12
2015.11.06 13:03:28.499,0.99619,0.99631,1.75,1.00
2015.11.06 13:03:29.007,0.99618,0.9963,1.12,1.00
2015.11.06 13:03:29.536,0.99618,0.99629,1.12,1.00
2015.11.06 13:03:29.739,0.99616,0.99628,2.62,1.00
2015.11.06 13:03:30.277,0.99616,0.99627,1.87,1.00
2015.11.06 13:03:30.835,0.99616,0.99628,1.87,1.00
2015.11.06 13:03:31.039,0.99617,0.9963,1.12,1.12
2015.11.06 13:03:31.197,0.99621,0.9963,1.50,1.00
2015.11.06 13:03:31.249,0.99623,0.99632,1.00,1.00
2015.11.06 13:03:31.756,0.9962,0.99632,1.87,1.00
2015.11.06 13:03:32.899,0.9962,0.99632,1.75,1.00
2015.11.06 13:03:33.408,0.99619,0.99631,1.12,1.00
2015.11.06 13:03:33.944,0.9962,0.99632,1.75,1.00
2015.11.06 13:03:35.448,0.9962,0.99633,1.75,1.12
2015.11.06 13:03:35.966,0.99622,0.99633,1.87,1.12
2015.11.06 13:03:36.017,0.99626,0.99637,1.00,1.50
2015.11.06 13:03:36.322,0.99624,0.99638,1.87,1.12
2015.11.06 13:03:37.792,0.99624,0.99636,1.12,1.00
2015.11.06 13:03:37.843,0.99622,0.99636,1.12,1.12
2015.11.06 13:03:37.945,0.99621,0.99636,2.25,1.75
2015.11.06 13:03:39.768,0.99621,0.99634,1.87,1.12
2015.11.06 13:03:40.315,0.99622,0.99635,1.12,1.00
2015.11.06 13:03:42.268,0.99622,0.99636,1.87,1.12
2015.11.06 13:03:42.788,0.99623,0.99637,1.12,1.87
2015.11.06 13:03:43.712,0.99623,0.99636,1.12,1.00
2015.11.06 13:03:46.995,0.99623,0.99634,1.12,1.00
2015.11.06 13:03:47.153,0.9962,0.99633,1.12,1.00
2015.11.06 13:03:47.255,0.99622,0.99633,1.00,1.00
2015.11.06 13:03:47.762,0.99619,0.99633,1.37,1.37
2015.11.06 13:03:47.864,0.99619,0.99631,1.12,1.75
2015.11.06 13:03:48.384,0.99618,0.99631,1.12,1.75
2015.11.06 13:03:48.740,0.99615,0.99624,1.75,1.00
2015.11.06 13:03:48.893,0.99615,0.99623,1.00,1.50
2015.11.06 13:03:49.097,0.99615,0.99624,1.00,1.50
2015.11.06 13:03:49.200,0.99612,0.99624,1.00,1.50
2015.11.06 13:03:51.853,0.99613,0.99624,1.00,1.00
2015.11.06 13:03:52.006,0.99616,0.99625,1.00,1.00
2015.11.06 13:03:52.108,0.99617,0.99631,1.87,1.12
2015.11.06 13:03:52.248,0.99618,0.99632,1.50,1.12
2015.11.06 13:03:52.300,0.99618,0.99633,1.75,1.75
2015.11.06 13:03:52.402,0.99618,0.99633,2.62,1.50
2015.11.06 13:03:56.969,0.9962,0.99634,1.12,1.12
2015.11.06 13:04:01.208,0.99621,0.99635,1.12,1.12
2015.11.06 13:04:02.902,0.99622,0.99633,1.75,1.00
2015.11.06 13:04:03.004,0.99616,0.99628,1.75,1.00
2015.11.06 13:04:03.108,0.99615,0.99627,1.37,1.50
2015.11.06 13:04:03.159,0.9961,0.99624,1.87,2.25
2015.11.06 13:04:03.313,0.99612,0.99625,1.75,1.12
2015.11.06 13:04:03.821,0.99612,0.99626,1.12,1.12
2015.11.06 13:04:08.561,0.99612,0.99624,1.87,1.00
2015.11.06 13:04:09.198,0.9961,0.99621,1.12,1.00
2015.11.06 13:04:09.704,0.99609,0.99622,1.12,1.50
2015.11.06 13:04:13.741,0.99609,0.99621,1.12,1.00
2015.11.06 13:04:14.247,0.99609,0.99622,1.12,1.00
2015.11.06 13:04:14.762,0.99609,0.99623,1.12,1.12
2015.11.06 13:04:15.268,0.99609,0.99622,1.12,1.00
2015.11.06 13:04:15.775,0.9961,0.99623,1.75,1.12
2015.11.06 13:04:16.120,0.99612,0.99623,1.12,1.00
2015.11.06 13:04:16.628,0.99614,0.99624,1.12,1.00
2015.11.06 13:04:16.983,0.99612,0.99624,1.87,1.00
2015.11.06 13:04:17.666,0.99612,0.99623,1.12,1.00
2015.11.06 13:04:19.229,0.99612,0.99622,1.12,1.00
2015.11.06 13:04:19.737,0.99611,0.99623,1.12,1.00
2015.11.06 13:04:20.843,0.99611,0.99621,1.12,1.00
2015.11.06 13:04:21.350,0.99611,0.99622,1.12,1.00
2015.11.06 13:04:23.579,0.99611,0.99621,1.12,1.00
2015.11.06 13:04:24.123,0.99611,0.99622,1.12,1.00
2015.11.06 13:04:25.323,0.99611,0.99621,1.12,1.00
2015.11.06 13:04:25.833,0.99611,0.99622,1.12,1.00
2015.11.06 13:04:27.320,0.99611,0.99621,1.12,1.00
2015.11.06 13:04:27.371,0.99608,0.99621,2.62,1.00
2015.11.06 13:04:27.422,0.99608,0.99619,2.62,1.00
2015.11.06 13:04:27.787,0.99608,0.99622,1.12,1.87
2015.11.06 13:04:27.889,0.9961,0.99622,1.00,2.25
2015.11.06 13:04:27.991,0.99609,0.99623,1.12,1.12
2015.11.06 13:04:28.298,0.99611,0.99624,1.12,1.00
2015.11.06 13:04:28.807,0.99611,0.99625,1.12,1.87
2015.11.06 13:04:29.211,0.99613,0.99627,2.25,1.50
2015.11.06 13:04:29.313,0.99615,0.99629,1.87,1.12
2015.11.06 13:04:29.821,0.99616,0.99629,1.87,1.00
2015.11.06 13:04:30.328,0.99616,0.9963,1.87,1.12
2015.11.06 13:04:32.296,0.99619,0.99632,1.75,3.00
2015.11.06 13:04:32.601,0.9962,0.99635,1.87,3.00
2015.11.06 13:04:33.622,0.9962,0.99633,1.12,1.00
2015.11.06 13:04:34.181,0.9962,0.99634,1.12,1.12
2015.11.06 13:04:38.486,0.99619,0.99633,1.12,1.87
2015.11.06 13:04:38.995,0.99618,0.99631,1.12,1.50
2015.11.06 13:04:39.401,0.99616,0.99631,2.62,1.50
2015.11.06 13:04:39.784,0.99616,0.99628,1.75,1.12
2015.11.06 13:04:40.190,0.99614,0.99625,1.87,1.00
2015.11.06 13:04:40.502,0.99616,0.99627,1.00,1.00
2015.11.06 13:04:40.705,0.99612,0.99626,1.75,1.50
2015.11.06 13:04:43.627,0.99611,0.99623,1.12,1.00
2015.11.06 13:04:43.729,0.99609,0.99623,1.12,1.12
2015.11.06 13:04:45.809,0.99609,0.99622,1.12,1.00
2015.11.06 13:04:45.938,0.9961,0.99618,1.00,1.00
2015.11.06 13:04:46.344,0.99606,0.9962,1.12,1.87
2015.11.06 13:04:46.850,0.99606,0.99619,1.12,1.00
2015.11.06 13:04:47.494,0.99606,0.9962,1.87,1.12
2015.11.06 13:04:47.596,0.99608,0.99622,2.62,1.12
2015.11.06 13:04:47.800,0.99614,0.99625,1.00,1.50
2015.11.06 13:04:48.004,0.99614,0.99621,1.00,1.00
2015.11.06 13:04:48.106,0.99614,0.99623,1.00,1.00
2015.11.06 13:04:48.391,0.99614,0.99621,1.00,1.00
2015.11.06 13:04:48.697,0.99608,0.99619,1.12,1.00
2015.11.06 13:04:49.956,0.99607,0.99619,1.12,1.00
2015.11.06 13:04:51.438,0.99605,0.99611,1.75,1.12
2015.11.06 13:04:51.644,0.99598,0.99604,3.75,1.50
2015.11.06 13:04:51.746,0.99594,0.99601,1.12,1.00
2015.11.06 13:04:51.797,0.99593,0.99601,1.12,1.00
2015.11.06 13:04:52.090,0.99592,0.99603,1.12,1.00
2015.11.06 13:04:52.142,0.99592,0.99605,1.12,1.00
2015.11.06 13:04:52.549,0.99596,0.99606,4.12,1.00
2015.11.06 13:04:52.703,0.99593,0.99607,1.87,1.12
2015.11.06 13:04:52.755,0.99593,0.99608,1.75,2.62
2015.11.06 13:04:52.807,0.99594,0.99608,1.12,1.87
2015.11.06 13:04:52.859,0.99594,0.99609,1.75,3.75
2015.11.06 13:04:53.396,0.99596,0.99611,1.75,3.00
2015.11.06 13:04:54.059,0.99597,0.99611,1.37,2.25
2015.11.06 13:04:54.110,0.99597,0.99611,1.12,1.87
2015.11.06 13:04:54.313,0.99597,0.99609,1.12,1.00
2015.11.06 13:04:54.656,0.99597,0.99611,1.12,1.12
2015.11.06 13:04:55.063,0.99599,0.99612,1.87,1.12
2015.11.06 13:04:55.165,0.99601,0.99614,1.75,1.12
2015.11.06 13:04:56.685,0.99605,0.99617,1.00,2.25
2015.11.06 13:04:56.787,0.99606,0.99619,1.12,1.00
2015.11.06 13:04:57.304,0.99606,0.99621,2.62,3.00
2015.11.06 13:04:58.254,0.99607,0.99621,1.75,1.12
2015.11.06 13:04:58.763,0.99607,0.9962,1.12,1.00
2015.11.06 13:04:59.674,0.99607,0.99621,1.12,1.87
2015.11.06 13:05:01.206,0.99607,0.9962,1.12,1.00
2015.11.06 13:05:01.719,0.99608,0.9962,1.12,1.00
2015.11.06 13:05:02.000,0.99608,0.99622,1.12,2.62
2015.11.06 13:05:04.422,0.99608,0.99621,1.12,1.50
2015.11.06 13:05:08.422,0.99608,0.99622,1.12,2.62
2015.11.06 13:05:08.777,0.99614,0.99624,1.00,1.50
2015.11.06 13:05:09.631,0.99614,0.99625,1.00,1.50
2015.11.06 13:05:09.936,0.99614,0.99627,1.87,1.00
2015.11.06 13:05:10.341,0.99616,0.99629,1.75,1.12
2015.11.06 13:05:11.445,0.99619,0.99631,1.37,3.00
2015.11.06 13:05:11.598,0.99621,0.99632,1.50,1.12
2015.11.06 13:05:11.649,0.99621,0.99632,1.50,1.00
2015.11.06 13:05:12.200,0.99624,0.99633,1.12,1.00
2015.11.06 13:05:12.708,0.99622,0.99632,1.50,1.00
2015.11.06 13:05:14.195,0.99622,0.99634,1.50,2.25
2015.11.06 13:05:14.503,0.99631,0.99642,1.75,1.50
2015.11.06 13:05:14.554,0.99631,0.99644,1.75,3.37
2015.11.06 13:05:16.121,0.99635,0.99644,1.00,2.62
2015.11.06 13:05:19.281,0.99636,0.99644,1.00,2.62
2015.11.06 13:05:19.383,0.99638,0.99646,1.00,1.75
2015.11.06 13:05:19.434,0.99638,0.99646,1.00,1.12
2015.11.06 13:05:19.536,0.99641,0.99646,1.00,1.00
2015.11.06 13:05:19.587,0.99641,0.99651,1.00,1.50
2015.11.06 13:05:19.689,0.99641,0.99651,1.50,1.00
2015.11.06 13:05:20.687,0.99642,0.99651,1.00,1.00
2015.11.06 13:05:20.738,0.99643,0.99653,1.00,1.00
2015.11.06 13:05:21.306,0.99642,0.99654,1.00,1.50
2015.11.06 13:05:23.456,0.99642,0.99653,1.00,1.00
2015.11.06 13:05:23.986,0.99642,0.99654,1.00,2.25
2015.11.06 13:05:24.392,0.99644,0.99654,1.00,1.00
2015.11.06 13:05:24.907,0.99643,0.99654,1.00,1.00
2015.11.06 13:05:25.231,0.99646,0.99657,1.00,1.00
2015.11.06 13:05:25.744,0.99647,0.99657,1.00,1.00
2015.11.06 13:05:25.796,0.99644,0.99657,1.00,1.00
2015.11.06 13:05:26.051,0.99642,0.99656,1.00,1.00
2015.11.06 13:05:26.103,0.99642,0.99654,1.00,1.00
2015.11.06 13:05:26.433,0.9964,0.99652,1.00,1.50
2015.11.06 13:05:27.765,0.99639,0.99652,1.00,1.00
2015.11.06 13:05:29.227,0.99641,0.99652,1.00,1.50
2015.11.06 13:05:30.604,0.9964,0.99652,1.00,1.50
2015.11.06 13:05:30.757,0.99637,0.99652,1.12,3.00
2015.11.06 13:05:30.909,0.99637,0.9965,1.00,1.00
2015.11.06 13:05:31.418,0.99638,0.9965,1.00,1.00
2015.11.06 13:05:31.959,0.99637,0.9965,1.00,1.00
2015.11.06 13:05:32.468,0.99637,0.99651,1.00,1.50
2015.11.06 13:05:32.825,0.99639,0.99651,1.00,1.00
2015.11.06 13:05:33.364,0.99638,0.99652,1.00,1.00
2015.11.06 13:05:34.851,0.99637,0.99652,1.00,2.25
2015.11.06 13:05:35.360,0.99636,0.99651,1.50,1.00
2015.11.06 13:05:36.555,0.99636,0.9965,1.00,1.00
2015.11.06 13:05:36.876,0.99637,0.99652,1.00,1.50
2015.11.06 13:05:37.486,0.99636,0.99651,1.00,1.00
2015.11.06 13:05:38.580,0.99637,0.99652,1.00,2.25
2015.11.06 13:05:39.728,0.99637,0.99651,1.00,1.00
2015.11.06 13:05:39.983,0.9964,0.99653,1.00,1.50
2015.11.06 13:05:40.492,0.9964,0.99654,1.00,1.00
2015.11.06 13:05:41.035,0.99641,0.99653,1.00,1.00
2015.11.06 13:05:43.494,0.9964,0.99653,1.00,1.00
2015.11.06 13:05:44.001,0.9964,0.99654,1.00,1.50
2015.11.06 13:05:47.661,0.9964,0.99652,1.00,1.00
2015.11.06 13:05:47.814,0.99636,0.99651,1.87,1.00
2015.11.06 13:05:48.353,0.99635,0.9965,2.25,1.00
2015.11.06 13:05:48.710,0.99637,0.99652,1.00,1.50
2015.11.06 13:05:49.017,0.99641,0.99654,1.00,1.00
2015.11.06 13:05:50.278,0.99641,0.99656,1.00,1.50
2015.11.06 13:05:50.800,0.99642,0.99656,1.00,1.00
2015.11.06 13:05:51.746,0.99639,0.99656,1.50,2.25
2015.11.06 13:05:51.847,0.99639,0.99654,1.00,1.00
2015.11.06 13:05:53.312,0.99641,0.99654,1.00,1.00
2015.11.06 13:05:57.476,0.99642,0.99654,1.00,1.00
2015.11.06 13:06:00.129,0.99641,0.99654,1.00,1.00
2015.11.06 13:06:00.689,0.9964,0.99654,1.00,1.00
2015.11.06 13:06:01.859,0.9964,0.99655,1.00,1.50
2015.11.06 13:06:02.207,0.99642,0.99654,1.00,1.00
2015.11.06 13:06:02.259,0.99642,0.99657,1.50,1.50
2015.11.06 13:06:02.768,0.99641,0.99656,1.50,1.00
2015.11.06 13:06:03.229,0.9964,0.99654,1.50,1.50
2015.11.06 13:06:04.265,0.99639,0.99654,3.37,1.50
2015.11.06 13:06:05.177,0.9964,0.99654,1.00,1.00
2015.11.06 13:06:08.209,0.99641,0.99654,1.12,1.00
2015.11.06 13:06:11.247,0.9964,0.99653,1.87,1.00
2015.11.06 13:06:11.485,0.99638,0.99652,1.87,1.87
2015.11.06 13:06:11.538,0.9964,0.99652,1.12,1.00
2015.11.06 13:06:11.641,0.99638,0.99652,2.62,1.50
2015.11.06 13:06:12.150,0.99638,0.9965,1.87,1.00
2015.11.06 13:06:14.672,0.99638,0.99649,1.87,1.00
2015.11.06 13:06:21.283,0.99638,0.99651,1.12,1.00
2015.11.06 13:06:21.808,0.99638,0.99652,1.12,1.87
2015.11.06 13:06:22.946,0.9964,0.99653,1.87,1.12
2015.11.06 13:06:23.462,0.99642,0.99654,1.12,1.00
2015.11.06 13:06:23.666,0.99644,0.99658,1.87,1.12
2015.11.06 13:06:28.352,0.99646,0.99659,1.12,1.12
2015.11.06 13:06:29.389,0.99647,0.9966,1.75,1.12
2015.11.06 13:06:29.895,0.99647,0.99659,1.75,1.00
2015.11.06 13:06:33.697,0.99646,0.99655,2.62,1.00
2015.11.06 13:06:33.850,0.9964,0.9965,1.50,1.00
2015.11.06 13:06:44.351,0.99638,0.99649,1.12,1.00
2015.11.06 13:06:46.248,0.99639,0.9965,1.75,1.00
2015.11.06 13:06:49.432,0.99639,0.99652,1.75,1.12
2015.11.06 13:06:49.585,0.99641,0.99654,3.00,1.87
2015.11.06 13:06:49.906,0.99645,0.99659,1.75,1.75
2015.11.06 13:06:50.261,0.99648,0.99659,1.00,1.00
2015.11.06 13:06:52.429,0.99648,0.99658,1.00,1.00
2015.11.06 13:06:54.073,0.99644,0.99658,1.75,1.50
2015.11.06 13:06:54.991,0.99648,0.99659,1.50,1.00
2015.11.06 13:06:55.102,0.9965,0.99659,1.00,1.00
2015.11.06 13:06:59.999,0.99648,0.99662,1.75,2.25
2015.11.06 13:07:00.343,0.99642,0.99655,1.87,1.00
2015.11.06 13:07:00.850,0.99642,0.99654,1.12,1.00
2015.11.06 13:07:03.628,0.99642,0.99656,1.12,1.87
2015.11.06 13:07:04.137,0.99641,0.99656,1.87,2.25
2015.11.06 13:07:05.012,0.99641,0.99654,1.12,1.00
2015.11.06 13:07:05.564,0.99641,0.99655,1.12,1.87
2015.11.06 13:07:06.021,0.99641,0.99654,1.37,1.87
2015.11.06 13:07:07.335,0.99641,0.99654,1.12,1.50
2015.11.06 13:07:10.182,0.99644,0.99654,1.00,2.62
2015.11.06 13:07:10.488,0.99644,0.99659,1.50,3.37
2015.11.06 13:07:10.540,0.99644,0.99658,1.12,1.12
2015.11.06 13:07:10.591,0.99644,0.99659,1.50,3.37
2015.11.06 13:07:10.642,0.99645,0.99659,1.75,2.25
2015.11.06 13:07:11.286,0.99647,0.99659,1.00,3.75
2015.11.06 13:07:15.568,0.99642,0.99657,2.25,2.25
2015.11.06 13:07:15.906,0.9964,0.99653,1.87,1.00
2015.11.06 13:07:16.932,0.9964,0.9965,1.12,1.00
2015.11.06 13:07:16.983,0.99639,0.9965,1.75,1.00
2015.11.06 13:07:17.509,0.99641,0.99652,1.12,1.00
2015.11.06 13:07:17.561,0.99641,0.99654,1.87,1.50
2015.11.06 13:07:17.714,0.99644,0.99657,1.37,1.50
2015.11.06 13:07:17.816,0.99644,0.99657,5.25,1.12
2015.11.06 13:07:17.868,0.99646,0.99659,1.12,1.50
2015.11.06 13:07:19.920,0.99646,0.9966,1.87,1.87
2015.11.06 13:07:20.432,0.99646,0.99659,1.87,1.00
2015.11.06 13:07:21.313,0.99644,0.99656,1.12,1.00
2015.11.06 13:07:21.465,0.9964,0.99655,1.75,1.50
2015.11.06 13:07:24.133,0.99639,0.99652,1.12,1.00
2015.11.06 13:07:24.640,0.9964,0.99653,1.12,1.00
2015.11.06 13:07:24.843,0.99638,0.99652,1.12,1.12
2015.11.06 13:07:24.945,0.99638,0.9965,1.12,1.00
2015.11.06 13:07:25.250,0.99636,0.99647,1.12,1.00
2015.11.06 13:07:25.558,0.99639,0.9965,1.12,1.00
2015.11.06 13:07:25.660,0.99639,0.99653,1.12,1.87
2015.11.06 13:07:28.234,0.99639,0.99652,1.12,1.00
2015.11.06 13:07:28.386,0.99638,0.9965,1.12,1.00
2015.11.06 13:07:29.665,0.99638,0.99649,1.12,1.00
2015.11.06 13:07:30.663,0.99638,0.9965,1.12,1.50
2015.11.06 13:07:31.240,0.99638,0.99649,1.12,1.00
2015.11.06 13:07:33.774,0.99638,0.99648,1.12,1.00
2015.11.06 13:07:35.170,0.9964,0.99652,1.75,2.62
2015.11.06 13:07:35.682,0.99639,0.99653,1.12,1.12
2015.11.06 13:07:35.935,0.99639,0.99651,1.12,1.00
2015.11.06 13:07:36.037,0.99637,0.99651,2.25,1.12
2015.11.06 13:07:36.569,0.99637,0.9965,1.12,1.50
2015.11.06 13:07:36.924,0.99638,0.99652,1.12,1.50
2015.11.06 13:07:38.116,0.99641,0.99652,1.00,1.37
2015.11.06 13:07:38.576,0.99636,0.99648,1.12,1.00
2015.11.06 13:07:39.083,0.99636,0.99649,1.12,1.50
2015.11.06 13:07:39.347,0.99637,0.99651,1.12,1.12
2015.11.06 13:07:39.854,0.99637,0.9965,1.12,1.00
2015.11.06 13:07:40.438,0.99637,0.99651,1.12,1.12
2015.11.06 13:07:41.658,0.99637,0.9965,1.12,1.00
2015.11.06 13:07:42.217,0.99637,0.99651,1.12,1.12
2015.11.06 13:07:42.728,0.99638,0.99652,1.87,1.12
2015.11.06 13:07:44.484,0.99638,0.99651,1.12,1.00
2015.11.06 13:07:45.298,0.99638,0.9965,1.12,1.00
2015.11.06 13:07:48.421,0.9964,0.99651,1.50,1.87
2015.11.06 13:07:48.625,0.99639,0.99651,1.87,1.00
2015.11.06 13:07:48.748,0.99641,0.99654,1.75,1.50
2015.11.06 13:07:49.256,0.99643,0.99654,1.37,1.12
2015.11.06 13:07:49.763,0.99641,0.99654,1.75,1.50
2015.11.06 13:07:54.503,0.99642,0.99655,1.12,1.50
2015.11.06 13:07:54.605,0.99643,0.99655,1.00,1.50
2015.11.06 13:07:54.707,0.99643,0.99655,1.12,1.00
2015.11.06 13:07:54.809,0.99643,0.99655,1.50,1.50
2015.11.06 13:07:55.215,0.99642,0.99655,1.12,1.00
2015.11.06 13:07:55.318,0.9964,0.99654,2.62,1.50
2015.11.06 13:07:59.349,0.99644,0.99656,1.12,1.00
2015.11.06 13:07:59.451,0.99643,0.99656,2.25,1.50
2015.11.06 13:07:59.553,0.99644,0.99656,1.87,1.00
2015.11.06 13:07:59.654,0.99644,0.99656,1.50,1.50
2015.11.06 13:08:01.944,0.99644,0.99656,1.75,1.00
2015.11.06 13:08:02.046,0.99643,0.99655,1.75,1.12
2015.11.06 13:08:02.149,0.99643,0.99655,1.12,1.75
2015.11.06 13:08:02.453,0.99641,0.99654,2.62,1.00
2015.11.06 13:08:02.960,0.99641,0.99655,2.62,1.87
2015.11.06 13:08:04.086,0.99642,0.99654,2.25,1.00
2015.11.06 13:08:04.443,0.99645,0.99655,1.12,1.00
2015.11.06 13:08:04.544,0.99643,0.99655,1.37,1.37
2015.11.06 13:08:04.646,0.99644,0.99656,1.12,1.00
2015.11.06 13:08:08.109,0.99644,0.99655,1.12,1.00
2015.11.06 13:08:10.054,0.99643,0.99654,1.12,1.50
2015.11.06 13:08:13.283,0.99641,0.99651,1.00,1.00
2015.11.06 13:08:13.830,0.99641,0.99652,1.00,1.00
2015.11.06 13:08:14.689,0.99641,0.9965,1.00,1.00
2015.11.06 13:08:14.944,0.99641,0.99653,1.00,3.00
2015.11.06 13:08:15.352,0.99641,0.99651,1.00,1.00
2015.11.06 13:08:17.139,0.99641,0.99649,1.00,1.00
2015.11.06 13:08:17.676,0.9964,0.99652,1.87,1.00
2015.11.06 13:08:17.779,0.9964,0.99654,1.87,1.87
2015.11.06 13:08:18.285,0.99642,0.99655,1.50,2.25
2015.11.06 13:08:22.899,0.99643,0.99654,1.12,1.12
2015.11.06 13:08:23.420,0.99644,0.99655,1.00,1.50
2015.11.06 13:08:26.521,0.99644,0.99655,1.37,1.12
2015.11.06 13:08:31.785,0.99645,0.99655,1.75,1.00
2015.11.06 13:08:31.887,0.99649,0.9966,1.12,2.25
2015.11.06 13:08:32.425,0.99649,0.9966,1.50,1.12
2015.11.06 13:08:39.432,0.99651,0.9966,1.00,1.12
2015.11.06 13:08:39.665,0.99652,0.9966,1.50,1.00
2015.11.06 13:08:39.716,0.99652,0.99662,1.50,1.00
2015.11.06 13:08:39.973,0.9965,0.99663,1.50,1.75
2015.11.06 13:08:40.480,0.99648,0.9966,1.75,1.00
2015.11.06 13:08:42.313,0.99647,0.99659,1.87,1.00
2015.11.06 13:08:43.616,0.99648,0.9966,1.75,1.00
2015.11.06 13:08:46.748,0.9965,0.9966,1.00,1.12
2015.11.06 13:08:47.277,0.99646,0.99659,2.62,1.50
2015.11.06 13:08:49.816,0.99648,0.9966,1.75,1.12
2015.11.06 13:08:56.443,0.99646,0.99659,2.62,1.00
2015.11.06 13:09:04.396,0.99645,0.99658,2.62,1.87
2015.11.06 13:09:04.904,0.99645,0.99658,2.25,1.12
2015.11.06 13:09:06.889,0.99645,0.99659,2.25,1.87
2015.11.06 13:09:06.991,0.99647,0.9966,1.75,2.25
2015.11.06 13:09:09.777,0.99648,0.9966,1.50,1.50
2015.11.06 13:09:13.980,0.99646,0.99659,2.62,1.00
2015.11.06 13:09:14.673,0.99648,0.9966,1.75,1.12
2015.11.06 13:09:16.499,0.99646,0.99659,1.87,1.00
2015.11.06 13:09:21.802,0.99646,0.99658,1.87,1.00
2015.11.06 13:09:22.309,0.99646,0.99658,1.75,1.00
2015.11.06 13:09:22.613,0.99648,0.9966,2.62,1.00
2015.11.06 13:09:22.745,0.99648,0.9966,1.75,1.12
2015.11.06 13:09:22.847,0.9965,0.99661,4.12,1.37
2015.11.06 13:09:22.898,0.99653,0.99662,1.12,1.00
2015.11.06 13:09:23.897,0.99653,0.99661,1.12,1.50
2015.11.06 13:09:23.948,0.99647,0.99657,1.37,1.00
2015.11.06 13:09:23.999,0.99643,0.99654,1.87,1.00
2015.11.06 13:09:24.304,0.99644,0.99656,1.12,1.50
2015.11.06 13:09:24.405,0.99643,0.99654,1.12,1.00
2015.11.06 13:09:25.639,0.99643,0.99656,1.12,1.50
2015.11.06 13:09:25.690,0.99648,0.99656,3.75,1.00
2015.11.06 13:09:25.792,0.99646,0.99658,1.50,1.50
2015.11.06 13:09:25.844,0.99647,0.99658,1.12,1.00
2015.11.06 13:09:25.945,0.99646,0.99658,1.00,1.75
2015.11.06 13:09:26.047,0.99647,0.99658,1.12,1.00
2015.11.06 13:09:30.601,0.99647,0.99659,1.12,3.00
2015.11.06 13:09:30.937,0.99647,0.99657,1.12,1.00
2015.11.06 13:09:31.039,0.99641,0.99654,1.75,2.25
2015.11.06 13:09:31.140,0.9964,0.9965,1.75,1.50
2015.11.06 13:09:31.648,0.99639,0.99649,1.12,1.50
2015.11.06 13:09:35.862,0.99637,0.9965,1.12,1.00
2015.11.06 13:09:36.369,0.99637,0.99649,1.12,1.00
2015.11.06 13:09:38.178,0.99638,0.99649,1.12,1.00
2015.11.06 13:09:45.203,0.99639,0.99649,1.12,1.50
2015.11.06 13:09:45.559,0.99639,0.99651,1.12,2.25
2015.11.06 13:09:47.805,0.99639,0.99647,1.12,1.00
2015.11.06 13:09:47.907,0.99632,0.99644,3.00,1.00
2015.11.06 13:09:48.009,0.99632,0.99644,2.25,1.12
2015.11.06 13:09:49.786,0.99634,0.99646,4.12,1.37
2015.11.06 13:09:50.356,0.99637,0.99645,1.12,1.00
2015.11.06 13:09:52.786,0.99639,0.99644,1.00,1.00
2015.11.06 13:09:52.939,0.99634,0.99644,1.00,1.75
2015.11.06 13:09:53.092,0.99634,0.99644,1.50,1.37
2015.11.06 13:09:53.272,0.99634,0.99644,1.00,1.75
2015.11.06 13:09:53.425,0.99631,0.99644,1.50,1.75
2015.11.06 13:09:57.994,0.99631,0.99644,4.12,2.25
2015.11.06 13:09:58.505,0.9963,0.99643,1.50,1.75
2015.11.06 13:09:58.911,0.99635,0.99647,3.00,1.50
2015.11.06 13:09:59.216,0.99639,0.99655,1.75,3.00
2015.11.06 13:10:00.338,0.99647,0.99655,1.00,1.00
2015.11.06 13:10:00.440,0.99641,0.99655,1.75,1.75
2015.11.06 13:10:00.796,0.99642,0.99655,5.62,1.37
2015.11.06 13:10:01.304,0.99644,0.99655,1.12,1.00
2015.11.06 13:10:01.692,0.99644,0.99655,1.37,1.37
2015.11.06 13:10:01.743,0.99644,0.99654,1.00,1.75
2015.11.06 13:10:01.794,0.99644,0.99653,1.00,1.37
2015.11.06 13:10:01.946,0.99639,0.99653,1.12,1.12
2015.11.06 13:10:02.696,0.9964,0.99654,1.37,2.62
2015.11.06 13:10:02.748,0.99642,0.99654,1.00,2.25
2015.11.06 13:10:03.003,0.99642,0.99654,4.87,1.87
2015.11.06 13:10:03.156,0.9964,0.99654,1.12,2.62
2015.11.06 13:10:03.665,0.99641,0.99654,1.00,2.62
2015.11.06 13:10:06.460,0.99642,0.99654,1.00,1.50
2015.11.06 13:10:06.765,0.99645,0.99654,1.12,1.00
2015.11.06 13:10:06.866,0.99642,0.99654,1.00,1.75
2015.11.06 13:10:07.151,0.99643,0.99655,1.50,1.50
2015.11.06 13:10:09.247,0.99643,0.99654,1.00,1.75
2015.11.06 13:10:10.157,0.99643,0.99655,4.50,1.37
2015.11.06 13:10:10.208,0.99645,0.99656,1.12,1.50
2015.11.06 13:10:11.276,0.99647,0.99655,1.00,1.00
2015.11.06 13:10:28.382,0.99647,0.99652,1.00,1.00
2015.11.06 13:10:28.535,0.99642,0.99654,1.00,2.25
2015.11.06 13:10:28.940,0.99643,0.99653,1.00,1.00
2015.11.06 13:10:30.092,0.99643,0.99655,1.87,1.87
2015.11.06 13:10:30.143,0.99644,0.99655,1.12,1.50
2015.11.06 13:10:35.664,0.99644,0.99654,1.12,1.00
2015.11.06 13:10:36.191,0.99644,0.99655,1.12,1.50
2015.11.06 13:10:36.564,0.99642,0.99655,4.50,1.87
2015.11.06 13:10:36.666,0.99642,0.99655,1.12,2.62
2015.11.06 13:10:37.206,0.99642,0.99654,1.00,1.87
2015.11.06 13:10:37.258,0.9964,0.99654,1.12,1.87
2015.11.06 13:10:37.359,0.99641,0.99653,1.00,1.00
2015.11.06 13:10:37.461,0.99639,0.99654,1.50,2.62
2015.11.06 13:10:38.352,0.99643,0.99654,1.12,1.50
2015.11.06 13:10:38.454,0.9964,0.99654,1.75,2.25
2015.11.06 13:10:41.691,0.99643,0.99654,1.37,1.37
2015.11.06 13:10:41.958,0.99639,0.99651,1.50,1.00
2015.11.06 13:10:42.540,0.9964,0.99651,1.00,1.00
2015.11.06 13:10:42.692,0.9964,0.99654,1.75,1.37
2015.11.06 13:10:45.333,0.9964,0.99654,2.62,1.37
2015.11.06 13:10:45.790,0.99643,0.99655,1.00,1.87
2015.11.06 13:10:46.095,0.99646,0.99658,1.12,1.50
2015.11.06 13:10:47.920,0.99644,0.99658,3.75,1.87
2015.11.06 13:10:47.972,0.99643,0.99655,1.50,1.50
2015.11.06 13:10:48.023,0.99644,0.99655,1.37,1.37
2015.11.06 13:10:48.166,0.99642,0.99655,2.25,1.12
2015.11.06 13:10:48.369,0.9964,0.99654,1.75,2.25
2015.11.06 13:10:49.320,0.9964,0.99654,1.87,1.87
2015.11.06 13:10:49.624,0.99643,0.99654,4.12,1.87
2015.11.06 13:10:49.675,0.9964,0.99654,1.87,1.87
2015.11.06 13:10:50.174,0.99643,0.99654,1.12,1.00
2015.11.06 13:10:50.275,0.9964,0.99654,1.87,1.12
2015.11.06 13:10:51.356,0.9964,0.99651,1.75,1.00
2015.11.06 13:10:51.660,0.99641,0.99651,1.12,1.50
2015.11.06 13:10:52.168,0.99641,0.9965,1.12,1.00
2015.11.06 13:10:54.084,0.99639,0.9965,1.12,1.00
2015.11.06 13:11:02.705,0.99639,0.99654,1.87,3.00
2015.11.06 13:11:02.909,0.99642,0.99654,1.75,1.00
2015.11.06 13:11:03.214,0.99643,0.99655,1.87,1.00
2015.11.06 13:11:04.896,0.99643,0.99654,1.87,1.00
2015.11.06 13:11:04.998,0.99638,0.9965,3.75,1.00
2015.11.06 13:11:05.883,0.99638,0.99649,1.12,1.00
2015.11.06 13:11:18.268,0.99637,0.99649,1.12,1.00
2015.11.06 13:11:20.620,0.99638,0.99649,1.87,1.00
2015.11.06 13:11:21.142,0.99638,0.9965,2.62,1.00
2015.11.06 13:11:24.036,0.9964,0.9965,1.12,1.00
2015.11.06 13:11:24.138,0.9964,0.99654,1.12,1.87
2015.11.06 13:11:24.241,0.99644,0.99652,1.12,1.00
2015.11.06 13:11:24.343,0.9964,0.99654,1.87,1.12
2015.11.06 13:11:24.445,0.9964,0.99654,1.75,1.37
2015.11.06 13:11:24.750,0.99644,0.99654,1.00,1.12
2015.11.06 13:11:25.651,0.9964,0.99654,1.75,1.87
2015.11.06 13:11:25.956,0.99638,0.99649,1.87,1.00
2015.11.06 13:11:26.501,0.99638,0.99648,1.87,1.00
2015.11.06 13:11:27.651,0.99638,0.99649,1.12,1.00
2015.11.06 13:11:28.260,0.99638,0.99651,1.12,1.50
2015.11.06 13:11:29.833,0.99638,0.9965,1.12,1.00
2015.11.06 13:11:29.884,0.99638,0.99648,1.12,1.00
2015.11.06 13:11:29.988,0.99638,0.9965,1.12,1.00
2015.11.06 13:11:30.525,0.99638,0.99649,1.12,1.50
2015.11.06 13:11:31.654,0.99638,0.9965,1.12,1.00
2015.11.06 13:11:33.728,0.99639,0.9965,1.75,1.12
2015.11.06 13:11:33.780,0.99637,0.99647,1.12,1.37
2015.11.06 13:11:33.933,0.99635,0.99643,1.00,1.00
2015.11.06 13:11:34.446,0.99634,0.99642,1.50,1.00
2015.11.06 13:11:36.051,0.99633,0.99642,1.12,1.00
2015.11.06 13:11:36.103,0.99631,0.99643,1.87,1.00
2015.11.06 13:11:36.243,0.9963,0.99643,1.50,1.75
2015.11.06 13:11:36.295,0.99627,0.99638,1.12,1.12
2015.11.06 13:11:36.449,0.99624,0.99633,1.50,1.12
2015.11.06 13:11:36.858,0.99624,0.99635,1.50,1.12
2015.11.06 13:11:37.404,0.9962,0.99634,1.12,2.62
2015.11.06 13:11:38.809,0.99622,0.99635,2.25,1.00
2015.11.06 13:11:39.115,0.99624,0.99639,1.87,1.50
2015.11.06 13:11:39.420,0.99622,0.99636,2.62,1.12
2015.11.06 13:11:39.725,0.99625,0.99639,1.12,1.12
2015.11.06 13:11:40.062,0.99623,0.99637,1.75,1.50
2015.11.06 13:11:40.572,0.99622,0.99636,2.25,1.50
2015.11.06 13:11:40.876,0.99623,0.99636,1.12,1.00
2015.11.06 13:11:41.164,0.99621,0.99635,1.87,1.12
2015.11.06 13:11:41.469,0.99623,0.99636,1.12,1.50
2015.11.06 13:11:41.976,0.99623,0.99637,1.87,1.12
2015.11.06 13:11:46.223,0.99624,0.99637,1.87,1.00
2015.11.06 13:11:46.720,0.99624,0.99636,1.50,1.00
2015.11.06 13:11:47.026,0.99624,0.99637,1.87,1.12
2015.11.06 13:11:47.128,0.99624,0.99635,1.50,1.00
2015.11.06 13:11:47.637,0.99623,0.99635,1.75,1.12
2015.11.06 13:11:47.840,0.99625,0.99636,1.75,1.00
2015.11.06 13:11:47.892,0.99625,0.99638,1.75,1.12
2015.11.06 13:11:48.433,0.99625,0.99638,1.75,1.50
2015.11.06 13:11:51.018,0.99625,0.99638,1.37,2.25
2015.11.06 13:11:51.120,0.99623,0.99637,1.75,2.25
2015.11.06 13:11:51.461,0.99623,0.99637,1.12,2.25
2015.11.06 13:11:51.970,0.99625,0.99637,1.75,1.00
2015.11.06 13:11:52.477,0.99625,0.99636,1.87,1.00
2015.11.06 13:11:52.980,0.99626,0.99636,1.12,1.00
2015.11.06 13:11:56.316,0.99626,0.99638,1.12,1.00
2015.11.06 13:11:56.627,0.99625,0.99638,1.75,1.12
2015.11.06 13:11:57.136,0.99626,0.99638,1.75,1.00
2015.11.06 13:11:58.312,0.99625,0.99637,1.87,1.00
2015.11.06 13:11:59.064,0.99623,0.99636,1.12,1.00
2015.11.06 13:11:59.166,0.99621,0.99635,1.12,1.12
2015.11.06 13:11:59.217,0.99623,0.99634,1.00,1.00
2015.11.06 13:11:59.525,0.99626,0.99636,1.00,1.75
2015.11.06 13:11:59.628,0.99627,0.9964,1.12,1.00
2015.11.06 13:12:00.057,0.99629,0.99638,1.00,1.00
2015.11.06 13:12:00.159,0.99625,0.99638,1.75,1.50
2015.11.06 13:12:00.363,0.99626,0.9964,2.62,1.12
2015.11.06 13:12:00.668,0.9963,0.99641,1.12,1.00
2015.11.06 13:12:00.770,0.99628,0.99642,2.62,1.12
2015.11.06 13:12:01.025,0.9963,0.99645,1.87,3.75
2015.11.06 13:12:01.437,0.99632,0.99644,1.87,1.00
2015.11.06 13:12:01.962,0.99633,0.99645,1.75,1.00
2015.11.06 13:12:03.282,0.99634,0.99645,1.75,1.00
2015.11.06 13:12:03.587,0.99638,0.99648,1.12,1.00
2015.11.06 13:12:04.127,0.99637,0.99649,1.12,1.00
2015.11.06 13:12:05.961,0.99639,0.99649,1.12,1.00
2015.11.06 13:12:06.164,0.99637,0.99648,1.75,1.00
2015.11.06 13:12:06.215,0.99637,0.99644,1.75,1.00
2015.11.06 13:12:06.266,0.99637,0.99642,1.00,1.00
2015.11.06 13:12:06.471,0.99631,0.99642,1.12,1.50
2015.11.06 13:12:06.572,0.99629,0.99642,1.87,1.00
2015.11.06 13:12:06.686,0.99631,0.99643,1.00,1.50
2015.11.06 13:12:06.737,0.9963,0.99643,1.12,1.12
2015.11.06 13:12:07.246,0.99631,0.99642,1.12,1.00
2015.11.06 13:12:08.793,0.99631,0.99643,1.12,1.00
2015.11.06 13:12:09.324,0.99632,0.99644,1.75,1.00
2015.11.06 13:12:09.426,0.99633,0.99647,2.62,1.12
2015.11.06 13:12:09.944,0.99634,0.99647,1.87,1.00
2015.11.06 13:12:10.924,0.99635,0.99647,1.12,1.00
2015.11.06 13:12:13.487,0.99635,0.99647,1.37,1.87
2015.11.06 13:12:13.690,0.99629,0.99642,1.12,1.12
2015.11.06 13:12:13.994,0.99631,0.99642,1.12,1.00
2015.11.06 13:12:14.509,0.99631,0.99643,1.12,1.50
2015.11.06 13:12:15.384,0.99631,0.99644,1.12,1.00
2015.11.06 13:12:16.133,0.99631,0.99642,1.12,1.00
2015.11.06 13:12:16.336,0.99633,0.99645,1.12,1.00
2015.11.06 13:12:20.050,0.99638,0.99645,1.00,1.00
2015.11.06 13:12:20.152,0.99638,0.99647,1.00,1.00
2015.11.06 13:12:20.355,0.99637,0.99648,1.12,1.00
2015.11.06 13:12:20.906,0.99636,0.99648,1.12,1.00
2015.11.06 13:12:24.277,0.99636,0.99649,1.12,1.00
2015.11.06 13:12:25.350,0.99636,0.9965,1.12,1.87
2015.11.06 13:12:26.247,0.99636,0.99649,1.12,1.00
2015.11.06 13:12:27.593,0.99634,0.99647,2.62,1.00
2015.11.06 13:12:28.634,0.99635,0.99647,1.12,1.00
2015.11.06 13:12:28.786,0.99636,0.99649,1.12,1.00
2015.11.06 13:12:28.989,0.99636,0.99647,1.12,1.00
2015.11.06 13:12:29.824,0.99636,0.99649,1.87,1.00
2015.11.06 13:12:30.331,0.99637,0.99649,2.62,1.00
2015.11.06 13:12:32.302,0.99637,0.99649,1.75,1.87
2015.11.06 13:12:34.690,0.99636,0.9965,1.87,1.12
2015.11.06 13:12:34.943,0.99638,0.99651,1.87,1.37
2015.11.06 13:12:35.482,0.99639,0.9965,1.12,1.00
2015.11.06 13:12:35.584,0.99639,0.99652,1.12,1.00
2015.11.06 13:12:35.890,0.99637,0.99651,2.62,1.12
2015.11.06 13:12:36.416,0.99637,0.99651,1.75,2.25
2015.11.06 13:12:38.388,0.99636,0.99646,1.50,1.00
2015.11.06 13:12:38.693,0.99632,0.99642,1.75,1.00
2015.11.06 13:12:38.877,0.99632,0.99642,1.50,1.00
2015.11.06 13:12:39.232,0.99632,0.99644,1.00,1.50
2015.11.06 13:12:39.283,0.99631,0.99644,1.75,1.50
2015.11.06 13:12:39.587,0.99633,0.99647,1.87,1.87
2015.11.06 13:12:42.630,0.99634,0.99648,1.12,1.12
2015.11.06 13:12:43.162,0.99635,0.99648,1.87,1.00
2015.11.06 13:12:43.669,0.99636,0.99649,1.75,1.87
2015.11.06 13:12:44.226,0.99636,0.99649,1.87,1.50
2015.11.06 13:12:47.929,0.99636,0.99651,1.87,2.25
2015.11.06 13:12:48.523,0.99636,0.99649,1.12,1.00
2015.11.06 13:12:49.051,0.99635,0.99649,1.87,1.87
2015.11.06 13:12:49.631,0.99636,0.99649,1.12,1.12
2015.11.06 13:12:49.733,0.99637,0.99651,1.87,1.12
2015.11.06 13:12:49.918,0.99638,0.99649,1.75,1.00
2015.11.06 13:12:51.926,0.99638,0.99652,1.75,1.50
2015.11.06 13:12:52.161,0.9964,0.99654,2.25,1.37
2015.11.06 13:12:52.212,0.9964,0.99654,2.62,1.12
2015.11.06 13:12:52.315,0.9964,0.9965,1.75,1.00
2015.11.06 13:12:52.418,0.9964,0.9965,1.00,1.50
2015.11.06 13:12:53.113,0.99638,0.9965,1.75,1.37
2015.11.06 13:12:53.214,0.99638,0.99648,1.12,1.37
2015.11.06 13:12:53.346,0.99633,0.99648,1.75,2.25
2015.11.06 13:12:53.551,0.99632,0.99642,1.12,1.12
2015.11.06 13:12:53.857,0.99634,0.99645,1.75,1.00
2015.11.06 13:12:53.958,0.99634,0.99645,1.12,1.50
2015.11.06 13:12:54.010,0.99633,0.99645,1.87,1.12
2015.11.06 13:12:54.556,0.99632,0.99645,1.87,1.00
2015.11.06 13:12:55.418,0.99633,0.99645,1.87,1.00
2015.11.06 13:12:55.469,0.99633,0.99647,1.87,1.12
2015.11.06 13:12:55.999,0.99633,0.99646,1.37,1.37
2015.11.06 13:12:56.051,0.99631,0.99646,1.75,1.75
2015.11.06 13:12:56.559,0.9963,0.99644,3.00,1.50
2015.11.06 13:12:56.864,0.99631,0.99644,1.12,1.37
2015.11.06 13:12:57.411,0.99631,0.99642,2.25,1.00
2015.11.06 13:12:57.665,0.99622,0.99637,3.00,1.50
2015.11.06 13:12:58.023,0.99625,0.99638,1.50,1.12
2015.11.06 13:12:58.227,0.99625,0.9964,2.25,1.50
2015.11.06 13:12:58.566,0.9963,0.99642,1.75,1.12
2015.11.06 13:12:58.971,0.9963,0.99645,1.87,1.87
2015.11.06 13:12:59.073,0.99631,0.99645,1.87,1.87
2015.11.06 13:12:59.277,0.99631,0.99645,1.75,2.25
2015.11.06 13:13:00.172,0.99631,0.99645,1.50,2.25
2015.11.06 13:13:00.274,0.99629,0.99644,2.25,1.75
2015.11.06 13:13:00.580,0.99631,0.99645,2.25,1.50
2015.11.06 13:13:00.884,0.99634,0.99645,1.75,1.00
2015.11.06 13:13:01.033,0.99633,0.99645,2.25,1.50
2015.11.06 13:13:01.236,0.99633,0.99645,2.25,1.00
2015.11.06 13:13:01.491,0.99631,0.99641,1.12,1.00
2015.11.06 13:13:01.593,0.99626,0.99641,1.87,1.75
2015.11.06 13:13:01.644,0.99626,0.99641,1.75,1.75
2015.11.06 13:13:02.163,0.99625,0.99639,1.50,1.75
2015.11.06 13:13:02.471,0.99623,0.99633,1.75,1.00
2015.11.06 13:13:02.523,0.99621,0.99633,1.75,1.00
2015.11.06 13:13:02.776,0.99619,0.99631,1.87,1.00
2015.11.06 13:13:02.879,0.99619,0.99631,1.50,1.50
2015.11.06 13:13:06.578,0.99619,0.99629,1.00,1.00
2015.11.06 13:13:06.882,0.99617,0.99631,1.12,1.87
2015.11.06 13:13:07.624,0.99622,0.99631,1.50,1.00
2015.11.06 13:13:07.777,0.99625,0.99637,1.00,1.75
2015.11.06 13:13:07.879,0.99627,0.99639,1.12,1.75
2015.11.06 13:13:08.390,0.99627,0.9964,1.12,2.25
2015.11.06 13:13:09.382,0.99629,0.99641,1.00,1.87
2015.11.06 13:13:09.537,0.9963,0.9964,1.12,1.12
2015.11.06 13:13:10.045,0.99629,0.9964,1.75,1.00
2015.11.06 13:13:11.225,0.99628,0.99639,1.00,1.75
2015.11.06 13:13:11.429,0.99625,0.99638,1.12,1.75
2015.11.06 13:13:11.937,0.99625,0.99639,1.50,1.75
2015.11.06 13:13:13.048,0.99625,0.99637,1.12,1.75
2015.11.06 13:13:13.738,0.99625,0.99636,1.75,1.00
2015.11.06 13:13:14.044,0.99625,0.99637,1.00,1.75
2015.11.06 13:13:14.145,0.99625,0.99637,1.50,1.50
2015.11.06 13:13:14.648,0.99625,0.99637,1.12,1.75
2015.11.06 13:13:15.149,0.99625,0.99636,1.00,1.50
2015.11.06 13:13:15.657,0.99624,0.99636,1.12,1.50
2015.11.06 13:13:15.961,0.99624,0.99636,1.00,2.62
2015.11.06 13:13:16.498,0.99624,0.99635,1.00,1.75
2015.11.06 13:13:20.138,0.99624,0.99634,1.12,1.00
2015.11.06 13:13:23.455,0.99625,0.99637,1.00,1.75
2015.11.06 13:13:23.609,0.99625,0.99637,1.75,1.12
2015.11.06 13:13:26.150,0.99627,0.99639,1.37,1.50
2015.11.06 13:13:26.454,0.99631,0.99639,1.12,1.00
2015.11.06 13:13:27.002,0.99632,0.9964,1.00,1.50
2015.11.06 13:13:28.972,0.99631,0.9964,1.12,1.50
2015.11.06 13:13:29.304,0.99631,0.99638,1.12,1.00
2015.11.06 13:13:30.025,0.99629,0.99639,1.50,1.00
2015.11.06 13:13:31.330,0.99632,0.99639,1.00,1.00
2015.11.06 13:13:32.500,0.99633,0.99639,1.00,1.00
2015.11.06 13:13:33.007,0.99634,0.9964,1.12,1.00
2015.11.06 13:13:33.966,0.99634,0.99642,1.12,1.00
2015.11.06 13:13:35.827,0.99634,0.99642,1.75,1.00
2015.11.06 13:13:35.929,0.99634,0.99642,1.12,1.00
2015.11.06 13:13:36.267,0.99635,0.99646,1.00,1.75
2015.11.06 13:13:36.318,0.99635,0.99645,1.00,1.12
2015.11.06 13:13:40.538,0.99632,0.99644,1.00,1.75
2015.11.06 13:13:41.044,0.99631,0.99641,1.12,1.12
2015.11.06 13:13:42.804,0.99631,0.9964,1.12,1.00
2015.11.06 13:13:45.301,0.99628,0.9964,1.50,1.50
2015.11.06 13:13:45.403,0.99628,0.9964,1.00,1.75
2015.11.06 13:13:45.606,0.99628,0.9964,1.50,1.50
2015.11.06 13:13:46.201,0.99629,0.9964,1.00,1.00
2015.11.06 13:13:49.922,0.99629,0.99636,1.00,1.00
2015.11.06 13:13:50.025,0.99628,0.99639,1.12,1.50
2015.11.06 13:13:50.127,0.9963,0.99639,1.00,1.50
2015.11.06 13:13:50.635,0.9963,0.99638,1.00,1.75
2015.11.06 13:13:50.873,0.99627,0.99637,1.00,1.75
2015.11.06 13:13:51.330,0.99628,0.99637,1.00,1.50
2015.11.06 13:13:51.988,0.99627,0.99637,1.00,1.50
2015.11.06 13:13:52.124,0.99627,0.99637,1.00,1.75
2015.11.06 13:13:55.068,0.99627,0.99637,1.00,1.75
2015.11.06 13:13:55.373,0.99625,0.99635,1.00,1.12
2015.11.06 13:13:55.528,0.99625,0.99635,1.00,1.75
2015.11.06 13:13:55.635,0.99625,0.99635,1.00,1.87
2015.11.06 13:13:56.041,0.99628,0.99637,1.00,1.75
2015.11.06 13:13:56.143,0.99628,0.9964,1.50,1.12
2015.11.06 13:13:56.194,0.9963,0.99641,1.37,1.37
2015.11.06 13:13:56.245,0.9963,0.99642,1.50,2.25
2015.11.06 13:13:56.770,0.99628,0.99642,1.75,2.25
2015.11.06 13:13:56.822,0.99628,0.99641,1.37,1.75
2015.11.06 13:13:56.874,0.99628,0.99641,1.00,1.87
2015.11.06 13:13:57.384,0.99629,0.99641,1.00,1.75
2015.11.06 13:13:58.149,0.99629,0.99639,1.12,1.00
2015.11.06 13:13:58.353,0.99632,0.99642,1.00,2.25
2015.11.06 13:13:58.860,0.99632,0.99642,1.00,1.50
2015.11.06 13:13:59.391,0.9963,0.99642,1.50,3.75
2015.11.06 13:14:00.000,0.99633,0.99642,1.00,3.00
2015.11.06 13:14:01.016,0.99632,0.99642,1.00,1.50
2015.11.06 13:14:01.168,0.99632,0.99644,1.50,2.25
2015.11.06 13:14:02.459,0.99633,0.99646,1.50,2.62
2015.11.06 13:14:05.524,0.99633,0.99643,1.50,1.00
2015.11.06 13:14:07.572,0.99633,0.99642,1.12,1.12
2015.11.06 13:14:08.079,0.99632,0.99642,1.12,1.12
2015.11.06 13:14:09.224,0.99632,0.99645,1.75,1.50
2015.11.06 13:14:09.529,0.99632,0.99642,1.00,1.00
2015.11.06 13:14:10.164,0.99633,0.99642,1.00,1.00
2015.11.06 13:14:10.672,0.99631,0.99643,1.67,1.00
2015.11.06 13:14:11.185,0.99631,0.99642,1.67,1.00
2015.11.06 13:14:12.096,0.99633,0.99642,1.00,1.00
2015.11.06 13:14:12.614,0.99633,0.99643,1.00,1.00
2015.11.06 13:14:15.648,0.99634,0.99643,1.00,1.00
2015.11.06 13:14:16.155,0.99634,0.99646,1.12,2.25
2015.11.06 13:14:16.721,0.99634,0.99646,1.00,2.62
2015.11.06 13:14:17.229,0.99635,0.99646,1.50,1.37
2015.11.06 13:14:17.280,0.99635,0.99646,1.87,1.00
2015.11.06 13:14:17.382,0.99635,0.99646,1.12,1.50
2015.11.06 13:14:17.923,0.99635,0.99646,1.50,1.87
2015.11.06 13:14:18.279,0.99644,0.99648,1.00,1.00
2015.11.06 13:14:18.381,0.99644,0.99652,1.00,1.00
2015.11.06 13:14:18.917,0.99644,0.99656,1.00,1.75
2015.11.06 13:14:19.426,0.99645,0.99656,1.00,1.75
2015.11.06 13:14:19.973,0.99646,0.99656,1.37,1.50
2015.11.06 13:14:20.328,0.99646,0.99658,1.87,1.37
2015.11.06 13:14:20.684,0.99646,0.99656,1.12,1.12
2015.11.06 13:14:20.786,0.99647,0.99656,1.00,1.75
2015.11.06 13:14:20.888,0.99652,0.99664,1.12,3.00
2015.11.06 13:14:20.991,0.99656,0.99664,1.00,1.12
2015.11.06 13:14:21.301,0.99659,0.99667,1.00,3.00
2015.11.06 13:14:22.062,0.99659,0.99666,1.12,1.00
2015.11.06 13:14:23.163,0.99659,0.99667,1.12,1.50
2015.11.06 13:14:23.674,0.9966,0.9967,1.00,1.12
2015.11.06 13:14:23.982,0.99661,0.99671,1.00,2.25
2015.11.06 13:14:24.135,0.99665,0.99672,1.00,1.75
2015.11.06 13:14:24.237,0.99662,0.99673,1.00,1.37
2015.11.06 13:14:24.289,0.99662,0.99675,1.12,2.25
2015.11.06 13:14:24.340,0.99664,0.99672,1.00,1.00
2015.11.06 13:14:24.874,0.99665,0.99673,1.00,1.37
2015.11.06 13:14:25.180,0.99669,0.99676,1.00,1.00
2015.11.06 13:14:25.283,0.99669,0.99678,1.00,1.12
2015.11.06 13:14:25.334,0.99671,0.99678,1.00,1.12
2015.11.06 13:14:25.437,0.99667,0.99678,1.05,1.50
2015.11.06 13:14:25.982,0.99667,0.99677,1.05,1.12
2015.11.06 13:14:26.743,0.99669,0.99677,1.00,1.50
2015.11.06 13:14:27.267,0.99669,0.99678,1.00,2.25
2015.11.06 13:14:27.318,0.99666,0.99678,1.50,2.25
2015.11.06 13:14:27.369,0.99666,0.99677,1.12,3.75
2015.11.06 13:14:27.471,0.99669,0.9968,1.00,2.62
2015.11.06 13:14:27.523,0.99672,0.9968,1.00,1.87
2015.11.06 13:14:27.676,0.99676,0.99686,1.00,1.75
2015.11.06 13:14:27.788,0.99676,0.99681,1.00,1.00
2015.11.06 13:14:27.840,0.99672,0.99681,1.50,1.00
2015.11.06 13:14:28.044,0.99672,0.99683,1.50,1.12
2015.11.06 13:14:28.348,0.99672,0.99681,1.50,1.00
2015.11.06 13:14:28.654,0.9967,0.99679,1.50,1.00
2015.11.06 13:14:28.793,0.9967,0.99681,1.50,1.12
2015.11.06 13:14:28.844,0.99674,0.99679,1.00,1.00
2015.11.06 13:14:29.352,0.99674,0.99682,1.00,1.12
2015.11.06 13:14:29.853,0.99671,0.99685,1.50,3.37
2015.11.06 13:14:29.907,0.99671,0.99677,1.12,1.00
2015.11.06 13:14:30.416,0.99671,0.9968,1.00,1.75
2015.11.06 13:14:30.919,0.99669,0.99681,1.00,1.87
2015.11.06 13:14:32.162,0.99669,0.99678,1.00,1.37
2015.11.06 13:14:32.265,0.99667,0.99679,1.00,1.12
2015.11.06 13:14:32.476,0.99663,0.99676,1.37,1.12
2015.11.06 13:14:32.680,0.99655,0.9967,1.87,1.87
2015.11.06 13:14:32.776,0.99655,0.99664,1.12,1.37
2015.11.06 13:14:33.183,0.99655,0.99668,1.12,1.75
2015.11.06 13:14:33.879,0.99661,0.99669,1.00,1.12
2015.11.06 13:14:33.981,0.99662,0.99675,1.12,1.75
2015.11.06 13:14:34.033,0.99664,0.99675,1.00,1.75
2015.11.06 13:14:34.084,0.99664,0.99674,1.00,1.00
2015.11.06 13:14:34.693,0.99666,0.99678,1.00,2.62
2015.11.06 13:14:35.238,0.99666,0.99676,1.00,1.75
2015.11.06 13:14:35.492,0.99658,0.99671,2.25,1.87
2015.11.06 13:14:35.593,0.99658,0.9967,1.50,1.12
2015.11.06 13:14:35.899,0.99657,0.99668,1.00,1.12
2015.11.06 13:14:37.256,0.99656,0.9966,1.00,1.00
2015.11.06 13:14:37.561,0.9965,0.99657,1.75,1.00
2015.11.06 13:14:37.612,0.99649,0.99654,1.00,1.00
2015.11.06 13:14:37.663,0.99647,0.99654,1.00,1.00
2015.11.06 13:14:38.119,0.99648,0.99659,1.00,1.75
2015.11.06 13:14:38.221,0.9965,0.99659,1.00,1.75
2015.11.06 13:14:38.405,0.9965,0.99658,1.00,1.12
2015.11.06 13:14:39.220,0.99649,0.9966,1.00,1.12
2015.11.06 13:14:39.759,0.9965,0.99661,1.00,1.12
2015.11.06 13:14:40.831,0.99649,0.99662,1.05,2.25
2015.11.06 13:14:41.338,0.99651,0.99663,1.00,2.25
2015.11.06 13:14:43.154,0.99655,0.99663,1.00,1.12
2015.11.06 13:14:43.205,0.99657,0.99665,1.00,1.87
2015.11.06 13:14:43.307,0.99665,0.99673,1.00,1.12
2015.11.06 13:14:43.410,0.99661,0.9967,1.12,1.00
2015.11.06 13:14:43.461,0.99661,0.99671,1.12,4.87
2015.11.06 13:14:43.614,0.99661,0.9967,1.00,1.00
2015.11.06 13:14:44.173,0.99663,0.9967,1.00,1.00
2015.11.06 13:14:44.716,0.99665,0.99673,1.00,1.37
2015.11.06 13:14:44.868,0.99665,0.99677,1.00,1.87
2015.11.06 13:14:45.020,0.99665,0.99677,1.12,1.75
2015.11.06 13:14:45.524,0.99665,0.99678,1.50,1.50
2015.11.06 13:14:45.626,0.99669,0.99678,1.00,1.12
2015.11.06 13:14:45.829,0.99671,0.9968,1.00,1.50
2015.11.06 13:14:46.337,0.9967,0.99682,1.00,3.37
2015.11.06 13:14:47.123,0.99671,0.99682,1.00,2.25
2015.11.06 13:14:47.427,0.99664,0.99671,4.87,1.00
2015.11.06 13:14:47.531,0.99662,0.99671,1.37,1.00
2015.11.06 13:14:47.633,0.99661,0.99671,1.12,1.12
2015.11.06 13:14:48.987,0.99662,0.99672,1.00,1.37
2015.11.06 13:14:49.495,0.99661,0.99672,1.12,1.37
2015.11.06 13:14:50.003,0.99662,0.99672,1.00,1.37
2015.11.06 13:14:50.055,0.99662,0.99672,1.37,1.37
2015.11.06 13:14:50.218,0.99668,0.99679,1.00,1.50
2015.11.06 13:14:50.321,0.9967,0.99682,1.00,2.62
2015.11.06 13:14:50.625,0.99671,0.99682,1.00,1.75
2015.11.06 13:14:52.212,0.99674,0.99683,1.00,1.75
2015.11.06 13:14:52.654,0.99671,0.99679,2.25,1.00
2015.11.06 13:14:52.755,0.99671,0.99679,1.50,1.00
2015.11.06 13:14:52.857,0.99671,0.99682,1.50,3.00
2015.11.06 13:14:53.668,0.99671,0.99682,1.37,1.50
2015.11.06 13:14:53.760,0.99671,0.99682,1.75,1.12
2015.11.06 13:14:54.066,0.99682,0.99689,1.00,1.87
2015.11.06 13:14:54.321,0.99674,0.99683,1.00,1.75
2015.11.06 13:14:54.423,0.99673,0.99683,1.05,1.87
2015.11.06 13:14:54.525,0.99671,0.99683,1.80,1.75
2015.11.06 13:14:54.845,0.99678,0.99686,1.05,1.00
2015.11.06 13:14:54.948,0.99678,0.99688,1.05,1.50
2015.11.06 13:14:55.253,0.9968,0.9969,1.05,1.12
2015.11.06 13:14:55.774,0.99681,0.99691,1.00,1.50
2015.11.06 13:14:56.148,0.99676,0.99685,1.12,1.00
2015.11.06 13:14:56.453,0.99665,0.99676,1.37,1.00
2015.11.06 13:14:56.657,0.99666,0.9968,1.12,4.12
2015.11.06 13:14:56.759,0.99666,0.99678,1.50,1.00
2015.11.06 13:14:57.298,0.99666,0.99681,1.50,2.62
2015.11.06 13:14:58.280,0.99665,0.99678,1.37,1.75
2015.11.06 13:14:58.331,0.99665,0.99677,1.00,1.75
2015.11.06 13:14:58.586,0.99667,0.99676,1.12,1.37
2015.11.06 13:14:58.637,0.99667,0.99677,1.50,1.00
2015.11.06 13:14:58.689,0.9967,0.99677,1.00,1.00
2015.11.06 13:14:58.740,0.9967,0.9968,1.12,1.12
2015.11.06 13:14:58.791,0.99673,0.9968,1.00,1.12
2015.11.06 13:14:58.944,0.99675,0.99683,1.00,1.00
2015.11.06 13:14:59.127,0.99673,0.99685,1.75,1.50
2015.11.06 13:14:59.635,0.99677,0.99685,1.00,1.50
2015.11.06 13:15:00.220,0.99679,0.99685,1.00,1.00
2015.11.06 13:15:00.474,0.99677,0.99687,1.12,1.12
2015.11.06 13:15:00.679,0.99674,0.99685,1.75,1.00
2015.11.06 13:15:01.225,0.99674,0.99689,1.75,2.25
2015.11.06 13:15:01.681,0.99674,0.99684,1.75,1.00
2015.11.06 13:15:01.986,0.99673,0.99688,1.75,3.37
2015.11.06 13:15:02.490,0.99675,0.99688,1.12,2.25
2015.11.06 13:15:04.691,0.99675,0.99688,1.50,2.25
2015.11.06 13:15:04.794,0.99676,0.99688,1.50,2.25
2015.11.06 13:15:05.308,0.99676,0.99686,1.00,1.00
2015.11.06 13:15:05.816,0.99675,0.99686,1.00,1.00
2015.11.06 13:15:06.325,0.99675,0.99688,1.50,2.25
2015.11.06 13:15:07.596,0.99675,0.99688,1.00,2.62
2015.11.06 13:15:08.126,0.99674,0.99688,1.12,3.37
2015.11.06 13:15:10.135,0.99674,0.99687,1.37,1.50
2015.11.06 13:15:10.441,0.99668,0.99681,1.87,1.00
2015.11.06 13:15:10.745,0.99666,0.99675,1.87,1.00
2015.11.06 13:15:10.796,0.99666,0.99679,1.87,1.00
2015.11.06 13:15:10.936,0.99667,0.99679,1.50,1.37
2015.11.06 13:15:10.987,0.99667,0.99679,1.87,1.00
2015.11.06 13:15:11.039,0.99667,0.99679,1.37,1.50
2015.11.06 13:15:11.090,0.99667,0.99679,1.00,1.87
2015.11.06 13:15:11.142,0.99667,0.99679,1.87,1.00
2015.11.06 13:15:12.392,0.99668,0.99683,2.62,2.25
2015.11.06 13:15:12.443,0.99673,0.99684,1.37,1.50
2015.11.06 13:15:12.495,0.99673,0.99684,1.37,1.12
2015.11.06 13:15:13.002,0.99672,0.99684,1.75,1.00
2015.11.06 13:15:13.053,0.99672,0.99684,1.50,2.25
2015.11.06 13:15:13.358,0.99671,0.99683,1.87,1.00
2015.11.06 13:15:13.600,0.9967,0.99685,1.75,1.75
2015.11.06 13:15:13.856,0.99671,0.99685,1.75,1.37
2015.11.06 13:15:16.257,0.99673,0.99687,1.75,1.37
2015.11.06 13:15:17.616,0.99675,0.99688,1.75,1.50
2015.11.06 13:15:18.123,0.99675,0.9969,1.75,3.00
2015.11.06 13:15:18.466,0.99674,0.99689,1.75,2.25
2015.11.06 13:15:18.772,0.99675,0.99689,1.75,1.37
2015.11.06 13:15:19.284,0.99676,0.9969,1.37,1.50
2015.11.06 13:15:19.820,0.99677,0.99691,1.87,1.12
2015.11.06 13:15:20.126,0.99675,0.9969,3.37,1.50
2015.11.06 13:15:21.937,0.99679,0.99692,1.00,1.12
2015.11.06 13:15:22.040,0.99682,0.99696,1.50,1.12
2015.11.06 13:15:22.548,0.99682,0.99696,2.25,1.12
2015.11.06 13:15:26.286,0.99683,0.99698,1.87,1.75
2015.11.06 13:15:26.338,0.99684,0.99698,1.75,1.50
2015.11.06 13:15:26.490,0.99684,0.99698,1.12,1.87
2015.11.06 13:15:26.795,0.99684,0.997,1.75,2.62
2015.11.06 13:15:27.810,0.99683,0.99698,2.25,1.75
2015.11.06 13:15:29.417,0.99685,0.99697,1.00,1.00
2015.11.06 13:15:30.789,0.99683,0.99698,2.25,2.62
2015.11.06 13:15:31.296,0.99681,0.99696,1.75,4.87
2015.11.06 13:15:31.601,0.99677,0.99692,1.87,2.25
2015.11.06 13:15:32.854,0.99677,0.9969,1.87,1.00
2015.11.06 13:15:33.105,0.99672,0.99684,1.37,1.12
2015.11.06 13:15:33.156,0.99669,0.99684,1.87,2.25
2015.11.06 13:15:33.461,0.99668,0.99682,1.12,1.75
2015.11.06 13:15:38.192,0.99671,0.99683,1.00,1.75
2015.11.06 13:15:38.396,0.99671,0.99683,1.50,1.00
2015.11.06 13:15:38.908,0.99674,0.99687,1.37,1.75
2015.11.06 13:15:39.163,0.99676,0.99688,1.50,1.50
2015.11.06 13:15:39.722,0.99675,0.99689,1.50,2.62
2015.11.06 13:15:40.211,0.99674,0.99687,1.50,3.00
2015.11.06 13:15:41.029,0.99675,0.99688,1.00,1.12
2015.11.06 13:15:41.580,0.99675,0.99689,1.12,4.87
2015.11.06 13:15:41.885,0.99676,0.99688,1.50,1.50
2015.11.06 13:15:42.545,0.99677,0.9969,1.00,2.62
2015.11.06 13:15:43.081,0.99678,0.9969,1.12,1.75
2015.11.06 13:15:44.457,0.99676,0.9969,1.12,1.87
2015.11.06 13:15:44.965,0.99675,0.99689,1.12,1.87
2015.11.06 13:15:45.302,0.99673,0.99685,1.00,1.50
2015.11.06 13:15:46.320,0.99674,0.99685,1.00,1.00
2015.11.06 13:15:47.422,0.99674,0.99686,1.00,2.25
2015.11.06 13:15:47.923,0.99674,0.99684,1.00,1.00
2015.11.06 13:15:48.530,0.99673,0.99684,1.00,1.00
2015.11.06 13:15:49.749,0.99674,0.99684,1.00,1.00
2015.11.06 13:15:50.961,0.99675,0.99685,1.12,1.37
2015.11.06 13:15:51.064,0.99677,0.99687,1.00,1.50
2015.11.06 13:15:51.267,0.99675,0.99687,1.50,1.00
2015.11.06 13:15:51.776,0.99676,0.99687,1.00,1.00
2015.11.06 13:15:52.014,0.99676,0.99689,1.00,1.12
2015.11.06 13:15:52.723,0.99677,0.99688,1.00,1.75
2015.11.06 13:15:53.232,0.99676,0.99688,1.12,1.75
2015.11.06 13:15:53.741,0.99677,0.99688,1.00,1.75
2015.11.06 13:15:55.705,0.99674,0.99689,1.75,2.25
2015.11.06 13:15:56.010,0.99676,0.99688,1.37,1.50
2015.11.06 13:15:56.367,0.99677,0.9969,1.75,2.25
2015.11.06 13:15:57.068,0.99677,0.9969,1.37,2.25
2015.11.06 13:15:59.056,0.99679,0.99691,1.37,2.25
2015.11.06 13:15:59.219,0.99684,0.99695,1.12,2.25
2015.11.06 13:15:59.372,0.9968,0.99692,1.12,1.75
2015.11.06 13:15:59.676,0.99684,0.99695,1.12,2.25
2015.11.06 13:16:00.013,0.99679,0.9969,1.50,1.12
2015.11.06 13:16:00.520,0.99676,0.9969,1.75,1.50
2015.11.06 13:16:00.950,0.9968,0.99691,1.37,2.25
2015.11.06 13:16:01.460,0.99679,0.99692,1.75,1.87
2015.11.06 13:16:01.848,0.99684,0.99695,1.37,1.37
2015.11.06 13:16:01.899,0.99684,0.99697,1.75,1.12
2015.11.06 13:16:02.000,0.99684,0.99697,1.37,1.50
2015.11.06 13:16:02.102,0.99685,0.99697,1.75,1.12
2015.11.06 13:16:02.609,0.99687,0.99698,1.12,1.12
2015.11.06 13:16:02.660,0.99687,0.99698,1.50,1.00
2015.11.06 13:16:02.949,0.99687,0.99701,1.50,2.25
2015.11.06 13:16:03.406,0.9969,0.99701,2.25,1.12
2015.11.06 13:16:03.560,0.9969,0.99701,1.50,1.00
2015.11.06 13:16:04.079,0.99691,0.99701,1.50,1.00
2015.11.06 13:16:04.638,0.99692,0.99704,1.12,1.50
2015.11.06 13:16:04.818,0.99693,0.99706,1.75,1.37
2015.11.06 13:16:04.870,0.99693,0.99706,1.50,2.25
2015.11.06 13:16:05.126,0.99693,0.99701,1.00,1.00
2015.11.06 13:16:05.177,0.99691,0.99701,1.00,1.00
2015.11.06 13:16:08.700,0.99691,0.997,1.00,1.00
2015.11.06 13:16:08.803,0.99685,0.997,2.62,2.25
2015.11.06 13:16:09.412,0.99685,0.99699,1.75,1.50
2015.11.06 13:16:09.896,0.99683,0.99695,1.87,1.12
2015.11.06 13:16:09.947,0.99683,0.99695,1.50,1.50
2015.11.06 13:16:10.458,0.99679,0.99694,3.37,1.50
2015.11.06 13:16:11.355,0.99681,0.99696,1.87,1.75
2015.11.06 13:16:11.865,0.99682,0.99695,1.75,1.12
2015.11.06 13:16:13.063,0.99685,0.99695,1.37,1.00
2015.11.06 13:16:13.216,0.99685,0.99696,1.12,1.37
2015.11.06 13:16:13.442,0.99684,0.99696,3.00,1.00
2015.11.06 13:16:13.544,0.99684,0.99696,3.00,1.37
2015.11.06 13:16:13.595,0.99684,0.99696,2.25,1.50
2015.11.06 13:16:13.647,0.99684,0.99696,1.87,1.12
2015.11.06 13:16:14.569,0.99683,0.99696,1.87,1.00
2015.11.06 13:16:14.797,0.99683,0.99695,1.50,1.50
2015.11.06 13:16:15.355,0.99683,0.99694,1.50,1.00
2015.11.06 13:16:15.457,0.99683,0.99694,1.50,1.00
2015.11.06 13:16:15.992,0.99683,0.99695,1.75,1.12
2015.11.06 13:16:19.087,0.99685,0.99696,1.75,1.00
2015.11.06 13:16:19.392,0.99685,0.99696,1.87,1.00
2015.11.06 13:16:19.696,0.99687,0.99699,1.00,1.00
2015.11.06 13:16:20.153,0.99685,0.99699,1.50,1.87
2015.11.06 13:16:20.204,0.99685,0.99699,1.12,1.87
2015.11.06 13:16:20.711,0.99682,0.99696,1.87,1.75
2015.11.06 13:16:21.655,0.99681,0.99695,1.75,1.50
2015.11.06 13:16:22.213,0.99679,0.99693,1.12,1.87
2015.11.06 13:16:22.698,0.99683,0.99696,1.75,3.00
2015.11.06 13:16:23.004,0.99684,0.99696,1.87,1.00
2015.11.06 13:16:23.411,0.99685,0.99696,1.12,1.50
2015.11.06 13:16:24.057,0.99683,0.99696,1.12,1.12
2015.11.06 13:16:24.313,0.99681,0.99696,2.62,2.25
2015.11.06 13:16:25.310,0.99681,0.99693,1.12,1.00
2015.11.06 13:16:25.820,0.99681,0.99695,1.75,1.75
2015.11.06 13:16:26.052,0.99681,0.99695,1.87,1.12
2015.11.06 13:16:26.560,0.99681,0.99694,1.75,1.12
2015.11.06 13:16:27.068,0.99682,0.99695,1.75,1.12
2015.11.06 13:16:27.625,0.99681,0.99694,1.87,1.00
2015.11.06 13:16:27.778,0.99679,0.99692,1.12,1.12
2015.11.06 13:16:28.288,0.99679,0.99693,1.75,1.12
2015.11.06 13:16:28.839,0.99679,0.99692,3.00,1.00
2015.11.06 13:16:30.793,0.99678,0.99692,1.87,1.37
2015.11.06 13:16:30.896,0.9968,0.99692,1.00,1.50
2015.11.06 13:16:30.999,0.99676,0.99689,2.25,1.37
2015.11.06 13:16:31.189,0.99672,0.99687,2.25,2.25
2015.11.06 13:16:35.872,0.9967,0.99683,2.62,1.00
2015.11.06 13:16:35.974,0.99669,0.99683,1.75,2.25
2015.11.06 13:16:36.350,0.99667,0.99679,1.12,1.00
2015.11.06 13:16:36.857,0.99667,0.99681,1.12,1.12
2015.11.06 13:16:39.565,0.9967,0.99683,1.75,1.50
2015.11.06 13:16:40.114,0.99672,0.99685,1.50,1.75
2015.11.06 13:16:42.893,0.99671,0.99685,1.12,2.62
2015.11.06 13:16:45.489,0.99671,0.99685,1.50,1.50
2015.11.06 13:16:46.726,0.99673,0.99685,1.00,1.50
2015.11.06 13:16:47.488,0.99674,0.99685,1.37,1.12
2015.11.06 13:16:47.798,0.99677,0.9969,2.25,1.75
2015.11.06 13:16:48.306,0.99679,0.9969,1.37,1.00
2015.11.06 13:16:48.610,0.99679,0.99694,3.00,1.75
2015.11.06 13:16:50.275,0.99683,0.99695,1.00,1.75
2015.11.06 13:16:50.797,0.99682,0.99695,1.87,1.75
2015.11.06 13:16:51.311,0.99683,0.99695,1.00,1.75
2015.11.06 13:16:52.337,0.99682,0.99695,1.87,1.75
2015.11.06 13:16:53.908,0.99679,0.99691,1.50,1.37
2015.11.06 13:16:53.959,0.99679,0.99691,1.12,1.75
2015.11.06 13:16:54.010,0.99679,0.99691,1.00,3.37
2015.11.06 13:16:54.062,0.99677,0.99691,1.12,4.12
2015.11.06 13:16:54.636,0.99675,0.9969,1.50,1.87
2015.11.06 13:16:56.452,0.99677,0.99689,1.00,1.75
2015.11.06 13:16:56.960,0.99676,0.9969,1.12,1.12
2015.11.06 13:16:57.411,0.99677,0.99691,1.37,2.62
2015.11.06 13:16:57.598,0.9968,0.99691,1.87,1.00
2015.11.06 13:16:58.409,0.9968,0.99695,2.25,1.75
2015.11.06 13:16:58.950,0.9968,0.99695,2.25,1.75
2015.11.06 13:17:00.675,0.99682,0.99695,1.75,1.37
2015.11.06 13:17:00.726,0.99684,0.99696,1.75,1.87
2015.11.06 13:17:00.930,0.99687,0.99699,2.25,2.25
2015.11.06 13:17:01.235,0.99688,0.99701,1.12,1.00
2015.11.06 13:17:02.210,0.9969,0.99701,1.00,1.50
2015.11.06 13:17:02.624,0.9969,0.99702,1.50,1.87
2015.11.06 13:17:02.728,0.99689,0.99701,1.00,1.00
2015.11.06 13:17:03.925,0.99689,0.99701,1.75,1.00
2015.11.06 13:17:04.436,0.99689,0.99702,1.75,1.12
2015.11.06 13:17:05.141,0.99689,0.99701,1.75,1.00
2015.11.06 13:17:06.379,0.9969,0.99701,1.50,1.37
2015.11.06 13:17:06.887,0.99689,0.99701,1.50,1.50
2015.11.06 13:17:09.012,0.9969,0.99701,1.12,1.37
2015.11.06 13:17:09.165,0.99692,0.99704,1.50,1.37
2015.11.06 13:17:09.217,0.99692,0.99706,1.12,2.62
2015.11.06 13:17:09.729,0.99688,0.99701,2.62,1.00
2015.11.06 13:17:11.265,0.99688,0.99702,1.87,1.12
2015.11.06 13:17:11.773,0.99689,0.99701,1.75,1.00
2015.11.06 13:17:12.260,0.99692,0.99701,1.50,1.00
2015.11.06 13:17:12.416,0.99692,0.99701,1.50,1.00
2015.11.06 13:17:12.924,0.99691,0.99701,1.50,1.00
2015.11.06 13:17:19.196,0.99691,0.99704,1.50,2.25
2015.11.06 13:17:21.441,0.99693,0.99705,1.00,2.25
2015.11.06 13:17:24.742,0.99695,0.99705,1.00,2.25
2015.11.06 13:17:24.945,0.99695,0.99708,1.00,1.12
2015.11.06 13:17:24.996,0.99697,0.99708,1.00,1.12
2015.11.06 13:17:25.168,0.99701,0.99712,1.00,2.25
2015.11.06 13:17:25.321,0.99701,0.99714,1.50,1.75
2015.11.06 13:17:25.373,0.99705,0.99716,1.00,1.87
2015.11.06 13:17:25.882,0.99705,0.99717,1.00,1.87
2015.11.06 13:17:25.934,0.99706,0.99717,1.75,1.00
2015.11.06 13:17:26.036,0.99707,0.99718,1.00,1.87
2015.11.06 13:17:26.138,0.99708,0.9972,1.12,1.75
2015.11.06 13:17:26.431,0.99708,0.99716,1.00,1.75
2015.11.06 13:17:26.483,0.99705,0.99716,1.00,1.75
2015.11.06 13:17:26.534,0.99705,0.99716,1.00,1.87
2015.11.06 13:17:26.686,0.99702,0.99716,1.87,1.12
2015.11.06 13:17:27.464,0.99702,0.99711,1.12,1.00
2015.11.06 13:17:27.697,0.99696,0.99711,2.25,2.25
2015.11.06 13:17:28.012,0.997,0.99711,1.00,1.50
2015.11.06 13:17:28.936,0.997,0.99712,1.00,1.00
2015.11.06 13:17:28.987,0.99699,0.99713,2.62,1.50
2015.11.06 13:17:35.575,0.997,0.99713,1.12,1.00
2015.11.06 13:17:36.872,0.99699,0.99713,1.75,2.25
2015.11.06 13:17:37.075,0.99699,0.99713,1.12,2.62
2015.11.06 13:17:38.121,0.99699,0.99703,1.00,1.12
2015.11.06 13:17:38.173,0.99696,0.99701,1.00,1.00
2015.11.06 13:17:38.275,0.9969,0.99701,1.12,1.50
2015.11.06 13:17:38.479,0.9969,0.99697,1.12,1.00
2015.11.06 13:17:38.581,0.9969,0.99703,1.50,1.75
2015.11.06 13:17:38.632,0.9969,0.99703,1.50,1.50
2015.11.06 13:17:38.886,0.99692,0.99704,1.50,1.00
2015.11.06 13:17:39.039,0.99692,0.99703,1.00,1.00
2015.11.06 13:17:39.193,0.99692,0.99706,1.50,1.50
2015.11.06 13:17:39.347,0.99692,0.99707,2.25,2.62
2015.11.06 13:17:39.754,0.99694,0.99705,1.37,1.50
2015.11.06 13:17:42.030,0.99693,0.99707,3.00,1.75
2015.11.06 13:17:42.336,0.99689,0.997,1.75,1.00
2015.11.06 13:17:42.649,0.99692,0.99703,1.00,1.50
2015.11.06 13:17:43.592,0.99689,0.99702,2.25,1.12
2015.11.06 13:17:44.398,0.99691,0.99702,1.50,1.00
2015.11.06 13:17:44.905,0.99691,0.99703,1.75,1.12
2015.11.06 13:17:45.367,0.99688,0.997,1.87,1.00
2015.11.06 13:17:45.421,0.99687,0.997,1.75,1.50
2015.11.06 13:17:45.472,0.99687,0.99699,1.87,1.00
2015.11.06 13:17:45.626,0.99689,0.99701,1.75,1.12
2015.11.06 13:17:45.678,0.99689,0.99701,2.25,1.00
2015.11.06 13:17:45.780,0.99691,0.99703,1.75,1.00
2015.11.06 13:17:46.292,0.99695,0.99702,1.50,1.00
2015.11.06 13:17:46.480,0.99695,0.99706,1.00,1.50
2015.11.06 13:17:46.988,0.99694,0.99705,1.50,1.12
2015.11.06 13:17:49.678,0.99691,0.99704,1.12,1.12
2015.11.06 13:17:49.730,0.9969,0.99704,1.75,1.50
2015.11.06 13:17:49.833,0.99689,0.99701,1.75,1.00
2015.11.06 13:17:49.986,0.99684,0.99697,1.87,1.12
2015.11.06 13:17:50.269,0.99685,0.99697,2.62,1.00
2015.11.06 13:17:50.321,0.99685,0.99699,1.87,1.12
2015.11.06 13:17:51.386,0.99688,0.99699,1.87,1.00
2015.11.06 13:17:51.437,0.99688,0.99702,1.87,1.12
2015.11.06 13:17:51.488,0.99691,0.99702,1.12,1.00
2015.11.06 13:17:51.846,0.99692,0.99705,1.87,1.00
2015.11.06 13:17:52.354,0.99694,0.99706,1.75,1.87
2015.11.06 13:17:54.642,0.99692,0.99704,1.12,1.00
2015.11.06 13:17:54.877,0.99691,0.99702,1.50,1.12
2015.11.06 13:17:55.388,0.99691,0.99702,1.12,2.25
2015.11.06 13:17:56.149,0.99691,0.99701,1.37,1.00
2015.11.06 13:17:56.611,0.99688,0.99699,1.75,1.00
2015.11.06 13:17:56.967,0.99687,0.99698,1.75,1.00
2015.11.06 13:17:57.504,0.99687,0.99697,1.75,1.00
2015.11.06 13:17:57.714,0.99686,0.99695,1.12,1.00
2015.11.06 13:17:57.765,0.99685,0.99695,1.75,1.00
2015.11.06 13:17:57.867,0.99683,0.99692,1.75,1.00
2015.11.06 13:17:58.172,0.99681,0.99692,1.75,1.00
2015.11.06 13:17:58.690,0.99681,0.99692,1.87,1.00
2015.11.06 13:17:58.944,0.99682,0.99694,1.75,1.00
2015.11.06 13:18:00.081,0.99683,0.99692,1.75,1.00
2015.11.06 13:18:00.995,0.99682,0.99692,1.00,1.00
2015.11.06 13:18:03.762,0.99682,0.99693,1.00,1.00
2015.11.06 13:18:04.093,0.99687,0.99694,1.00,1.00
2015.11.06 13:18:04.195,0.99688,0.997,1.00,1.87
2015.11.06 13:18:04.247,0.99688,0.997,1.12,1.75
2015.11.06 13:18:04.349,0.99689,0.99704,1.75,1.75
2015.11.06 13:18:04.655,0.9969,0.99705,1.12,3.00
2015.11.06 13:18:05.447,0.99692,0.99706,1.75,1.50
2015.11.06 13:18:08.917,0.99691,0.99703,1.87,1.00
2015.11.06 13:18:09.437,0.9969,0.99704,1.12,1.12
2015.11.06 13:18:12.935,0.99689,0.99704,1.87,1.50
2015.11.06 13:18:13.240,0.99689,0.99701,1.75,1.12
2015.11.06 13:18:13.747,0.99689,0.997,1.75,1.00
2015.11.06 13:18:14.431,0.9969,0.99699,1.00,1.00
2015.11.06 13:18:14.788,0.99687,0.99699,1.37,1.37
2015.11.06 13:18:15.296,0.99686,0.99697,1.50,1.00
2015.11.06 13:18:15.397,0.99684,0.99694,1.12,1.00
2015.11.06 13:18:15.499,0.99682,0.99693,2.62,1.00
2015.11.06 13:18:15.645,0.99682,0.99693,2.25,1.00
2015.11.06 13:18:16.181,0.99678,0.99687,1.87,1.00
2015.11.06 13:18:16.385,0.99675,0.99685,2.25,1.00
2015.11.06 13:18:16.906,0.99676,0.99684,1.12,1.00
2015.11.06 13:18:17.060,0.99676,0.99684,1.87,1.00
2015.11.06 13:18:17.215,0.99675,0.99681,1.87,1.00
2015.11.06 13:18:17.267,0.99673,0.99678,1.37,1.00
2015.11.06 13:18:17.318,0.99673,0.99678,1.00,1.00
2015.11.06 13:18:17.420,0.99669,0.99677,1.75,1.00
2015.11.06 13:18:18.470,0.99669,0.99678,1.75,1.00
2015.11.06 13:18:20.126,0.99668,0.99677,1.87,1.00
2015.11.06 13:18:22.895,0.99667,0.99675,1.87,1.00
2015.11.06 13:18:23.048,0.99665,0.99676,2.25,1.12
2015.11.06 13:18:23.150,0.99666,0.99676,1.12,1.00
2015.11.06 13:18:23.562,0.99666,0.99678,1.12,1.00
2015.11.06 13:18:24.088,0.99666,0.99677,1.12,1.00
2015.11.06 13:18:25.987,0.99666,0.99676,1.75,1.00
2015.11.06 13:18:27.202,0.99666,0.99677,1.75,1.00
2015.11.06 13:18:29.463,0.99666,0.99677,1.12,1.00
2015.11.06 13:18:30.163,0.99666,0.99678,1.12,1.12
2015.11.06 13:18:30.669,0.99666,0.99678,1.75,1.00
2015.11.06 13:18:32.575,0.9967,0.99679,1.00,1.00
2015.11.06 13:18:33.081,0.99667,0.99679,1.12,1.00
2015.11.06 13:18:34.129,0.99667,0.9968,1.87,1.00
2015.11.06 13:18:36.286,0.99667,0.99681,1.12,1.87
2015.11.06 13:18:36.887,0.99667,0.9968,1.12,1.00
2015.11.06 13:18:37.849,0.99667,0.99679,1.12,1.00
2015.11.06 13:18:38.396,0.99668,0.9968,1.12,1.00
2015.11.06 13:18:38.904,0.99667,0.9968,2.62,1.00
2015.11.06 13:18:39.208,0.99669,0.9968,1.87,1.00
2015.11.06 13:18:40.614,0.99671,0.9968,1.12,1.00
2015.11.06 13:18:41.130,0.9967,0.9968,1.12,1.00
2015.11.06 13:18:48.303,0.99671,0.99682,2.25,1.00
2015.11.06 13:18:48.405,0.99673,0.99685,1.75,1.12
2015.11.06 13:18:48.456,0.99674,0.99685,1.12,1.00
2015.11.06 13:18:48.509,0.99674,0.99687,1.12,1.00
2015.11.06 13:18:49.424,0.99677,0.99687,1.00,1.12
2015.11.06 13:18:50.375,0.99673,0.99686,1.12,1.00
2015.11.06 13:18:50.426,0.99673,0.99684,1.12,1.00
2015.11.06 13:18:50.783,0.9967,0.9968,1.12,1.00
2015.11.06 13:18:51.038,0.9967,0.99684,1.12,1.12
2015.11.06 13:18:51.561,0.99671,0.99685,1.12,1.12
2015.11.06 13:18:51.915,0.99672,0.99682,1.75,1.00
2015.11.06 13:18:52.464,0.99672,0.99682,1.87,1.00
2015.11.06 13:18:52.717,0.99673,0.99688,1.75,2.25
2015.11.06 13:18:52.870,0.99676,0.9969,1.37,2.25
2015.11.06 13:18:53.022,0.99677,0.9969,1.87,1.00
2015.11.06 13:18:54.592,0.99679,0.9969,1.75,1.00
2015.11.06 13:18:55.465,0.99681,0.9969,1.00,1.00
2015.11.06 13:18:55.517,0.99677,0.99687,1.12,1.00
2015.11.06 13:18:55.669,0.99674,0.99685,1.12,1.12
2015.11.06 13:18:55.721,0.99673,0.99685,1.75,1.12
2015.11.06 13:18:55.772,0.99673,0.99682,1.75,1.00
2015.11.06 13:18:56.306,0.99672,0.99682,1.12,1.00
2015.11.06 13:18:58.101,0.99675,0.99682,1.00,1.00
2015.11.06 13:19:00.269,0.99675,0.99685,1.00,1.12
2015.11.06 13:19:00.575,0.9967,0.99682,1.12,1.00
2015.11.06 13:19:00.880,0.9967,0.9968,1.12,1.00
2015.11.06 13:19:03.831,0.99668,0.9968,1.12,1.00
2015.11.06 13:19:04.366,0.9967,0.9968,1.12,1.00
2015.11.06 13:19:05.686,0.99668,0.9968,1.87,1.00
2015.11.06 13:19:06.408,0.99669,0.9968,1.12,1.00
2015.11.06 13:19:06.917,0.9967,0.9968,1.12,1.00
2015.11.06 13:19:07.171,0.99668,0.9968,1.12,1.50
2015.11.06 13:19:09.359,0.99668,0.99677,1.12,1.00
2015.11.06 13:19:09.678,0.99666,0.99675,1.12,1.00
2015.11.06 13:19:10.938,0.99664,0.9967,4.12,1.00
2015.11.06 13:19:10.990,0.99663,0.99667,1.00,1.00
2015.11.06 13:19:11.092,0.99657,0.99666,1.12,1.00
2015.11.06 13:19:11.600,0.99658,0.99668,1.12,1.00
2015.11.06 13:19:12.798,0.99659,0.9967,1.75,1.00
2015.11.06 13:19:13.299,0.99659,0.9967,1.12,1.00
2015.11.06 13:19:16.767,0.99659,0.99671,1.12,1.00
2015.11.06 13:19:17.275,0.99659,0.9967,1.12,1.00
2015.11.06 13:19:17.326,0.99658,0.9967,1.75,1.00
2015.11.06 13:19:17.479,0.99662,0.99676,1.37,1.75
2015.11.06 13:19:17.631,0.99671,0.99682,1.75,1.00
2015.11.06 13:19:17.682,0.99671,0.99682,1.50,1.12
2015.11.06 13:19:18.186,0.9967,0.99681,1.12,1.00
2015.11.06 13:19:19.958,0.99672,0.9968,1.00,1.00
2015.11.06 13:19:20.952,0.99668,0.99679,1.12,1.00
2015.11.06 13:19:21.488,0.99669,0.9968,1.12,1.50
2015.11.06 13:19:26.308,0.99667,0.9968,1.12,1.50
2015.11.06 13:19:26.988,0.99667,0.99678,1.12,1.00
2015.11.06 13:19:27.040,0.99666,0.99677,1.87,1.00
2015.11.06 13:19:27.143,0.99664,0.99675,1.87,1.00
2015.11.06 13:19:27.455,0.99659,0.99665,1.00,1.00
2015.11.06 13:19:27.759,0.99654,0.9966,1.00,1.00
2015.11.06 13:19:27.861,0.9965,0.9966,1.00,1.00
2015.11.06 13:19:27.963,0.99648,0.9966,1.12,1.00
2015.11.06 13:19:28.420,0.99647,0.99659,2.25,1.00
2015.11.06 13:19:28.521,0.99645,0.99657,2.62,1.00
2015.11.06 13:19:28.964,0.99645,0.99657,1.75,1.00
2015.11.06 13:19:30.835,0.99645,0.99656,2.25,1.00
2015.11.06 13:19:31.381,0.99645,0.99657,1.75,1.00
2015.11.06 13:19:33.723,0.99646,0.99657,1.12,1.00
2015.11.06 13:19:35.327,0.99646,0.99658,1.12,1.00
2015.11.06 13:19:38.172,0.99647,0.99658,1.87,1.00
2015.11.06 13:19:40.153,0.99647,0.99657,1.12,1.00
2015.11.06 13:19:41.744,0.99651,0.99659,1.00,1.00
2015.11.06 13:19:41.846,0.99651,0.99662,1.50,1.12
2015.11.06 13:19:42.000,0.99653,0.99663,1.12,1.50
2015.11.06 13:19:42.103,0.99658,0.99666,1.00,1.00
2015.11.06 13:19:42.233,0.99658,0.99668,1.00,1.87
2015.11.06 13:19:42.285,0.99658,0.9967,1.12,1.00
2015.11.06 13:19:42.589,0.99655,0.99667,1.12,1.00
2015.11.06 13:19:43.096,0.99654,0.99666,1.12,1.00
2015.11.06 13:19:45.237,0.99654,0.99665,1.12,1.00
2015.11.06 13:19:45.493,0.99652,0.99664,1.12,1.00
2015.11.06 13:19:46.032,0.99651,0.99663,1.12,1.00
2015.11.06 13:19:47.002,0.99654,0.99663,1.37,1.00
2015.11.06 13:19:47.235,0.99651,0.99664,1.12,1.00
2015.11.06 13:19:47.793,0.99654,0.99664,1.37,1.00
2015.11.06 13:19:48.306,0.99654,0.99665,1.12,1.50
2015.11.06 13:19:53.738,0.99653,0.99665,1.12,1.87
2015.11.06 13:19:53.790,0.99651,0.99665,1.87,1.87
2015.11.06 13:19:54.574,0.99655,0.99665,1.12,1.50
2015.11.06 13:19:54.982,0.99653,0.99665,1.12,1.50
2015.11.06 13:19:55.343,0.99651,0.99665,3.37,1.87
2015.11.06 13:19:56.843,0.99653,0.99665,1.12,1.00
2015.11.06 13:19:56.996,0.99654,0.99668,1.75,1.50
2015.11.06 13:19:57.557,0.99653,0.99666,1.87,1.00
2015.11.06 13:19:58.688,0.99653,0.99665,1.12,1.00
2015.11.06 13:19:59.429,0.99654,0.99665,1.12,1.00
2015.11.06 13:19:59.634,0.99656,0.99668,1.12,1.50
2015.11.06 13:19:59.736,0.99658,0.99668,1.12,1.00
2015.11.06 13:19:59.787,0.99658,0.99672,1.12,1.12
2015.11.06 13:19:59.889,0.99662,0.9967,1.00,1.00
2015.11.06 13:20:00.092,0.99658,0.99672,1.87,1.12
2015.11.06 13:20:00.253,0.99665,0.99678,1.00,1.87
2015.11.06 13:20:00.560,0.99679,0.9969,1.00,1.12
2015.11.06 13:20:00.612,0.99679,0.9969,1.37,1.12
2015.11.06 13:20:00.944,0.99681,0.99692,1.12,1.00
2015.11.06 13:20:02.853,0.99681,0.9969,1.12,1.50
2015.11.06 13:20:03.143,0.99676,0.99687,1.12,1.00
2015.11.06 13:20:03.245,0.99674,0.99686,1.00,1.50
2015.11.06 13:20:03.347,0.99674,0.99682,1.00,1.00
2015.11.06 13:20:03.905,0.99674,0.99678,1.00,1.00
2015.11.06 13:20:04.375,0.9967,0.9968,1.12,1.50
2015.11.06 13:20:04.579,0.9967,0.99682,1.12,1.50
2015.11.06 13:20:06.677,0.99673,0.99677,1.00,1.00
2015.11.06 13:20:06.780,0.99667,0.99675,1.12,1.00
2015.11.06 13:20:06.882,0.99665,0.99673,4.12,1.00
2015.11.06 13:20:06.986,0.99665,0.99673,1.00,1.00
2015.11.06 13:20:07.138,0.99661,0.99669,1.50,1.00
2015.11.06 13:20:07.445,0.99661,0.99667,1.00,1.00
2015.11.06 13:20:07.901,0.99661,0.99669,1.00,1.00
2015.11.06 13:20:08.206,0.99658,0.99666,1.87,1.00
2015.11.06 13:20:09.011,0.99662,0.99667,1.00,1.00
2015.11.06 13:20:09.518,0.99662,0.99666,1.00,1.00
2015.11.06 13:20:10.616,0.9966,0.99664,1.00,1.00
2015.11.06 13:20:10.921,0.99658,0.99666,1.12,1.00
2015.11.06 13:20:11.822,0.9966,0.99664,1.00,1.00
2015.11.06 13:20:12.387,0.99656,0.99664,1.12,1.00
2015.11.06 13:20:12.489,0.99656,0.99664,1.12,1.00
2015.11.06 13:20:12.591,0.99658,0.99662,1.00,1.00
2015.11.06 13:20:12.642,0.99654,0.99661,1.37,1.00
2015.11.06 13:20:12.693,0.9965,0.99661,1.12,1.00
2015.11.06 13:20:13.200,0.99649,0.9966,1.12,1.00
2015.11.06 13:20:13.588,0.99649,0.99663,1.12,1.87
2015.11.06 13:20:22.416,0.99649,0.99661,1.12,1.00
2015.11.06 13:20:22.518,0.99648,0.99661,1.75,1.12
2015.11.06 13:20:23.131,0.99649,0.99661,1.12,1.00
2015.11.06 13:20:24.180,0.99649,0.99663,1.12,1.12
2015.11.06 13:20:24.724,0.99648,0.99663,1.12,1.50
2015.11.06 13:20:24.921,0.99651,0.99663,1.75,1.00
2015.11.06 13:20:25.178,0.9966,0.99674,1.12,2.62
2015.11.06 13:20:25.688,0.99661,0.99674,1.12,1.00
2015.11.06 13:20:26.953,0.99661,0.99672,1.12,1.00
2015.11.06 13:20:29.051,0.9966,0.99671,1.12,1.00
2015.11.06 13:20:29.553,0.99659,0.99671,1.12,1.00
2015.11.06 13:20:30.362,0.99659,0.99672,1.12,1.00
2015.11.06 13:20:31.120,0.99661,0.99675,1.50,1.50
2015.11.06 13:20:31.424,0.99666,0.99677,1.12,1.00
2015.11.06 13:20:31.961,0.99667,0.99677,1.12,1.00
2015.11.06 13:20:32.063,0.99669,0.99677,1.00,1.00
2015.11.06 13:20:32.775,0.99667,0.99677,1.12,1.00
2015.11.06 13:20:33.053,0.99667,0.9968,1.12,1.50
2015.11.06 13:20:33.613,0.99668,0.9968,1.12,1.00
2015.11.06 13:20:33.972,0.99674,0.99686,1.00,1.12
2015.11.06 13:20:34.315,0.99674,0.99685,1.87,1.00
2015.11.06 13:20:34.468,0.99674,0.99687,1.87,1.00
2015.11.06 13:20:34.977,0.99673,0.99686,1.87,1.00
2015.11.06 13:20:36.142,0.99673,0.99685,1.12,1.00
2015.11.06 13:20:36.648,0.99674,0.99685,1.12,1.00
2015.11.06 13:20:37.954,0.99673,0.99685,1.12,1.00
2015.11.06 13:20:38.260,0.99673,0.99683,1.12,1.00
2015.11.06 13:20:38.362,0.99671,0.99683,1.75,1.50
2015.11.06 13:20:38.464,0.99669,0.9968,1.12,1.00
2015.11.06 13:20:40.320,0.9967,0.9968,1.12,1.00
2015.11.06 13:20:40.683,0.9967,0.99682,1.12,1.00
2015.11.06 13:20:40.937,0.99672,0.99682,1.12,1.00
2015.11.06 13:20:40.988,0.99672,0.99688,1.12,2.25
2015.11.06 13:20:41.039,0.99675,0.99689,1.37,1.50
2015.11.06 13:20:41.352,0.99675,0.99685,1.12,1.00
2015.11.06 13:20:43.217,0.99674,0.99685,1.12,1.00
2015.11.06 13:20:44.418,0.99677,0.99685,1.00,1.00
2015.11.06 13:20:44.608,0.9967,0.99679,1.00,1.00
2015.11.06 13:20:45.014,0.99668,0.9968,1.12,1.00
2015.11.06 13:20:45.319,0.99674,0.99683,1.12,1.00
2015.11.06 13:20:47.043,0.99674,0.99684,1.12,1.00
2015.11.06 13:20:47.727,0.99674,0.99685,1.12,1.00
2015.11.06 13:20:48.234,0.99677,0.99684,1.00,1.00
2015.11.06 13:20:48.931,0.99673,0.99682,1.12,1.00
2015.11.06 13:20:49.185,0.99671,0.99682,1.12,1.00
2015.11.06 13:20:49.690,0.99671,0.99683,1.12,1.00
2015.11.06 13:20:50.146,0.99673,0.99684,1.12,1.00
2015.11.06 13:20:50.876,0.99673,0.99683,1.12,1.00
2015.11.06 13:20:52.725,0.99677,0.99684,1.00,1.00
2015.11.06 13:20:54.068,0.99677,0.99685,1.00,1.00
2015.11.06 13:20:55.477,0.99677,0.99684,1.00,1.00
2015.11.06 13:20:57.155,0.99677,0.99683,1.00,1.00
2015.11.06 13:20:57.683,0.99677,0.99684,1.00,1.00
2015.11.06 13:21:01.454,0.99677,0.99686,1.00,1.00
2015.11.06 13:21:01.542,0.99675,0.99689,1.12,2.62
2015.11.06 13:21:01.644,0.99677,0.9969,1.12,1.87
2015.11.06 13:21:01.951,0.99679,0.9969,1.12,1.50
2015.11.06 13:21:04.306,0.99679,0.99689,1.12,1.00
2015.11.06 13:21:04.865,0.99678,0.99689,1.12,1.00
2015.11.06 13:21:05.201,0.99676,0.99687,1.12,3.00
2015.11.06 13:21:06.431,0.99675,0.99687,1.12,1.50
2015.11.06 13:21:06.786,0.99675,0.99685,1.12,1.00
2015.11.06 13:21:06.939,0.99672,0.99683,1.12,1.00
2015.11.06 13:21:07.445,0.99672,0.99684,1.12,1.00
2015.11.06 13:21:07.575,0.99672,0.99682,1.12,1.00
2015.11.06 13:21:08.916,0.99672,0.99684,1.12,1.00
2015.11.06 13:21:09.423,0.99672,0.99685,1.12,1.50
2015.11.06 13:21:09.474,0.99675,0.99685,1.12,1.00
2015.11.06 13:21:09.525,0.99675,0.99687,1.12,1.50
2015.11.06 13:21:09.678,0.99677,0.99687,1.12,1.00
2015.11.06 13:21:09.966,0.99677,0.99689,1.12,2.25
2015.11.06 13:21:11.648,0.99676,0.99689,1.12,2.25
2015.11.06 13:21:12.054,0.99678,0.99689,1.12,2.25
2015.11.06 13:21:12.851,0.99681,0.99689,1.00,1.50
2015.11.06 13:21:14.663,0.99678,0.99689,1.12,1.00
2015.11.06 13:21:16.265,0.9968,0.99684,1.00,1.00
2015.11.06 13:21:16.419,0.99671,0.99682,1.87,1.00
2015.11.06 13:21:16.521,0.99669,0.99682,1.12,1.50
2015.11.06 13:21:20.229,0.99672,0.99682,1.12,1.00
2015.11.06 13:21:20.331,0.9967,0.99683,1.87,1.00
2015.11.06 13:21:20.433,0.99672,0.99685,1.12,2.25
2015.11.06 13:21:20.738,0.9967,0.99682,1.12,1.00
2015.11.06 13:21:25.754,0.9967,0.99683,1.12,1.00
2015.11.06 13:21:26.059,0.99673,0.99686,1.12,1.00
2015.11.06 13:21:26.111,0.99674,0.99686,1.00,1.50
2015.11.06 13:21:26.213,0.99674,0.99686,1.12,1.00
2015.11.06 13:21:26.763,0.99673,0.99685,1.12,1.00
2015.11.06 13:21:27.221,0.99671,0.99684,1.12,1.00
2015.11.06 13:21:27.726,0.99671,0.99683,1.12,1.00
2015.11.06 13:21:28.081,0.9967,0.99681,1.12,1.00
2015.11.06 13:21:28.621,0.9967,0.99682,1.12,1.50
2015.11.06 13:21:30.171,0.99673,0.99687,1.87,2.25
2015.11.06 13:21:30.680,0.99674,0.99687,1.12,1.50
2015.11.06 13:21:30.985,0.99675,0.99689,1.12,2.62
2015.11.06 13:21:31.781,0.99677,0.99689,1.00,2.62
2015.11.06 13:21:32.685,0.99675,0.99689,1.12,2.62
2015.11.06 13:21:35.314,0.99675,0.99688,1.12,1.00
2015.11.06 13:21:36.215,0.99675,0.99687,1.12,1.00
2015.11.06 13:21:37.076,0.99673,0.99687,1.87,1.12
2015.11.06 13:21:37.521,0.99673,0.99685,1.87,1.00
2015.11.06 13:21:37.824,0.99672,0.99681,1.12,1.00
2015.11.06 13:21:37.875,0.99669,0.99681,1.12,1.00
2015.11.06 13:21:38.390,0.9967,0.99682,1.12,1.00
2015.11.06 13:21:38.560,0.99671,0.99684,1.12,1.00
2015.11.06 13:21:39.067,0.99671,0.99685,1.87,1.12
2015.11.06 13:21:39.586,0.99671,0.99679,1.12,1.00
2015.11.06 13:21:39.688,0.99669,0.9968,1.12,1.00
2015.11.06 13:21:39.782,0.99672,0.99676,1.00,1.00
2015.11.06 13:21:39.839,0.99666,0.99676,1.87,1.00
2015.11.06 13:21:39.890,0.99662,0.99676,2.62,2.25
2015.11.06 13:21:39.992,0.99664,0.99676,1.12,1.00
2015.11.06 13:21:40.144,0.99662,0.99675,2.25,1.50
2015.11.06 13:21:40.397,0.99659,0.99671,1.12,1.00
2015.11.06 13:21:40.449,0.99661,0.99671,1.00,1.00
2015.11.06 13:21:40.984,0.99661,0.99672,1.00,1.00
2015.11.06 13:21:41.699,0.99661,0.99673,1.00,1.50
2015.11.06 13:21:41.903,0.99659,0.99674,2.62,1.50
2015.11.06 13:21:44.770,0.99661,0.99675,1.12,1.12
2015.11.06 13:21:47.772,0.99664,0.99678,1.37,1.87
2015.11.06 13:21:47.823,0.99668,0.99678,1.00,1.00
2015.11.06 13:21:47.975,0.99668,0.9968,1.00,2.25
2015.11.06 13:21:49.270,0.99663,0.99678,3.37,1.50
2015.11.06 13:21:50.124,0.99665,0.99679,2.25,1.50
2015.11.06 13:21:50.431,0.99667,0.9968,1.12,1.00
2015.11.06 13:21:53.228,0.99667,0.99681,1.12,1.12
2015.11.06 13:21:54.591,0.99667,0.9968,1.12,1.00
2015.11.06 13:21:55.658,0.99667,0.99678,1.12,1.00
2015.11.06 13:21:56.165,0.99666,0.99678,1.87,1.00
2015.11.06 13:21:56.691,0.99665,0.99679,1.12,1.12
2015.11.06 13:21:57.216,0.99665,0.99678,1.12,1.00
2015.11.06 13:21:57.419,0.99664,0.99676,1.50,1.00
2015.11.06 13:21:57.957,0.99662,0.99674,1.12,1.00
2015.11.06 13:21:58.060,0.9966,0.99674,2.62,1.12
2015.11.06 13:22:00.254,0.99661,0.99674,1.75,1.50
2015.11.06 13:22:01.379,0.99661,0.99674,1.37,1.75
2015.11.06 13:22:01.431,0.99659,0.99668,1.12,1.00
2015.11.06 13:22:01.482,0.99657,0.99668,1.87,1.00
2015.11.06 13:22:01.998,0.99656,0.99668,1.12,1.00
2015.11.06 13:22:02.302,0.99657,0.99671,1.87,1.37
2015.11.06 13:22:02.823,0.99656,0.99668,1.87,1.00
2015.11.06 13:22:03.280,0.99657,0.9967,1.75,1.12
2015.11.06 13:22:03.382,0.99661,0.99674,1.37,1.37
2015.11.06 13:22:03.484,0.99663,0.99675,1.50,1.50
2015.11.06 13:22:03.727,0.99663,0.99676,1.75,1.37
2015.11.06 13:22:04.237,0.99663,0.99676,1.50,1.75
2015.11.06 13:22:04.544,0.9966,0.99673,1.50,1.37
2015.11.06 13:22:05.141,0.99659,0.99671,1.75,1.00
2015.11.06 13:22:05.446,0.99657,0.99668,1.12,1.00
2015.11.06 13:22:05.700,0.99655,0.99667,1.75,1.00
2015.11.06 13:22:06.523,0.99655,0.99667,1.37,1.50
2015.11.06 13:22:06.574,0.99652,0.99664,1.50,1.50
2015.11.06 13:22:07.089,0.99649,0.9966,1.75,1.00
2015.11.06 13:22:07.394,0.99646,0.99656,1.75,1.00
2015.11.06 13:22:07.903,0.99646,0.99655,2.25,1.00
2015.11.06 13:22:08.004,0.99645,0.99655,2.25,1.00
2015.11.06 13:22:08.510,0.99645,0.99654,2.25,1.00
2015.11.06 13:22:09.032,0.99645,0.99655,2.25,1.00
2015.11.06 13:22:09.701,0.99645,0.99654,1.50,1.00
2015.11.06 13:22:09.955,0.99645,0.99655,5.62,1.00
2015.11.06 13:22:10.260,0.99645,0.99655,2.62,1.00
2015.11.06 13:22:10.841,0.99645,0.99655,1.50,1.00
2015.11.06 13:22:11.449,0.99645,0.99655,1.87,1.00
2015.11.06 13:22:11.602,0.99645,0.99654,1.50,1.00
2015.11.06 13:22:11.806,0.99646,0.99654,1.37,1.00
2015.11.06 13:22:11.959,0.99645,0.99655,2.25,1.00
2015.11.06 13:22:12.010,0.99645,0.99655,2.62,1.00
2015.11.06 13:22:12.547,0.99646,0.99656,1.12,1.00
2015.11.06 13:22:13.379,0.99646,0.99657,1.12,1.00
2015.11.06 13:22:13.635,0.99651,0.9966,1.00,1.12
2015.11.06 13:22:13.687,0.99651,0.9966,2.62,1.00
2015.11.06 13:22:13.738,0.99652,0.99662,1.12,1.00
2015.11.06 13:22:13.892,0.9965,0.99663,1.12,1.00
2015.11.06 13:22:14.406,0.9965,0.99662,1.12,1.00
2015.11.06 13:22:14.839,0.99649,0.99659,1.12,1.00
2015.11.06 13:22:15.043,0.99647,0.99658,1.12,1.00
2015.11.06 13:22:15.094,0.99645,0.99658,2.62,1.00
2015.11.06 13:22:15.653,0.99646,0.99658,1.12,1.00
2015.11.06 13:22:16.445,0.99649,0.99658,1.00,1.00
2015.11.06 13:22:18.379,0.99644,0.99658,2.25,1.37
2015.11.06 13:22:20.265,0.99644,0.99657,2.25,1.37
2015.11.06 13:22:20.367,0.99644,0.99656,1.50,1.37
2015.11.06 13:22:20.520,0.99641,0.99652,1.50,1.12
2015.11.06 13:22:20.571,0.99641,0.99647,1.00,1.00
2015.11.06 13:22:21.086,0.99637,0.99648,1.12,1.00
2015.11.06 13:22:23.623,0.99636,0.99649,1.75,1.12
2015.11.06 13:22:23.725,0.99637,0.99649,1.12,1.00
2015.11.06 13:22:24.130,0.99635,0.9965,2.25,1.75
2015.11.06 13:22:24.627,0.99635,0.99647,1.50,1.50
2015.11.06 13:22:24.830,0.99635,0.99648,1.50,1.12
2015.11.06 13:22:24.982,0.99634,0.99646,1.75,1.00
2015.11.06 13:22:26.942,0.99634,0.99647,1.12,1.00
2015.11.06 13:22:29.492,0.99638,0.99648,1.12,1.12
2015.11.06 13:22:29.798,0.99645,0.9966,1.75,2.25
2015.11.06 13:22:30.338,0.99646,0.9966,1.75,2.25
2015.11.06 13:22:35.852,0.99656,0.9966,1.00,1.00
2015.11.06 13:22:35.955,0.99655,0.99665,1.00,1.87
2015.11.06 13:22:36.057,0.99658,0.99665,1.50,1.00
2015.11.06 13:22:36.210,0.99661,0.99669,1.12,1.00
2015.11.06 13:22:36.261,0.99663,0.99669,1.37,1.00
2015.11.06 13:22:36.313,0.99663,0.99676,1.37,1.12
2015.11.06 13:22:36.465,0.99663,0.99679,1.75,1.75
2015.11.06 13:22:36.963,0.99666,0.99678,1.00,1.00
2015.11.06 13:22:37.269,0.99665,0.99677,1.12,1.00
2015.11.06 13:22:37.422,0.99662,0.99677,1.75,1.50
2015.11.06 13:22:37.965,0.99662,0.99677,1.87,1.50
2015.11.06 13:22:38.372,0.99661,0.99676,3.75,1.75
2015.11.06 13:22:38.778,0.99662,0.99676,1.12,1.12
2015.11.06 13:22:39.344,0.99662,0.99675,1.12,1.00
2015.11.06 13:22:39.396,0.99661,0.99675,1.75,1.50
2015.11.06 13:22:39.904,0.99659,0.99674,2.62,1.50
2015.11.06 13:22:40.260,0.99661,0.99677,1.12,1.50
2015.11.06 13:22:40.311,0.99662,0.99677,1.12,1.50
2015.11.06 13:22:40.897,0.99663,0.99678,2.62,2.25
2015.11.06 13:22:41.302,0.99664,0.99676,1.00,1.00
2015.11.06 13:22:41.353,0.99663,0.99678,2.25,1.50
2015.11.06 13:22:41.776,0.99665,0.9968,1.75,1.75
2015.11.06 13:22:45.176,0.99664,0.99671,1.00,1.00
2015.11.06 13:22:45.229,0.99664,0.99674,1.00,1.50
2015.11.06 13:22:45.281,0.99663,0.99674,1.12,1.00
2015.11.06 13:22:45.383,0.99662,0.99675,1.75,1.12
2015.11.06 13:22:45.434,0.99662,0.99673,1.75,1.00
2015.11.06 13:22:45.790,0.99663,0.99673,1.00,1.00
2015.11.06 13:22:45.993,0.99663,0.99675,1.00,1.50
2015.11.06 13:22:46.196,0.99662,0.99677,1.87,2.25
2015.11.06 13:22:46.714,0.99662,0.99677,1.75,2.25
2015.11.06 13:22:47.090,0.99662,0.99676,1.12,1.12
2015.11.06 13:22:47.597,0.99661,0.99676,1.75,1.75
2015.11.06 13:22:48.308,0.99659,0.99676,1.87,3.75
2015.11.06 13:22:48.816,0.99661,0.99675,1.12,1.87
2015.11.06 13:22:49.153,0.99661,0.99675,1.75,1.50
2015.11.06 13:22:49.487,0.99659,0.99674,1.75,1.75
2015.11.06 13:22:52.489,0.9966,0.99675,1.87,3.00
2015.11.06 13:22:53.294,0.99663,0.99675,1.00,1.50
2015.11.06 13:22:53.600,0.99669,0.99684,2.25,1.75
2015.11.06 13:22:53.949,0.99673,0.99684,1.50,1.00
2015.11.06 13:22:54.102,0.99673,0.99688,1.75,1.75
2015.11.06 13:22:54.355,0.99673,0.99685,1.50,1.00
2015.11.06 13:22:54.796,0.99672,0.99687,1.87,2.25
2015.11.06 13:22:55.303,0.99672,0.99687,1.75,2.62
2015.11.06 13:22:55.405,0.99672,0.99687,1.87,2.25
2015.11.06 13:22:55.714,0.99672,0.99687,1.75,2.25
2015.11.06 13:22:56.168,0.99671,0.99686,1.50,1.75
2015.11.06 13:22:56.270,0.99669,0.99684,1.75,1.87
2015.11.06 13:22:56.677,0.99671,0.99683,1.12,1.50
2015.11.06 13:22:56.779,0.99669,0.99683,1.50,1.87
2015.11.06 13:22:57.163,0.99665,0.9968,1.75,1.87
2015.11.06 13:22:57.366,0.99665,0.99679,1.50,1.87
2015.11.06 13:22:57.895,0.99664,0.99679,1.75,2.25
2015.11.06 13:22:57.946,0.99663,0.99677,1.50,1.37
2015.11.06 13:22:58.150,0.99663,0.99678,1.75,2.25
2015.11.06 13:22:58.640,0.99663,0.99677,1.50,1.12
2015.11.06 13:22:58.944,0.99665,0.99676,1.37,1.00
2015.11.06 13:23:00.764,0.99663,0.99677,1.87,1.00
2015.11.06 13:23:02.065,0.99663,0.99676,2.62,1.00
2015.11.06 13:23:02.568,0.99663,0.99678,1.87,2.25
2015.11.06 13:23:03.188,0.99663,0.99678,1.75,3.00
2015.11.06 13:23:03.695,0.99662,0.99677,2.25,1.75
2015.11.06 13:23:04.473,0.99665,0.99677,1.00,1.50
2015.11.06 13:23:05.509,0.99661,0.99676,2.25,2.25
2015.11.06 13:23:06.282,0.99661,0.99676,1.50,1.75
2015.11.06 13:23:06.333,0.9966,0.99675,1.75,1.75
2015.11.06 13:23:06.914,0.99659,0.99674,1.75,1.75
2015.11.06 13:23:07.472,0.99658,0.99673,2.62,1.50
2015.11.06 13:23:08.910,0.99659,0.99674,1.12,1.37
2015.11.06 13:23:08.961,0.9966,0.99674,1.12,1.12
2015.11.06 13:23:09.594,0.99658,0.99674,1.87,1.75
2015.11.06 13:23:10.908,0.99661,0.99675,1.12,1.12
2015.11.06 13:23:11.427,0.99662,0.99677,1.87,3.00
2015.11.06 13:23:12.036,0.99663,0.99677,1.75,1.75
2015.11.06 13:23:14.949,0.99666,0.99677,1.00,1.00
2015.11.06 13:23:16.617,0.99666,0.99678,1.00,1.50
2015.11.06 13:23:18.437,0.99665,0.99679,1.75,1.50
2015.11.06 13:23:18.567,0.99665,0.99679,2.62,1.12
2015.11.06 13:23:19.650,0.99669,0.99682,2.25,1.50
2015.11.06 13:23:19.971,0.99674,0.99687,1.12,1.00
2015.11.06 13:23:20.022,0.99676,0.99687,1.00,1.37
2015.11.06 13:23:20.533,0.99672,0.99687,1.75,3.00
2015.11.06 13:23:20.921,0.99674,0.99687,1.75,1.87
2015.11.06 13:23:21.227,0.99673,0.99687,1.75,1.37
2015.11.06 13:23:21.329,0.99674,0.99686,1.00,3.00
2015.11.06 13:23:28.024,0.99672,0.99684,1.12,1.00
2015.11.06 13:23:28.266,0.99673,0.99687,1.87,1.12
2015.11.06 13:23:29.247,0.99673,0.99687,1.75,1.37
2015.11.06 13:23:29.769,0.99672,0.99686,1.75,1.50
2015.11.06 13:23:30.074,0.99669,0.99681,1.12,1.00
2015.11.06 13:23:30.176,0.99671,0.99681,1.00,1.00
2015.11.06 13:23:30.700,0.99671,0.99682,1.00,1.00
2015.11.06 13:23:30.751,0.99667,0.99682,1.87,1.37
2015.11.06 13:23:31.283,0.99668,0.99682,1.75,1.75
2015.11.06 13:23:34.031,0.99665,0.99674,1.37,1.37
2015.11.06 13:23:34.083,0.99659,0.99673,1.75,1.50
2015.11.06 13:23:34.135,0.99657,0.9967,1.12,1.37
2015.11.06 13:23:34.188,0.99656,0.9967,1.75,1.37
2015.11.06 13:23:34.695,0.99654,0.99668,1.87,1.12
2015.11.06 13:23:36.177,0.99655,0.99669,1.12,1.50
2015.11.06 13:23:36.798,0.99656,0.99671,3.37,1.50
2015.11.06 13:23:37.305,0.99658,0.99672,1.12,1.50
2015.11.06 13:23:37.684,0.9966,0.99676,1.12,2.25
2015.11.06 13:23:37.993,0.99663,0.99676,1.50,1.50
2015.11.06 13:23:38.096,0.99663,0.99677,1.87,1.50
2015.11.06 13:23:40.412,0.99666,0.99679,1.75,1.12
2015.11.06 13:23:40.717,0.99669,0.99683,1.87,1.12
2015.11.06 13:23:44.382,0.99672,0.99685,1.75,1.50
2015.11.06 13:23:44.694,0.99672,0.99687,1.87,1.50
2015.11.06 13:23:45.201,0.99674,0.99687,1.12,1.12
2015.11.06 13:23:45.303,0.99678,0.99689,1.37,1.00
2015.11.06 13:23:45.405,0.99679,0.99694,1.87,2.62
2015.11.06 13:23:45.456,0.99679,0.99694,2.25,2.25
2015.11.06 13:23:45.507,0.9968,0.99694,1.87,1.50
2015.11.06 13:23:45.849,0.99678,0.99691,1.12,1.00
2015.11.06 13:23:46.357,0.99677,0.99691,1.12,1.87
2015.11.06 13:23:48.399,0.99676,0.99691,1.75,2.25
2015.11.06 13:23:49.599,0.99676,0.9969,1.12,1.12
2015.11.06 13:23:55.109,0.99679,0.99692,1.75,1.00
2015.11.06 13:23:55.625,0.99679,0.99693,1.75,1.75
2015.11.06 13:23:56.228,0.9968,0.99695,2.25,2.62
2015.11.06 13:23:56.280,0.9968,0.99695,2.62,2.25
2015.11.06 13:23:56.897,0.9968,0.99695,2.62,2.25
2015.11.06 13:23:57.000,0.9968,0.99695,2.25,2.25
2015.11.06 13:23:57.507,0.99681,0.99695,1.75,1.75
2015.11.06 13:23:58.036,0.9968,0.99695,3.00,1.75
2015.11.06 13:23:58.290,0.9968,0.99694,1.12,1.12
2015.11.06 13:23:58.798,0.99676,0.99691,2.25,1.75
2015.11.06 13:23:59.686,0.99679,0.99691,1.00,1.75
2015.11.06 13:24:00.042,0.9968,0.99691,1.12,1.50
2015.11.06 13:24:00.550,0.99677,0.99691,3.00,1.50
2015.11.06 13:24:01.580,0.99687,0.99695,1.00,4.12
2015.11.06 13:24:01.783,0.99694,0.99703,1.00,1.12
2015.11.06 13:24:01.885,0.99694,0.99705,2.25,1.12
2015.11.06 13:24:02.066,0.99697,0.99712,1.75,1.75
2015.11.06 13:24:02.270,0.99696,0.99709,1.50,1.12
2015.11.06 13:24:02.371,0.99696,0.99711,2.25,1.75
2015.11.06 13:24:02.473,0.99698,0.99711,1.12,1.00
2015.11.06 13:24:02.575,0.99699,0.99713,1.12,1.12
2015.11.06 13:24:02.779,0.99697,0.99711,1.12,1.12
2015.11.06 13:24:02.982,0.99696,0.99711,3.00,1.12
2015.11.06 13:24:03.084,0.99698,0.99711,1.12,1.00
2015.11.06 13:24:03.617,0.99698,0.99712,1.12,1.12
2015.11.06 13:24:04.783,0.99701,0.99713,1.12,1.00
2015.11.06 13:24:04.834,0.99701,0.99715,1.12,1.12
2015.11.06 13:24:04.886,0.99703,0.99715,1.00,1.50
2015.11.06 13:24:04.965,0.99702,0.99715,1.12,1.00
2015.11.06 13:24:05.478,0.99703,0.99716,1.12,1.00
2015.11.06 13:24:06.288,0.99703,0.99715,1.12,1.00
2015.11.06 13:24:07.138,0.99706,0.99715,1.00,1.00
2015.11.06 13:24:07.610,0.997,0.99714,1.12,1.12
2015.11.06 13:24:09.532,0.99706,0.99714,1.00,1.12
2015.11.06 13:24:09.718,0.99708,0.99722,1.12,1.12
2015.11.06 13:24:09.769,0.9971,0.99724,2.62,1.50
2015.11.06 13:24:10.074,0.99711,0.99725,1.12,1.87
2015.11.06 13:24:10.544,0.99711,0.99723,1.12,1.00
2015.11.06 13:24:10.595,0.99709,0.99723,1.12,1.12
2015.11.06 13:24:11.121,0.99708,0.99722,1.12,1.12
2015.11.06 13:24:11.964,0.99716,0.99724,1.12,1.00
2015.11.06 13:24:12.015,0.99716,0.99729,1.12,1.75
2015.11.06 13:24:12.066,0.99721,0.99729,1.00,1.00
2015.11.06 13:24:12.168,0.99721,0.99731,1.00,1.50
2015.11.06 13:24:12.270,0.9972,0.99731,1.12,1.00
2015.11.06 13:24:12.400,0.99717,0.99731,1.87,1.00
2015.11.06 13:24:13.217,0.9971,0.99727,2.25,1.00
2015.11.06 13:24:13.268,0.9971,0.99726,1.50,1.00
2015.11.06 13:24:13.320,0.99709,0.99723,1.00,1.00
2015.11.06 13:24:13.710,0.99707,0.99722,1.87,2.25
2015.11.06 13:24:14.220,0.99706,0.99721,1.87,1.37
2015.11.06 13:24:14.727,0.99705,0.99719,1.12,1.12
2015.11.06 13:24:15.313,0.99705,0.99718,1.12,1.00
2015.11.06 13:24:15.415,0.99703,0.99718,2.62,1.37
2015.11.06 13:24:17.593,0.99711,0.99721,1.00,1.87
2015.11.06 13:24:17.853,0.99714,0.99727,1.12,1.75
2015.11.06 13:24:17.955,0.99714,0.99727,1.87,1.37
2015.11.06 13:24:18.462,0.99715,0.99727,1.12,1.00
2015.11.06 13:24:18.766,0.99715,0.9973,1.87,1.50
2015.11.06 13:24:18.817,0.99715,0.99727,1.12,1.00
2015.11.06 13:24:19.020,0.99712,0.99725,2.25,1.12
2015.11.06 13:24:19.545,0.99712,0.99725,1.87,1.00
2015.11.06 13:24:20.699,0.99712,0.99724,1.12,1.00
2015.11.06 13:24:21.207,0.99713,0.99725,1.12,1.00
2015.11.06 13:24:21.410,0.99715,0.99726,1.12,1.00
2015.11.06 13:24:21.461,0.99716,0.99728,1.12,1.00
2015.11.06 13:24:21.512,0.9972,0.9973,1.00,1.12
2015.11.06 13:24:22.057,0.99717,0.99731,1.12,1.87
2015.11.06 13:24:23.654,0.99717,0.9973,1.12,1.00
2015.11.06 13:24:23.857,0.99715,0.9973,1.12,1.12
2015.11.06 13:24:23.959,0.99714,0.99728,1.12,1.37
2015.11.06 13:24:24.466,0.99714,0.99728,1.12,1.87
2015.11.06 13:24:25.498,0.99714,0.99726,1.12,1.00
2015.11.06 13:24:26.048,0.99713,0.99725,1.12,1.00
2015.11.06 13:24:26.515,0.99715,0.9973,1.75,2.25
2015.11.06 13:24:26.566,0.99716,0.9973,1.12,1.12
2015.11.06 13:24:26.871,0.99718,0.99731,1.12,1.00
2015.11.06 13:24:27.377,0.99718,0.99732,1.12,1.12
2015.11.06 13:24:27.980,0.99721,0.99732,1.12,1.00
2015.11.06 13:24:28.032,0.99721,0.99735,1.12,1.87
2015.11.06 13:24:28.184,0.99725,0.99737,1.12,1.00
2015.11.06 13:24:28.842,0.99725,0.99736,1.12,1.00
2015.11.06 13:24:28.893,0.99726,0.99736,1.00,1.50
2015.11.06 13:24:29.001,0.99722,0.99734,1.75,1.00
2015.11.06 13:24:29.310,0.99719,0.9973,1.12,1.00
2015.11.06 13:24:29.463,0.99719,0.99732,1.12,1.50
2015.11.06 13:24:29.919,0.99718,0.99729,1.12,1.00
2015.11.06 13:24:30.274,0.99717,0.99727,1.12,1.00
2015.11.06 13:24:30.809,0.99717,0.99728,1.12,1.00
2015.11.06 13:24:31.468,0.99717,0.99729,1.12,1.50
2015.11.06 13:24:31.773,0.99725,0.99736,1.12,1.00
2015.11.06 13:24:32.215,0.99723,0.99734,1.12,1.00
2015.11.06 13:24:32.317,0.99721,0.99734,1.87,1.00
2015.11.06 13:24:32.827,0.99721,0.99733,1.12,1.00
2015.11.06 13:24:34.298,0.99723,0.99733,1.12,1.00
2015.11.06 13:24:34.349,0.99723,0.99735,1.12,1.00
2015.11.06 13:24:36.109,0.99725,0.99735,1.12,1.00
2015.11.06 13:24:37.524,0.99717,0.99725,1.00,1.00
2015.11.06 13:24:37.727,0.99715,0.99726,1.12,1.12
2015.11.06 13:24:38.234,0.99713,0.99726,1.12,1.00
2015.11.06 13:24:38.285,0.99713,0.99724,1.12,1.00
2015.11.06 13:24:38.336,0.99711,0.99724,1.87,1.00
2015.11.06 13:24:38.894,0.9971,0.99724,1.12,1.12
2015.11.06 13:24:40.368,0.9971,0.99722,1.12,1.00
2015.11.06 13:24:40.885,0.9971,0.99721,1.12,1.00
2015.11.06 13:24:41.393,0.9971,0.99722,1.12,1.00
2015.11.06 13:24:42.261,0.99712,0.99722,2.62,1.00
2015.11.06 13:24:42.464,0.99709,0.99722,1.12,1.00
2015.11.06 13:24:47.752,0.99708,0.99721,1.12,1.00
2015.11.06 13:24:52.038,0.99708,0.99722,1.12,1.12
2015.11.06 13:24:58.265,0.99707,0.9972,1.75,3.75
2015.11.06 13:24:58.316,0.99703,0.99715,1.12,1.75
2015.11.06 13:24:58.418,0.997,0.99715,2.25,1.87
2015.11.06 13:24:58.741,0.99696,0.99709,1.12,1.00
2015.11.06 13:25:00.599,0.99695,0.99709,1.12,1.12
2015.11.06 13:25:01.593,0.99695,0.99708,1.12,1.00
2015.11.06 13:25:02.103,0.99695,0.99709,1.75,1.50
2015.11.06 13:25:02.407,0.99693,0.99708,1.50,1.75
2015.11.06 13:25:02.928,0.99692,0.99704,1.00,1.37
2015.11.06 13:25:03.437,0.99687,0.99702,1.87,2.25
2015.11.06 13:25:03.980,0.99689,0.99704,1.75,1.75
2015.11.06 13:25:10.411,0.99694,0.99708,1.37,2.25
2015.11.06 13:25:10.476,0.99697,0.99708,1.00,1.00
2015.11.06 13:25:10.629,0.99696,0.9971,1.87,1.00
2015.11.06 13:25:11.323,0.997,0.99711,1.12,1.00
2015.11.06 13:25:11.426,0.99697,0.99712,1.75,2.25
2015.11.06 13:25:12.733,0.997,0.99712,1.12,1.00
2015.11.06 13:25:12.916,0.99698,0.99713,1.75,1.75
2015.11.06 13:25:14.366,0.99696,0.99708,1.50,1.50
2015.11.06 13:25:14.417,0.99694,0.99708,1.50,1.50
2015.11.06 13:25:14.519,0.99695,0.99712,1.87,3.00
2015.11.06 13:25:14.621,0.99699,0.99711,1.00,1.00
2015.11.06 13:25:17.434,0.99699,0.9971,1.00,1.00
2015.11.06 13:25:19.325,0.99695,0.99709,1.12,1.00
2015.11.06 13:25:20.132,0.99694,0.99709,1.75,1.12
2015.11.06 13:25:20.234,0.99691,0.99708,3.37,1.50
2015.11.06 13:25:20.941,0.99693,0.99708,1.75,1.12
2015.11.06 13:25:22.847,0.99693,0.99707,1.75,1.00
2015.11.06 13:25:23.152,0.99667,0.9968,1.12,1.00
2015.11.06 13:25:23.371,0.99666,0.99679,1.75,1.00
2015.11.06 13:25:23.575,0.99664,0.99679,1.75,1.12
2015.11.06 13:25:25.188,0.99666,0.99681,1.75,1.50
2015.11.06 13:25:25.542,0.99668,0.99683,2.25,1.37
2015.11.06 13:25:25.594,0.99672,0.99687,1.12,2.25
2015.11.06 13:25:25.899,0.99668,0.99683,2.25,1.50
2015.11.06 13:25:27.692,0.99669,0.99673,1.00,1.00
2015.11.06 13:25:27.923,0.99654,0.99668,1.75,1.12
2015.11.06 13:25:27.974,0.99654,0.99668,1.00,1.00
2015.11.06 13:25:28.228,0.99652,0.99667,1.00,1.50
2015.11.06 13:25:28.330,0.99651,0.99665,1.00,1.00
2015.11.06 13:25:28.533,0.99651,0.99667,1.50,1.50
2015.11.06 13:25:28.786,0.99654,0.99667,1.00,1.50
2015.11.06 13:25:30.200,0.99652,0.99667,1.50,1.00
2015.11.06 13:25:30.454,0.99649,0.99656,3.75,2.50
2015.11.06 13:25:30.507,0.99649,0.99653,1.00,1.00
2015.11.06 13:25:30.610,0.99646,0.9965,1.00,1.00
2015.11.06 13:25:30.661,0.99637,0.9965,1.75,1.00
2015.11.06 13:25:30.712,0.99637,0.9965,1.00,1.00
2015.11.06 13:25:30.914,0.99639,0.99649,1.00,1.00
2015.11.06 13:25:31.421,0.99639,0.9965,1.00,1.00
2015.11.06 13:25:31.621,0.9964,0.99655,1.00,1.50
2015.11.06 13:25:32.584,0.99639,0.99655,2.25,1.00
2015.11.06 13:25:33.148,0.99639,0.99654,1.50,1.00
2015.11.06 13:25:33.668,0.99639,0.99654,1.00,1.37
2015.11.06 13:25:33.922,0.99627,0.99639,1.50,1.00
2015.11.06 13:25:34.074,0.99625,0.99638,1.00,1.00
2015.11.06 13:25:34.432,0.99622,0.99637,1.12,1.00
2015.11.06 13:25:34.534,0.99627,0.99639,1.00,1.00
2015.11.06 13:25:34.586,0.99627,0.99645,1.00,1.12
2015.11.06 13:25:34.637,0.99626,0.99643,2.25,1.00
2015.11.06 13:25:34.942,0.99628,0.99645,1.00,1.00
2015.11.06 13:25:35.501,0.99629,0.99645,1.00,1.00
2015.11.06 13:25:35.807,0.99631,0.99645,1.00,1.00
2015.11.06 13:25:35.959,0.99632,0.99648,1.00,1.00
2015.11.06 13:25:36.163,0.99632,0.99645,1.00,1.00
2015.11.06 13:25:36.568,0.99635,0.99647,1.00,1.00
2015.11.06 13:25:36.702,0.99633,0.9965,1.50,1.00
2015.11.06 13:25:36.753,0.99635,0.9965,1.00,1.00
2015.11.06 13:25:36.905,0.99637,0.99653,1.00,1.50
2015.11.06 13:25:37.007,0.99639,0.99655,1.00,1.00
2015.11.06 13:25:37.516,0.99638,0.99655,1.00,1.00
