2007.08.09 03:00:03.815,1.19627,1.19657,8.00,4.00
2007.08.09 03:00:28.058,1.19624,1.19664,39.10,16.70
2007.08.09 03:00:28.365,1.19627,1.19667,22.30,30.50
2007.08.09 03:00:30.363,1.19623,1.19663,22.30,30.50
2007.08.09 03:00:30.558,1.19626,1.19646,39.10,12.70
2007.08.09 03:00:30.636,1.19611,1.19641,25.40,24.70
2007.08.09 03:00:30.864,1.19597,1.19637,7.50,4.00
2007.08.09 03:00:31.180,1.19591,1.19631,29.50,12.70
2007.08.09 03:00:34.230,1.19596,1.19636,8.70,4.00
2007.08.09 03:00:34.510,1.19607,1.19637,25.50,12.70
2007.08.09 03:00:34.591,1.19612,1.19642,22.30,30.50
2007.08.09 03:00:35.224,1.19612,1.19642,23.90,16.70
2007.08.09 03:00:35.734,1.19603,1.19643,23.90,18.30
2007.08.09 03:00:43.841,1.19598,1.19638,23.90,18.30
2007.08.09 03:00:44.028,1.19595,1.19635,12.70,1.80
2007.08.09 03:00:58.815,1.19597,1.19627,20.70,19.90
2007.08.09 03:01:04.211,1.1963,1.1964,2.40,4.00
2007.08.09 03:02:39.576,1.19605,1.19625,36.70,10.40
2007.08.09 03:02:39.647,1.19601,1.19621,28.70,2.40
2007.08.09 03:02:39.771,1.19607,1.19627,44.70,10.40
2007.08.09 03:02:58.109,1.19624,1.19644,35.90,2.40
2007.08.09 03:02:58.157,1.1964,1.1965,2.40,10.40
2007.08.09 03:02:58.253,1.19636,1.19646,2.40,8.00
2007.08.09 03:02:58.736,1.19625,1.19645,28.70,2.40
2007.08.09 03:02:58.940,1.19618,1.19638,36.70,10.40
2007.08.09 03:02:59.156,1.19614,1.19634,2.40,36.90
2007.08.09 03:02:59.187,1.19612,1.19632,35.90,2.40
2007.08.09 03:03:04.235,1.1963,1.19645,2.40,1.60
2007.08.09 03:03:10.455,1.1962,1.19645,19.20,1.60
2007.08.09 03:03:38.740,1.1962,1.1964,21.60,2.40
2007.08.09 03:03:39.076,1.1962,1.1964,19.20,2.40
2007.08.09 03:03:39.584,1.1962,1.1964,19.20,6.40
2007.08.09 03:03:41.836,1.1962,1.1964,19.20,10.40
2007.08.09 03:03:42.083,1.1962,1.1964,19.20,11.20
2007.08.09 03:03:42.700,1.1962,1.1964,11.20,19.20
2007.08.09 03:03:44.061,1.1962,1.1964,11.20,18.40
2007.08.09 03:03:46.790,1.1962,1.1964,15.20,14.40
2007.08.09 03:03:46.859,1.1962,1.1964,23.20,10.40
2007.08.09 03:03:47.072,1.1962,1.1964,24.00,10.40
2007.08.09 03:03:47.694,1.1963,1.1964,2.40,2.40
2007.08.09 03:03:47.799,1.1963,1.19645,2.40,1.60
2007.08.09 03:03:49.985,1.1963,1.1965,2.40,47.40
2007.08.09 03:04:43.207,1.1963,1.1965,2.40,46.60
2007.08.09 03:04:43.244,1.1963,1.1965,2.40,46.30
2007.08.09 03:04:43.996,1.1963,1.1965,2.40,42.30
2007.08.09 03:04:46.259,1.1963,1.1965,2.40,38.30
2007.08.09 03:04:47.617,1.1963,1.1965,2.40,42.30
2007.08.09 03:04:48.134,1.1963,1.1965,2.40,39.90
2007.08.09 03:04:48.229,1.1963,1.1965,2.40,31.90
2007.08.09 03:04:48.235,1.1963,1.1965,2.40,20.00
2007.08.09 03:04:53.713,1.1963,1.1964,2.40,4.00
2007.08.09 03:05:02.428,1.19607,1.19627,9.60,26.30
2007.08.09 03:05:02.742,1.19611,1.19636,29.50,31.50
2007.08.09 03:05:05.987,1.19617,1.19642,29.50,31.50
2007.08.09 03:05:06.776,1.1962,1.1964,9.60,27.10
2007.08.09 03:05:06.882,1.19617,1.19637,19.90,15.20
2007.08.09 03:05:06.990,1.19611,1.19641,43.90,8.70
2007.08.09 03:05:07.120,1.19612,1.19632,29.60,26.30
2007.08.09 03:05:07.396,1.19608,1.19628,23.10,0.80
2007.08.09 03:05:07.603,1.19602,1.19632,9.60,4.00
2007.08.09 03:05:07.830,1.19607,1.19627,9.60,0.80
2007.08.09 03:05:07.914,1.19611,1.19631,14.00,10.40
2007.08.09 03:05:07.946,1.19607,1.19637,23.10,11.20
2007.08.09 03:05:08.036,1.19608,1.19638,2.70,15.20
2007.08.09 03:05:08.555,1.19604,1.19639,14.40,19.10
2007.08.09 03:05:08.683,1.19604,1.19639,17.50,10.40
2007.08.09 03:05:08.738,1.19604,1.19644,4.00,0.60
2007.08.09 03:05:08.758,1.19604,1.19644,9.60,26.30
2007.08.09 03:05:08.855,1.19605,1.19645,25.50,11.20
2007.08.09 03:05:08.864,1.19615,1.19635,5.10,14.40
2007.08.09 03:05:08.977,1.19614,1.19634,23.10,0.80
2007.08.09 03:05:09.472,1.19607,1.19637,27.90,11.20
2007.08.09 03:05:10.240,1.19603,1.19638,17.50,10.40
2007.08.09 03:05:10.539,1.19601,1.19631,4.00,0.50
2007.08.09 03:05:13.924,1.19591,1.19626,23.10,10.40
2007.08.09 03:05:14.475,1.19591,1.19621,20.00,27.90
2007.08.09 03:05:14.855,1.19597,1.19622,12.70,12.00
2007.08.09 03:05:14.876,1.19602,1.19627,9.60,27.10
2007.08.09 03:05:14.990,1.19604,1.19634,4.00,0.60
2007.08.09 03:05:15.115,1.19612,1.19632,35.90,0.80
2007.08.09 03:05:16.441,1.19611,1.19631,28.70,0.90
2007.08.09 03:05:18.494,1.1961,1.1963,5.60,4.80
2007.08.09 03:05:20.274,1.19607,1.19627,3.00,27.10
2007.08.09 03:05:22.535,1.19611,1.19621,4.00,0.50
2007.08.09 03:05:22.817,1.19604,1.19624,9.60,26.30
2007.08.09 03:05:23.462,1.19609,1.19619,12.70,12.00
2007.08.09 03:05:23.618,1.19605,1.19625,5.10,14.40
2007.08.09 03:05:23.677,1.19609,1.19629,4.00,0.60
2007.08.09 03:05:23.889,1.19611,1.19631,43.90,4.00
2007.08.09 03:05:23.988,1.19612,1.19632,23.10,0.80
2007.08.09 03:05:24.510,1.19618,1.19628,4.00,33.90
2007.08.09 03:05:24.542,1.19617,1.19637,3.00,27.10
2007.08.09 03:05:24.813,1.19613,1.19643,23.10,10.40
2007.08.09 03:05:31.321,1.19618,1.19638,28.70,0.90
2007.08.09 03:05:31.406,1.19614,1.19634,9.60,4.00
2007.08.09 03:05:31.474,1.19605,1.19635,9.60,27.10
2007.08.09 03:05:31.679,1.19605,1.19635,35.90,0.80
2007.08.09 03:05:31.990,1.19614,1.19634,4.00,31.50
2007.08.09 03:05:32.046,1.19622,1.19642,5.60,27.90
2007.08.09 03:05:35.497,1.19624,1.19644,4.00,0.50
2007.08.09 03:05:39.009,1.19615,1.19635,9.60,26.30
2007.08.09 03:05:40.107,1.19606,1.19626,4.00,0.90
2007.08.09 03:05:40.504,1.19608,1.19618,9.60,8.00
2007.08.09 03:05:40.601,1.19598,1.19628,23.10,10.40
2007.08.09 03:05:40.637,1.19603,1.19633,47.10,8.00
2007.08.09 03:05:43.026,1.19601,1.19641,4.00,8.00
2007.08.09 03:05:43.052,1.19615,1.19635,23.10,10.40
2007.08.09 03:05:43.729,1.19606,1.19646,4.00,0.90
2007.08.09 03:05:43.777,1.19612,1.19642,1.90,14.30
2007.08.09 03:05:43.991,1.19612,1.19642,10.40,23.10
2007.08.09 03:05:44.120,1.19601,1.19651,23.10,11.20
2007.08.09 03:05:44.500,1.19596,1.19656,43.90,4.00
2007.08.09 03:05:45.289,1.19605,1.19645,29.50,8.00
2007.08.09 03:05:45.543,1.19594,1.19654,9.60,26.30
2007.08.09 03:05:46.059,1.19604,1.19644,23.10,0.80
2007.08.09 03:05:47.084,1.19609,1.19639,47.10,8.00
2007.08.09 03:05:47.798,1.19608,1.19643,17.50,10.40
2007.08.09 03:05:49.547,1.19607,1.19647,27.90,11.20
2007.08.09 03:05:50.727,1.19612,1.19642,27.90,11.20
2007.08.09 03:05:55.483,1.19614,1.19644,14.00,10.40
2007.08.09 03:05:57.274,1.19605,1.19655,12.70,12.00
2007.08.09 03:06:04.558,1.1963,1.1964,2.40,4.80
2007.08.09 03:06:53.722,1.1963,1.1964,2.40,0.80
2007.08.09 03:07:00.058,1.1963,1.1964,2.40,0.80
2007.08.09 03:07:51.993,1.1963,1.1964,2.40,0.80
2007.08.09 03:07:57.197,1.19625,1.1964,4.00,0.80
2007.08.09 03:08:02.349,1.1963,1.1964,1.40,4.80
2007.08.09 03:09:32.145,1.1963,1.1964,2.40,4.80
2007.08.09 03:09:35.577,1.19625,1.1964,4.00,4.80
2007.08.09 03:10:01.222,1.19615,1.1964,38.30,4.80
2007.08.09 03:10:01.369,1.19615,1.1964,36.70,0.80
2007.08.09 03:10:01.576,1.1962,1.1964,4.90,0.80
2007.08.09 03:10:03.725,1.19625,1.1964,1.60,0.80
2007.08.09 03:10:04.747,1.1963,1.1964,2.40,0.80
2007.08.09 03:10:20.959,1.1963,1.1964,2.40,0.80
2007.08.09 03:11:05.123,1.1963,1.1964,2.40,0.80
2007.08.09 03:11:52.887,1.1963,1.1964,2.40,0.80
2007.08.09 03:12:51.694,1.1963,1.1964,2.40,4.80
2007.08.09 03:12:56.980,1.1963,1.1964,2.40,4.80
2007.08.09 03:13:08.672,1.1963,1.1964,2.40,4.80
2007.08.09 03:14:16.968,1.1963,1.1964,2.40,4.80
2007.08.09 03:14:20.288,1.1963,1.1964,2.40,0.80
2007.08.09 03:14:56.640,1.1963,1.1964,3.20,0.80
2007.08.09 03:14:56.698,1.1963,1.1964,3.20,23.90
2007.08.09 03:14:56.794,1.1963,1.1964,7.20,4.10
2007.08.09 03:14:56.843,1.1963,1.1964,11.20,40.00
2007.08.09 03:14:56.899,1.1963,1.1964,19.20,12.00
2007.08.09 03:14:57.004,1.1963,1.1965,19.20,10.40
2007.08.09 03:14:57.645,1.1963,1.1965,23.20,6.40
2007.08.09 03:14:57.655,1.1964,1.1965,2.40,6.40
2007.08.09 03:14:57.762,1.1964,1.1965,2.40,4.00
2007.08.09 03:15:04.218,1.1963,1.1965,31.20,6.40
2007.08.09 03:15:04.240,1.1963,1.1965,23.20,14.40
2007.08.09 03:15:04.260,1.1963,1.1965,19.20,18.40
2007.08.09 03:15:04.344,1.1963,1.1965,7.20,18.40
2007.08.09 03:15:04.664,1.1963,1.1965,3.20,22.40
2007.08.09 03:15:05.078,1.1963,1.1965,3.20,23.20
2007.08.09 03:15:05.165,1.1963,1.1965,1.90,23.20
2007.08.09 03:15:14.617,1.19625,1.1965,4.00,24.00
2007.08.09 03:15:15.053,1.1963,1.1965,1.40,23.20
2007.08.09 03:15:32.170,1.1963,1.1965,1.30,19.20
2007.08.09 03:15:34.736,1.1963,1.1965,2.40,23.20
2007.08.09 03:15:37.605,1.1963,1.1965,3.20,22.40
2007.08.09 03:15:37.899,1.1963,1.1965,15.20,22.40
2007.08.09 03:15:38.829,1.1963,1.1965,19.20,18.40
2007.08.09 03:16:03.174,1.1963,1.1965,19.20,14.40
2007.08.09 03:16:04.628,1.1963,1.1965,19.20,18.40
2007.08.09 03:16:13.733,1.1963,1.1965,19.20,18.80
2007.08.09 03:16:13.847,1.1963,1.1965,15.20,18.80
2007.08.09 03:16:14.148,1.1963,1.1965,15.20,18.60
2007.08.09 03:16:14.265,1.1963,1.1965,15.20,18.40
2007.08.09 03:16:14.376,1.1963,1.1965,19.20,18.40
2007.08.09 03:16:14.886,1.1963,1.1965,19.20,18.80
2007.08.09 03:16:19.850,1.1963,1.1965,19.20,18.60
2007.08.09 03:16:19.967,1.1963,1.1965,19.20,18.40
2007.08.09 03:16:33.145,1.1963,1.1965,19.20,14.40
2007.08.09 03:16:34.706,1.1963,1.1965,19.20,18.40
2007.08.09 03:17:03.119,1.1963,1.1965,19.20,14.40
2007.08.09 03:17:04.687,1.1963,1.1965,19.20,18.40
2007.08.09 03:17:14.313,1.1963,1.1965,15.20,18.40
2007.08.09 03:17:14.738,1.1963,1.1965,15.20,14.40
2007.08.09 03:17:33.255,1.1963,1.1965,15.20,10.40
2007.08.09 03:17:34.667,1.1963,1.1965,15.20,14.40
2007.08.09 03:18:03.188,1.1963,1.1965,15.20,10.40
2007.08.09 03:18:04.740,1.1963,1.1965,15.20,14.40
2007.08.09 03:18:09.155,1.1963,1.1965,15.20,12.00
2007.08.09 03:18:09.183,1.1963,1.1965,23.20,4.00
2007.08.09 03:18:09.249,1.1963,1.1965,28.80,4.00
2007.08.09 03:18:09.262,1.1963,1.1965,36.80,4.00
2007.08.09 03:18:09.307,1.1963,1.1965,48.70,8.00
2007.08.09 03:18:09.597,1.1963,1.1965,48.70,4.00
2007.08.09 03:18:14.716,1.1963,1.1965,40.70,4.00
2007.08.09 03:18:14.804,1.1963,1.1965,28.80,4.00
2007.08.09 03:18:14.845,1.1963,1.1965,23.20,4.00
2007.08.09 03:18:15.626,1.1963,1.1965,23.20,8.00
2007.08.09 03:18:15.728,1.1963,1.1965,23.20,10.40
2007.08.09 03:18:24.176,1.1963,1.1965,31.20,10.40
2007.08.09 03:18:24.235,1.1963,1.1965,43.10,10.40
2007.08.09 03:18:24.245,1.1963,1.1965,48.70,10.40
2007.08.09 03:18:24.272,1.1963,1.1965,48.70,8.00
2007.08.09 03:18:24.650,1.1963,1.1965,48.70,4.00
2007.08.09 03:18:26.219,1.1963,1.1965,28.80,4.00
2007.08.09 03:18:26.285,1.1963,1.1965,23.20,4.00
2007.08.09 03:18:26.628,1.1963,1.1965,23.20,8.00
2007.08.09 03:18:27.326,1.1963,1.1965,23.20,10.40
2007.08.09 03:18:27.590,1.1963,1.1965,3.50,10.40
2007.08.09 03:18:31.964,1.1963,1.1965,23.20,16.00
2007.08.09 03:18:55.171,1.1963,1.1965,23.20,12.00
2007.08.09 03:18:57.463,1.1963,1.1965,23.20,16.00
2007.08.09 03:19:24.616,1.1963,1.1965,23.20,13.60
2007.08.09 03:19:24.724,1.1963,1.1965,23.20,8.00
2007.08.09 03:19:24.747,1.1963,1.1965,44.70,4.00
2007.08.09 03:19:25.152,1.1963,1.1966,44.70,20.80
2007.08.09 03:19:25.684,1.1963,1.1966,44.70,24.80
2007.08.09 03:19:32.191,1.19625,1.1966,46.30,24.80
2007.08.09 03:19:34.880,1.1963,1.1966,44.70,16.80
2007.08.09 03:19:39.962,1.1963,1.1966,44.70,24.80
2007.08.09 03:19:48.790,1.1963,1.1966,28.80,44.70
2007.08.09 03:19:48.834,1.1963,1.1964,28.80,4.00
2007.08.09 03:19:48.853,1.1963,1.1964,24.80,4.00
2007.08.09 03:19:48.866,1.1964,1.1965,2.40,6.40
2007.08.09 03:19:49.230,1.19635,1.1964,1.60,4.00
2007.08.09 03:19:49.263,1.1964,1.1966,4.80,20.80
2007.08.09 03:19:49.311,1.1964,1.1966,4.80,24.80
2007.08.09 03:19:49.411,1.1964,1.1966,2.40,24.80
2007.08.09 03:19:49.420,1.1964,1.1966,2.40,16.80
2007.08.09 03:19:49.657,1.1963,1.1966,40.80,16.80
2007.08.09 03:19:49.740,1.1963,1.1965,40.80,4.00
2007.08.09 03:19:50.034,1.1963,1.1965,36.80,4.00
2007.08.09 03:19:50.662,1.1963,1.1965,32.80,4.00
2007.08.09 03:19:59.315,1.1963,1.1965,27.20,4.00
2007.08.09 03:20:03.383,1.1963,1.1965,32.80,4.00
2007.08.09 03:20:03.418,1.1963,1.1965,44.70,4.00
2007.08.09 03:20:04.928,1.1963,1.1965,39.10,4.00
2007.08.09 03:20:05.477,1.1963,1.1965,27.20,4.00
2007.08.09 03:20:05.943,1.1963,1.1965,32.80,4.00
2007.08.09 03:20:06.536,1.1963,1.1965,44.70,4.00
2007.08.09 03:20:10.769,1.1964,1.1965,0.80,4.00
2007.08.09 03:20:15.087,1.1964,1.1965,3.20,4.00
2007.08.09 03:20:15.145,1.1964,1.1965,3.20,4.80
2007.08.09 03:20:15.345,1.1964,1.1965,3.20,0.80
2007.08.09 03:20:15.531,1.1964,1.1965,3.20,3.20
2007.08.09 03:20:15.764,1.1964,1.1965,7.20,3.20
2007.08.09 03:20:15.887,1.1964,1.1965,4.80,3.20
2007.08.09 03:20:16.159,1.1964,1.1965,4.80,2.40
2007.08.09 03:20:16.560,1.1964,1.1966,4.80,16.80
2007.08.09 03:20:23.231,1.1964,1.1965,4.80,5.60
2007.08.09 03:20:23.318,1.1964,1.1965,4.80,9.60
2007.08.09 03:20:23.753,1.1964,1.1965,4.80,13.60
2007.08.09 03:20:24.248,1.1964,1.1965,4.80,16.00
2007.08.09 03:20:30.821,1.1964,1.1965,4.80,12.00
2007.08.09 03:20:36.458,1.1964,1.1965,2.90,9.60
2007.08.09 03:20:55.671,1.1964,1.1965,2.00,12.00
2007.08.09 03:20:56.107,1.1963,1.1965,28.00,16.00
2007.08.09 03:20:56.215,1.1963,1.1965,28.00,16.00
2007.08.09 03:20:56.268,1.1963,1.1965,24.00,20.00
2007.08.09 03:20:56.352,1.1963,1.1965,26.40,20.00
2007.08.09 03:20:56.723,1.1964,1.1965,1.30,24.00
2007.08.09 03:20:56.850,1.1964,1.1965,0.80,24.00
2007.08.09 03:20:57.049,1.1964,1.1965,0.80,20.00
2007.08.09 03:20:57.291,1.1964,1.1965,0.80,16.00
2007.08.09 03:20:58.152,1.1963,1.1965,26.40,13.60
2007.08.09 03:20:58.166,1.1963,1.1965,30.40,16.00
2007.08.09 03:20:58.267,1.1963,1.1965,26.40,20.00
2007.08.09 03:20:58.402,1.1963,1.1965,24.00,20.00
2007.08.09 03:20:58.666,1.1964,1.1965,0.80,14.40
2007.08.09 03:20:58.801,1.1964,1.1965,0.80,10.40
2007.08.09 03:20:58.830,1.1964,1.1965,0.80,6.40
2007.08.09 03:20:59.110,1.1963,1.1965,45.50,4.00
2007.08.09 03:20:59.643,1.1963,1.1966,45.50,28.80
2007.08.09 03:21:02.338,1.1963,1.19655,45.50,1.60
2007.08.09 03:21:02.469,1.1964,1.19655,1.00,1.60
2007.08.09 03:21:02.875,1.1964,1.1966,0.70,28.80
2007.08.09 03:21:02.969,1.19635,1.1966,2.40,28.80
2007.08.09 03:21:04.318,1.1963,1.1965,45.50,4.00
2007.08.09 03:21:11.345,1.1964,1.1966,0.80,28.80
2007.08.09 03:21:20.798,1.1964,1.1966,0.80,32.80
2007.08.09 03:21:21.522,1.1964,1.1965,0.80,5.60
2007.08.09 03:21:21.834,1.1964,1.1965,0.80,9.60
2007.08.09 03:21:26.286,1.1962,1.1965,41.10,13.60
2007.08.09 03:21:28.778,1.1962,1.1965,41.10,17.60
2007.08.09 03:21:28.907,1.1962,1.1965,41.10,18.40
2007.08.09 03:21:29.202,1.1962,1.1965,41.10,20.80
2007.08.09 03:21:31.872,1.19615,1.1965,42.70,20.80
2007.08.09 03:21:33.721,1.1962,1.1965,42.70,20.80
2007.08.09 03:21:34.748,1.1963,1.1965,3.20,20.80
2007.08.09 03:21:42.772,1.1964,1.1965,0.80,21.10
2007.08.09 03:21:44.123,1.1964,1.1965,0.80,29.10
2007.08.09 03:21:46.152,1.1962,1.1965,12.60,25.90
2007.08.09 03:21:46.219,1.19615,1.1965,38.30,17.90
2007.08.09 03:21:46.313,1.1962,1.1965,1.30,29.80
2007.08.09 03:21:46.612,1.19615,1.1965,30.40,25.80
2007.08.09 03:21:56.156,1.1962,1.1965,11.70,34.60
2007.08.09 03:21:56.200,1.1962,1.1964,7.70,5.60
2007.08.09 03:21:56.218,1.1962,1.1964,3.20,5.60
2007.08.09 03:21:56.274,1.19615,1.1964,24.80,5.60
2007.08.09 03:21:56.285,1.19615,1.1964,20.80,9.60
2007.08.09 03:21:56.371,1.1962,1.1964,3.50,13.60
2007.08.09 03:21:56.610,1.1962,1.1964,1.10,13.60
2007.08.09 03:21:57.225,1.19615,1.1964,12.80,16.00
2007.08.09 03:22:02.737,1.19625,1.1964,1.60,16.00
2007.08.09 03:22:03.191,1.19625,1.1964,1.60,12.00
2007.08.09 03:22:03.516,1.19625,1.1964,1.60,8.00
2007.08.09 03:22:03.694,1.1963,1.1964,2.40,8.00
2007.08.09 03:22:03.802,1.1963,1.1964,2.40,5.60
2007.08.09 03:22:03.937,1.1963,1.1965,2.40,41.80
2007.08.09 03:22:09.651,1.1962,1.1964,28.00,8.00
2007.08.09 03:22:09.740,1.1962,1.1964,20.00,12.00
2007.08.09 03:22:09.822,1.1962,1.1964,16.00,16.00
2007.08.09 03:22:10.050,1.1962,1.1964,15.20,16.00
2007.08.09 03:22:10.683,1.1962,1.1964,11.20,20.00
2007.08.09 03:22:39.190,1.1962,1.1964,11.20,16.00
2007.08.09 03:22:40.629,1.19625,1.1964,1.60,16.00
2007.08.09 03:22:40.641,1.19625,1.1964,1.60,20.00
2007.08.09 03:22:40.832,1.19625,1.1964,1.60,16.00
2007.08.09 03:22:41.691,1.1963,1.1964,2.40,12.00
2007.08.09 03:22:41.787,1.1963,1.1964,2.40,9.60
2007.08.09 03:23:00.091,1.196,1.1963,8.00,20.70
2007.08.09 03:23:01.958,1.19608,1.19628,40.90,24.70
2007.08.09 03:23:02.896,1.19612,1.19632,23.90,4.80
2007.08.09 03:23:02.944,1.19608,1.19638,40.90,24.70
2007.08.09 03:23:06.798,1.19609,1.19639,48.90,29.10
2007.08.09 03:23:07.281,1.19611,1.19641,12.00,28.70
2007.08.09 03:23:07.463,1.19612,1.19642,40.90,24.70
2007.08.09 03:23:09.130,1.1961,1.1964,8.00,24.70
2007.08.09 03:23:09.342,1.19613,1.19633,40.90,20.70
2007.08.09 03:23:09.850,1.19604,1.19634,23.90,4.80
2007.08.09 03:23:13.051,1.19609,1.19629,12.00,18.30
2007.08.09 03:23:13.372,1.19604,1.19634,40.90,20.70
2007.08.09 03:23:13.888,1.19611,1.19631,40.90,22.70
2007.08.09 03:23:13.933,1.19608,1.19638,8.00,24.70
2007.08.09 03:23:14.955,1.19609,1.19639,11.90,8.80
2007.08.09 03:23:17.006,1.19602,1.19642,48.90,20.70
2007.08.09 03:23:21.980,1.19606,1.19636,40.90,25.10
2007.08.09 03:23:24.365,1.19603,1.19633,40.90,22.70
2007.08.09 03:23:24.450,1.19606,1.19626,62.50,29.10
2007.08.09 03:23:26.865,1.19607,1.19627,40.90,29.10
2007.08.09 03:23:26.976,1.19607,1.19627,14.40,18.30
2007.08.09 03:23:31.405,1.19606,1.19626,8.00,37.10
2007.08.09 03:23:31.602,1.196,1.1963,48.90,29.10
2007.08.09 03:23:35.161,1.19601,1.19631,12.00,28.70
2007.08.09 03:23:35.364,1.19602,1.19632,40.90,29.10
2007.08.09 03:23:37.561,1.19604,1.19634,8.00,33.10
2007.08.09 03:23:39.407,1.19604,1.19634,8.00,37.10
2007.08.09 03:23:41.892,1.19605,1.19635,48.90,29.10
2007.08.09 03:23:42.016,1.19604,1.19634,8.00,37.10
2007.08.09 03:23:44.694,1.19605,1.19635,40.90,25.10
2007.08.09 03:23:45.022,1.19607,1.19637,27.90,2.40
2007.08.09 03:23:45.092,1.19611,1.19631,48.90,20.70
2007.08.09 03:23:45.198,1.19607,1.19627,40.90,29.10
2007.08.09 03:23:45.418,1.19604,1.19624,11.90,8.80
2007.08.09 03:23:45.620,1.19603,1.19623,48.90,24.70
2007.08.09 03:23:46.038,1.19602,1.19622,40.90,24.70
2007.08.09 03:23:46.061,1.19604,1.19624,8.00,20.70
2007.08.09 03:23:46.156,1.19604,1.19624,23.90,4.80
2007.08.09 03:23:46.227,1.19605,1.19625,30.30,2.40
2007.08.09 03:23:46.367,1.19606,1.19626,40.90,37.10
2007.08.09 03:23:46.436,1.19605,1.19635,40.90,25.10
2007.08.09 03:23:46.650,1.19608,1.19638,18.40,14.30
2007.08.09 03:23:48.533,1.19608,1.19638,40.90,25.10
2007.08.09 03:23:51.117,1.19608,1.19638,40.90,25.10
2007.08.09 03:23:51.433,1.19615,1.19635,23.90,4.80
2007.08.09 03:23:53.399,1.19612,1.19642,48.90,29.10
2007.08.09 03:24:40.782,1.1963,1.1964,2.40,5.60
2007.08.09 03:25:09.818,1.1963,1.1964,6.40,5.60
2007.08.09 03:25:17.716,1.1962,1.1964,24.80,8.00
2007.08.09 03:25:18.128,1.1962,1.1964,23.20,8.00
2007.08.09 03:25:18.224,1.1962,1.1964,11.20,8.00
2007.08.09 03:25:18.309,1.1962,1.1964,7.20,12.00
2007.08.09 03:25:18.344,1.1962,1.1964,7.20,16.00
2007.08.09 03:25:18.755,1.1962,1.1964,3.20,20.00
2007.08.09 03:25:23.371,1.1962,1.19645,3.20,21.60
2007.08.09 03:25:26.831,1.1962,1.1964,11.20,0.70
2007.08.09 03:25:27.248,1.1962,1.19645,3.20,21.60
2007.08.09 03:25:47.133,1.1962,1.19645,11.20,17.60
2007.08.09 03:25:48.797,1.1962,1.1964,11.20,0.60
2007.08.09 03:26:02.080,1.1962,1.1964,11.20,14.40
2007.08.09 03:26:11.280,1.1962,1.1964,15.20,10.40
2007.08.09 03:26:11.299,1.1962,1.1964,23.20,6.40
2007.08.09 03:26:11.610,1.1962,1.1964,27.20,2.40
2007.08.09 03:26:12.006,1.1962,1.1964,28.80,2.40
2007.08.09 03:26:12.257,1.1963,1.19645,2.40,1.60
2007.08.09 03:26:14.545,1.1963,1.19645,1.30,1.60
2007.08.09 03:27:25.730,1.1963,1.1965,2.40,39.90
2007.08.09 03:27:29.808,1.1963,1.19645,2.40,1.60
2007.08.09 03:28:02.724,1.1962,1.1964,16.00,2.40
2007.08.09 03:28:02.834,1.1962,1.1964,12.00,14.40
2007.08.09 03:28:02.883,1.1962,1.1964,8.00,18.40
2007.08.09 03:28:03.049,1.1962,1.1964,7.20,18.40
2007.08.09 03:28:03.240,1.1962,1.1964,7.20,10.40
2007.08.09 03:28:03.858,1.1962,1.1964,3.20,14.40
2007.08.09 03:28:05.955,1.19615,1.1964,4.80,14.40
2007.08.09 03:28:32.168,1.19615,1.1964,4.80,10.40
2007.08.09 03:28:33.819,1.19615,1.1964,4.80,14.40
2007.08.09 03:28:43.698,1.19625,1.1964,1.60,14.40
2007.08.09 03:28:43.806,1.19625,1.1964,1.60,10.40
2007.08.09 03:28:43.871,1.19625,1.1964,1.60,6.40
2007.08.09 03:28:44.708,1.1963,1.1964,2.40,6.40
2007.08.09 03:28:44.718,1.1963,1.1964,2.40,2.40
2007.08.09 03:28:44.815,1.1963,1.1965,2.40,44.20
2007.08.09 03:28:52.627,1.1963,1.1965,3.20,43.40
2007.08.09 03:28:52.766,1.1963,1.1965,3.20,33.00
2007.08.09 03:28:52.805,1.1963,1.1965,15.20,4.80
2007.08.09 03:28:53.019,1.1963,1.1965,15.20,4.00
2007.08.09 03:28:55.432,1.1963,1.1965,5.70,4.00
2007.08.09 03:28:55.693,1.1962,1.1965,28.00,4.00
2007.08.09 03:28:55.737,1.1963,1.1965,2.40,4.00
2007.08.09 03:28:55.812,1.1962,1.1965,4.30,19.90
2007.08.09 03:28:55.917,1.19615,1.1965,35.20,19.90
2007.08.09 03:28:56.108,1.19615,1.1965,34.40,19.90
2007.08.09 03:28:56.503,1.19615,1.1965,34.40,20.20
2007.08.09 03:28:56.636,1.1962,1.1965,4.70,20.20
2007.08.09 03:28:58.182,1.19625,1.1965,0.50,20.20
2007.08.09 03:28:58.284,1.19625,1.1965,0.70,8.30
2007.08.09 03:28:58.989,1.1963,1.1965,0.80,8.30
2007.08.09 03:28:59.207,1.1963,1.1965,1.00,8.30
2007.08.09 03:28:59.217,1.1963,1.1965,3.20,8.30
2007.08.09 03:29:00.797,1.19625,1.1965,12.80,8.00
2007.08.09 03:29:43.890,1.1963,1.1965,11.20,16.00
2007.08.09 03:30:00.637,1.1963,1.1965,10.40,16.00
2007.08.09 03:30:00.711,1.1963,1.1965,2.40,16.00
2007.08.09 03:30:00.733,1.1962,1.1965,40.30,16.00
2007.08.09 03:30:00.794,1.1962,1.1965,32.40,27.90
2007.08.09 03:30:01.017,1.1962,1.1965,31.60,27.90
2007.08.09 03:30:01.206,1.1962,1.1965,31.20,27.90
2007.08.09 03:30:01.652,1.1962,1.1965,27.20,27.90
2007.08.09 03:30:02.360,1.1962,1.1965,27.20,28.20
2007.08.09 03:30:05.012,1.1962,1.1965,27.20,29.00
2007.08.09 03:30:05.657,1.1962,1.1965,27.20,31.40
2007.08.09 03:30:05.767,1.1962,1.1965,27.20,39.40
2007.08.09 03:30:20.496,1.1962,1.1965,27.20,39.30
2007.08.09 03:30:34.153,1.1962,1.1965,27.20,35.30
2007.08.09 03:30:35.838,1.1962,1.1965,27.20,39.30
2007.08.09 03:30:58.344,1.1962,1.1965,32.80,39.30
2007.08.09 03:30:58.564,1.1962,1.1965,52.70,27.40
2007.08.09 03:31:00.274,1.1962,1.1965,52.70,19.40
2007.08.09 03:31:01.345,1.1962,1.1965,52.70,27.40
2007.08.09 03:31:01.876,1.1962,1.1965,52.70,19.40
2007.08.09 03:31:02.306,1.1962,1.1965,52.70,27.40
2007.08.09 03:31:03.996,1.1962,1.1964,52.70,0.80
2007.08.09 03:31:04.209,1.1963,1.1964,2.40,0.80
2007.08.09 03:31:04.231,1.1963,1.1964,2.40,3.20
2007.08.09 03:31:04.280,1.1963,1.1964,2.40,7.20
2007.08.09 03:31:04.320,1.1963,1.1964,2.40,11.20
2007.08.09 03:31:04.629,1.1963,1.1964,4.80,11.20
2007.08.09 03:31:04.722,1.1963,1.1964,2.40,11.20
2007.08.09 03:31:04.735,1.1963,1.1964,2.40,8.80
2007.08.09 03:31:05.011,1.1963,1.1964,2.40,8.00
2007.08.09 03:31:05.144,1.1963,1.1964,2.40,4.00
2007.08.09 03:31:05.756,1.1963,1.1965,2.40,23.40
2007.08.09 03:31:06.283,1.1963,1.1965,2.40,31.40
2007.08.09 03:31:06.688,1.1962,1.1965,51.10,31.40
2007.08.09 03:31:06.816,1.1962,1.1964,55.10,4.00
2007.08.09 03:31:07.034,1.1962,1.1964,52.70,4.00
2007.08.09 03:31:07.565,1.1962,1.1964,48.70,4.00
2007.08.09 03:31:08.738,1.19625,1.1964,1.60,4.00
2007.08.09 03:31:09.372,1.19625,1.1965,1.60,31.40
2007.08.09 03:31:09.661,1.1962,1.1965,53.50,31.40
2007.08.09 03:31:09.992,1.1962,1.1965,52.70,31.40
2007.08.09 03:31:10.313,1.1962,1.1964,52.70,4.00
2007.08.09 03:31:10.783,1.19625,1.1964,1.60,4.00
2007.08.09 03:31:10.824,1.19625,1.1965,1.60,31.40
2007.08.09 03:31:11.707,1.1963,1.1965,2.40,31.40
2007.08.09 03:31:14.067,1.1963,1.1965,2.40,32.20
2007.08.09 03:31:14.189,1.1963,1.1965,2.40,40.20
2007.08.09 03:31:14.290,1.1963,1.1964,2.40,4.00
2007.08.09 03:31:16.220,1.1962,1.1964,27.20,6.40
2007.08.09 03:31:16.607,1.1962,1.1964,23.20,10.40
2007.08.09 03:31:17.653,1.19625,1.1964,1.60,10.40
2007.08.09 03:31:17.766,1.19625,1.1964,1.60,6.40
2007.08.09 03:31:18.706,1.19625,1.1964,1.60,2.40
2007.08.09 03:31:18.761,1.1963,1.1965,2.40,40.20
2007.08.09 03:31:21.990,1.19625,1.1965,4.00,40.20
2007.08.09 03:31:22.683,1.1962,1.19645,34.40,1.60
2007.08.09 03:31:22.774,1.1962,1.1964,5.20,2.40
2007.08.09 03:31:23.045,1.1962,1.1964,11.60,2.40
2007.08.09 03:31:23.374,1.19615,1.1964,34.40,6.40
2007.08.09 03:31:23.599,1.19615,1.1964,30.40,10.40
2007.08.09 03:31:25.052,1.1962,1.1964,6.40,10.40
2007.08.09 03:31:25.251,1.19615,1.1964,35.20,6.40
2007.08.09 03:31:25.465,1.19625,1.1964,0.50,6.40
2007.08.09 03:31:25.782,1.1962,1.1964,33.60,2.40
2007.08.09 03:31:26.177,1.1963,1.1964,1.60,2.40
2007.08.09 03:31:26.389,1.19625,1.1965,4.00,40.20
2007.08.09 03:31:33.153,1.1962,1.1964,10.20,2.40
2007.08.09 03:31:33.369,1.19615,1.1964,17.60,6.40
2007.08.09 03:31:33.579,1.19615,1.1964,17.60,10.40
2007.08.09 03:31:33.831,1.1962,1.1964,3.50,14.40
2007.08.09 03:31:33.999,1.19615,1.1964,12.80,14.40
2007.08.09 03:31:34.208,1.19615,1.1964,20.80,14.40
2007.08.09 03:31:42.342,1.19615,1.1964,30.40,14.40
2007.08.09 03:31:42.925,1.1962,1.1964,1.70,10.40
2007.08.09 03:31:45.824,1.1962,1.1964,9.40,10.40
2007.08.09 03:31:47.145,1.19615,1.1964,20.80,14.40
2007.08.09 03:31:53.387,1.1962,1.1964,11.20,22.40
2007.08.09 03:31:53.980,1.1962,1.1964,19.20,14.40
2007.08.09 03:31:56.373,1.1962,1.1964,23.20,10.40
2007.08.09 03:31:56.538,1.1962,1.1964,27.20,10.40
2007.08.09 03:32:00.295,1.1962,1.1964,23.20,10.40
2007.08.09 03:32:00.830,1.1962,1.1964,19.20,14.40
2007.08.09 03:32:02.178,1.1962,1.1964,19.20,10.40
2007.08.09 03:32:03.640,1.1962,1.1964,19.20,14.40
2007.08.09 03:32:19.912,1.1962,1.1964,23.20,14.40
2007.08.09 03:32:20.827,1.1962,1.1964,27.20,10.40
2007.08.09 03:32:24.294,1.1962,1.19645,27.20,12.00
2007.08.09 03:32:32.132,1.1962,1.19645,27.20,8.00
2007.08.09 03:32:33.682,1.1962,1.19645,27.20,12.00
2007.08.09 03:32:34.426,1.1962,1.19645,23.20,12.00
2007.08.09 03:32:34.800,1.1962,1.19645,19.20,16.00
2007.08.09 03:32:37.844,1.1963,1.19645,0.60,16.00
2007.08.09 03:32:38.279,1.1963,1.19645,0.60,12.00
2007.08.09 03:32:38.677,1.1963,1.1964,0.60,0.50
2007.08.09 03:32:39.408,1.1963,1.19645,3.00,8.00
2007.08.09 03:32:39.504,1.1963,1.19645,3.00,5.60
2007.08.09 03:32:40.673,1.1963,1.19645,7.00,5.60
2007.08.09 03:33:05.046,1.19595,1.19621,46.30,0.80
2007.08.09 03:33:06.218,1.19597,1.19617,2.30,14.30
2007.08.09 03:33:06.841,1.19611,1.19621,28.70,11.20
2007.08.09 03:33:09.938,1.19624,1.19644,28.70,11.20
2007.08.09 03:33:10.141,1.19642,1.19652,28.70,11.20
2007.08.09 03:33:13.486,1.19636,1.19666,46.30,0.80
2007.08.09 03:33:16.494,1.1964,1.1966,2.80,31.80
2007.08.09 03:33:20.684,1.19644,1.19654,33.80,2.40
2007.08.09 03:33:21.959,1.19639,1.19659,26.30,39.50
2007.08.09 03:33:37.408,1.19639,1.19659,33.80,2.40
2007.08.09 03:33:55.746,1.1964,1.1966,55.80,14.30
2007.08.09 03:34:38.284,1.1963,1.19645,7.00,1.60
2007.08.09 03:34:57.146,1.1963,1.1965,7.00,40.10
2007.08.09 03:34:57.354,1.1963,1.1965,7.00,39.90
2007.08.09 03:34:58.170,1.1963,1.19655,7.00,47.10
2007.08.09 03:34:59.724,1.1963,1.1965,7.00,0.80
2007.08.09 03:34:59.765,1.1963,1.19655,7.00,25.60
2007.08.09 03:34:59.976,1.1963,1.19655,11.00,17.60
2007.08.09 03:35:00.085,1.1963,1.19655,11.00,16.80
2007.08.09 03:35:07.104,1.1963,1.19655,11.00,12.80
2007.08.09 03:35:08.681,1.1963,1.19655,11.00,16.80
2007.08.09 03:35:11.362,1.1963,1.19655,11.00,17.10
2007.08.09 03:35:11.472,1.1963,1.19655,11.00,25.10
2007.08.09 03:35:26.434,1.1963,1.1965,11.00,15.50
2007.08.09 03:35:26.944,1.1963,1.1965,11.00,23.50
2007.08.09 03:35:28.268,1.1963,1.1965,11.00,23.20
2007.08.09 03:35:28.386,1.1963,1.1965,11.00,15.20
2007.08.09 03:35:29.842,1.1963,1.1965,11.00,15.50
2007.08.09 03:35:29.950,1.1963,1.1965,7.00,23.50
2007.08.09 03:35:35.243,1.1963,1.1965,3.00,27.50
2007.08.09 03:35:35.572,1.1963,1.1965,3.00,35.50
2007.08.09 03:35:35.991,1.1963,1.1964,3.00,8.00
2007.08.09 03:35:36.701,1.1963,1.1964,0.60,8.00
2007.08.09 03:35:36.715,1.1963,1.1964,0.60,12.00
2007.08.09 03:35:37.287,1.1963,1.1964,0.60,16.00
2007.08.09 03:35:45.304,1.1963,1.1964,0.60,8.00
2007.08.09 03:35:45.834,1.1963,1.1964,0.60,4.00
2007.08.09 03:35:47.281,1.1963,1.1964,0.60,8.00
2007.08.09 03:35:47.554,1.1963,1.1964,0.60,12.00
2007.08.09 03:35:47.810,1.1963,1.1964,0.60,14.40
2007.08.09 03:35:52.735,1.1963,1.19635,0.60,1.60
2007.08.09 03:35:52.743,1.1963,1.19635,0.60,1.60
2007.08.09 03:35:52.861,1.1962,1.1963,2.40,4.00
2007.08.09 03:35:53.576,1.1962,1.1963,2.40,4.00
2007.08.09 03:35:59.466,1.1962,1.1963,2.40,0.70
2007.08.09 03:36:18.377,1.1962,1.19645,2.40,24.80
2007.08.09 03:36:32.177,1.1962,1.1964,3.20,23.20
2007.08.09 03:36:32.274,1.1962,1.1964,3.20,22.40
2007.08.09 03:36:42.128,1.1962,1.1964,3.20,20.00
2007.08.09 03:36:42.239,1.1962,1.1964,11.20,12.00
2007.08.09 03:36:42.743,1.1962,1.1964,11.20,8.00
2007.08.09 03:37:04.347,1.1962,1.1964,11.20,16.00
2007.08.09 03:37:13.352,1.1962,1.1964,11.20,8.00
2007.08.09 03:37:14.798,1.1962,1.1964,15.20,4.00
2007.08.09 03:37:14.812,1.1962,1.1965,23.20,50.60
2007.08.09 03:37:14.835,1.1962,1.1965,23.20,44.20
2007.08.09 03:37:14.890,1.1962,1.1965,23.20,43.40
2007.08.09 03:37:15.017,1.1962,1.1965,24.00,43.40
2007.08.09 03:37:15.809,1.1963,1.1965,2.40,43.40
2007.08.09 03:37:16.117,1.1963,1.19645,2.40,1.60
2007.08.09 03:37:21.674,1.1963,1.19645,6.40,1.60
2007.08.09 03:37:34.688,1.1963,1.1965,6.40,40.20
2007.08.09 03:37:34.865,1.1963,1.1965,6.40,39.90
2007.08.09 03:37:35.765,1.1963,1.1965,6.40,31.90
2007.08.09 03:37:35.805,1.1963,1.1965,6.40,20.00
2007.08.09 03:37:35.897,1.1963,1.1965,6.40,12.00
2007.08.09 03:37:36.017,1.1963,1.1965,6.40,11.20
2007.08.09 03:37:41.294,1.1963,1.1965,6.40,19.20
2007.08.09 03:37:42.423,1.1963,1.1965,6.40,11.20
2007.08.09 03:37:42.526,1.1963,1.1965,6.40,19.20
2007.08.09 03:37:43.264,1.1963,1.1965,6.40,11.20
2007.08.09 03:37:44.192,1.1963,1.1965,6.40,7.20
2007.08.09 03:37:44.314,1.1963,1.1965,6.40,15.20
2007.08.09 03:37:45.647,1.1963,1.1965,6.40,19.20
2007.08.09 03:38:14.169,1.1963,1.1965,6.40,15.20
2007.08.09 03:38:15.534,1.1963,1.1965,1.80,15.20
2007.08.09 03:38:15.628,1.19625,1.1965,8.00,19.20
2007.08.09 03:38:19.262,1.19625,1.1965,4.00,19.20
2007.08.09 03:38:44.149,1.1963,1.1965,2.40,15.20
2007.08.09 03:38:44.266,1.1963,1.1965,2.40,7.20
2007.08.09 03:38:44.361,1.1963,1.1965,2.40,15.20
2007.08.09 03:38:45.719,1.1963,1.1965,2.40,19.20
2007.08.09 03:38:51.320,1.1963,1.1965,2.40,11.20
2007.08.09 03:39:02.370,1.1963,1.1965,2.40,15.20
2007.08.09 03:39:14.341,1.1963,1.1965,2.40,11.20
2007.08.09 03:39:15.699,1.1963,1.1965,2.40,15.20
2007.08.09 03:39:35.813,1.1963,1.1965,2.40,11.20
2007.08.09 03:39:53.241,1.1963,1.1965,10.40,11.20
2007.08.09 03:39:58.132,1.1963,1.1965,2.50,11.20
2007.08.09 03:40:30.759,1.1963,1.1965,8.00,11.20
2007.08.09 03:40:30.845,1.1962,1.1964,53.50,4.00
2007.08.09 03:40:31.059,1.1962,1.1964,52.70,4.00
2007.08.09 03:40:31.791,1.1962,1.1964,48.70,4.00
2007.08.09 03:40:34.996,1.1962,1.1964,50.30,4.00
2007.08.09 03:40:35.280,1.19625,1.1964,1.60,4.00
2007.08.09 03:40:35.317,1.1963,1.1965,8.00,11.50
2007.08.09 03:40:36.198,1.1963,1.1965,10.40,11.50
2007.08.09 03:40:39.384,1.19625,1.1965,12.00,11.50
2007.08.09 03:40:44.772,1.1963,1.1965,3.90,11.20
2007.08.09 03:40:45.939,1.19625,1.1965,21.60,7.20
2007.08.09 03:40:49.751,1.1963,1.1965,6.10,7.50
2007.08.09 03:40:49.950,1.19625,1.1965,13.60,7.50
2007.08.09 03:40:50.878,1.19625,1.1965,9.60,11.50
2007.08.09 03:40:51.314,1.19625,1.1965,4.00,19.50
2007.08.09 03:40:51.409,1.19625,1.1965,4.00,11.50
2007.08.09 03:40:52.198,1.1962,1.1965,22.60,11.50
2007.08.09 03:40:52.277,1.19615,1.1965,54.30,11.50
2007.08.09 03:40:52.350,1.1962,1.1965,13.80,19.50
2007.08.09 03:40:52.661,1.19615,1.1965,54.30,19.50
2007.08.09 03:41:13.261,1.19625,1.1965,1.60,19.50
2007.08.09 03:41:14.191,1.1963,1.1965,2.40,19.50
2007.08.09 03:41:21.833,1.1963,1.1965,2.40,11.50
2007.08.09 03:41:29.949,1.19625,1.1964,1.60,2.40
2007.08.09 03:41:39.643,1.1962,1.1964,51.10,2.40
2007.08.09 03:41:39.735,1.1962,1.1964,48.70,2.40
2007.08.09 03:41:40.063,1.1962,1.1964,46.30,2.40
2007.08.09 03:41:40.695,1.1962,1.1964,42.30,2.40
2007.08.09 03:41:41.088,1.1962,1.1964,43.10,2.40
2007.08.09 03:41:41.164,1.19625,1.1964,1.60,2.40
2007.08.09 03:41:44.581,1.19625,1.1965,1.60,21.10
2007.08.09 03:42:00.158,1.1962,1.1965,44.70,21.10
2007.08.09 03:42:00.280,1.1962,1.1964,40.70,0.70
2007.08.09 03:42:00.405,1.1962,1.1964,38.30,0.90
2007.08.09 03:42:07.336,1.1962,1.1965,32.70,21.10
2007.08.09 03:42:07.385,1.1962,1.1965,24.70,21.10
2007.08.09 03:42:07.443,1.1962,1.1964,12.80,0.80
2007.08.09 03:42:24.212,1.1962,1.1965,12.80,34.70
2007.08.09 03:42:24.324,1.1962,1.1965,4.80,34.70
2007.08.09 03:42:24.415,1.1962,1.1964,4.80,0.90
2007.08.09 03:42:24.434,1.1962,1.1965,4.80,46.50
2007.08.09 03:42:24.809,1.1962,1.1965,0.80,46.50
2007.08.09 03:42:25.673,1.1962,1.1964,0.80,36.80
2007.08.09 03:42:25.768,1.1962,1.1964,0.80,36.80
2007.08.09 03:42:32.768,1.1961,1.1963,19.60,0.50
2007.08.09 03:42:32.842,1.1961,1.1963,15.60,0.90
2007.08.09 03:42:32.937,1.1961,1.1964,11.60,42.40
2007.08.09 03:42:33.050,1.1961,1.1964,9.20,42.40
2007.08.09 03:42:33.261,1.1961,1.1964,9.20,54.30
2007.08.09 03:42:33.791,1.1961,1.1963,5.20,14.40
2007.08.09 03:42:35.771,1.1961,1.1963,1.00,14.40
2007.08.09 03:42:36.659,1.1961,1.1963,1.00,14.40
2007.08.09 03:42:37.683,1.19605,1.1962,6.40,2.40
2007.08.09 03:42:45.065,1.19605,1.1963,6.40,18.40
2007.08.09 03:42:45.386,1.1961,1.1963,2.40,14.40
2007.08.09 03:42:52.351,1.1961,1.1963,1.50,18.40
2007.08.09 03:42:53.264,1.19605,1.1963,6.40,26.40
2007.08.09 03:42:54.319,1.1961,1.1963,0.80,14.40
2007.08.09 03:42:56.783,1.1961,1.1963,1.50,18.40
2007.08.09 03:42:56.909,1.19605,1.19635,6.40,20.00
2007.08.09 03:42:58.333,1.19605,1.1963,6.40,26.40
2007.08.09 03:42:59.292,1.19605,1.1963,6.40,18.40
2007.08.09 03:43:06.118,1.1961,1.1963,4.80,14.40
2007.08.09 03:43:07.780,1.1961,1.1963,4.80,18.40
2007.08.09 03:43:18.972,1.1961,1.1963,7.20,18.40
2007.08.09 03:43:27.266,1.1961,1.1963,15.20,18.40
2007.08.09 03:43:27.374,1.1961,1.1963,15.20,14.40
2007.08.09 03:43:31.979,1.1961,1.19635,15.20,16.00
2007.08.09 03:43:36.195,1.1961,1.1963,15.20,0.80
2007.08.09 03:43:37.736,1.1961,1.1963,15.20,0.70
2007.08.09 03:43:45.329,1.1961,1.19635,7.20,16.00
2007.08.09 03:43:45.417,1.1961,1.1963,15.20,0.70
2007.08.09 03:43:46.359,1.1961,1.19635,7.20,16.00
2007.08.09 03:43:48.227,1.1961,1.1963,0.70,0.50
2007.08.09 03:43:50.378,1.1961,1.1963,0.50,0.80
2007.08.09 03:44:02.437,1.1961,1.1963,4.50,19.20
2007.08.09 03:44:06.156,1.19605,1.1963,16.80,15.20
2007.08.09 03:44:07.706,1.19605,1.1963,16.80,19.20
2007.08.09 03:44:25.731,1.1961,1.1963,15.20,12.00
2007.08.09 03:44:25.745,1.1961,1.1963,19.20,8.00
2007.08.09 03:44:26.371,1.1961,1.1963,23.20,4.00
2007.08.09 03:44:26.670,1.1961,1.1964,23.20,28.70
2007.08.09 03:44:29.266,1.1961,1.1964,15.20,28.70
2007.08.09 03:44:29.355,1.1961,1.1964,15.20,34.30
2007.08.09 03:44:32.194,1.1963,1.1964,2.40,34.30
2007.08.09 03:44:32.240,1.1963,1.1964,2.40,36.70
2007.08.09 03:44:32.351,1.1963,1.1964,6.40,32.70
2007.08.09 03:44:32.518,1.1963,1.1964,6.40,27.10
2007.08.09 03:44:32.717,1.1963,1.1964,4.00,29.50
2007.08.09 03:44:32.765,1.1963,1.1964,4.00,27.10
2007.08.09 03:44:32.793,1.1962,1.1964,11.20,11.20
2007.08.09 03:44:32.875,1.1962,1.1964,7.20,15.20
2007.08.09 03:44:33.012,1.1962,1.1964,6.40,15.20
2007.08.09 03:44:33.229,1.1962,1.1964,4.00,12.80
2007.08.09 03:44:33.301,1.1961,1.1964,15.50,24.70
2007.08.09 03:44:33.790,1.1961,1.1964,15.50,30.30
2007.08.09 03:44:35.283,1.1961,1.1964,15.50,34.30
2007.08.09 03:44:37.663,1.1961,1.1964,16.30,34.30
2007.08.09 03:44:37.744,1.1963,1.1964,2.40,29.50
2007.08.09 03:44:37.775,1.1963,1.1964,6.40,21.50
2007.08.09 03:44:37.862,1.1963,1.1964,6.40,18.30
2007.08.09 03:44:37.944,1.1963,1.1964,6.40,14.30
2007.08.09 03:44:37.980,1.1963,1.1964,6.40,2.40
2007.08.09 03:44:38.112,1.1963,1.1965,6.40,35.40
2007.08.09 03:44:38.154,1.1963,1.1964,4.00,0.80
2007.08.09 03:44:38.254,1.1963,1.1964,4.00,8.00
2007.08.09 03:44:38.299,1.19625,1.1964,0.80,12.00
2007.08.09 03:44:38.304,1.19625,1.1964,0.80,16.00
2007.08.09 03:44:38.357,1.1962,1.1964,11.20,16.00
2007.08.09 03:44:38.458,1.1962,1.1964,10.40,16.00
2007.08.09 03:44:38.491,1.1962,1.1964,6.40,28.00
2007.08.09 03:44:38.665,1.1962,1.1964,4.00,28.00
2007.08.09 03:44:38.786,1.1961,1.1963,17.10,4.00
2007.08.09 03:44:38.895,1.1961,1.1963,13.10,4.00
2007.08.09 03:44:38.998,1.1961,1.1963,11.50,4.00
2007.08.09 03:44:39.726,1.1961,1.1963,7.50,4.00
2007.08.09 03:44:43.778,1.1961,1.1963,7.20,4.00
2007.08.09 03:44:45.314,1.1961,1.1964,19.20,32.70
2007.08.09 03:44:45.636,1.1961,1.1964,19.20,28.70
2007.08.09 03:45:01.669,1.1963,1.1964,2.40,23.90
2007.08.09 03:45:01.742,1.1963,1.1964,2.40,26.30
2007.08.09 03:45:01.817,1.1963,1.1964,6.40,6.40
2007.08.09 03:45:01.918,1.1963,1.1964,6.40,2.40
2007.08.09 03:45:01.987,1.1963,1.1965,6.40,32.10
2007.08.09 03:45:02.021,1.1963,1.1965,6.40,33.10
2007.08.09 03:45:02.066,1.1963,1.1965,6.40,32.30
2007.08.09 03:45:02.180,1.1963,1.1964,4.00,8.00
2007.08.09 03:45:02.228,1.19625,1.1964,0.80,8.00
2007.08.09 03:45:02.263,1.1962,1.1964,20.00,8.00
2007.08.09 03:45:02.328,1.1962,1.1964,15.20,24.00
2007.08.09 03:45:02.382,1.1962,1.1964,14.40,24.00
2007.08.09 03:45:02.389,1.1962,1.1964,10.40,28.00
2007.08.09 03:45:02.643,1.1962,1.1964,10.40,32.00
2007.08.09 03:45:02.680,1.1962,1.1964,8.00,32.00
2007.08.09 03:45:02.739,1.1961,1.1963,25.20,4.00
2007.08.09 03:45:03.043,1.1961,1.1963,23.60,4.00
2007.08.09 03:45:09.269,1.1961,1.1963,15.60,4.00
2007.08.09 03:45:09.663,1.1961,1.1963,3.80,4.00
2007.08.09 03:45:13.326,1.1961,1.1963,11.40,4.00
2007.08.09 03:45:16.739,1.1961,1.1963,4.50,4.00
2007.08.09 03:45:16.834,1.1961,1.1963,9.50,4.00
2007.08.09 03:45:17.363,1.1961,1.1963,6.50,4.00
2007.08.09 03:45:18.919,1.19605,1.1963,24.80,4.00
2007.08.09 03:45:39.334,1.1961,1.1964,27.20,31.20
2007.08.09 03:45:39.597,1.1961,1.1964,27.20,28.80
2007.08.09 03:45:39.742,1.1961,1.1964,27.20,20.80
2007.08.09 03:45:40.372,1.1961,1.1964,19.20,20.80
2007.08.09 03:45:41.294,1.1961,1.1964,27.20,20.80
2007.08.09 03:45:41.402,1.1961,1.1964,19.20,20.80
2007.08.09 03:45:53.744,1.1961,1.1964,19.20,21.10
2007.08.09 03:45:54.263,1.1961,1.1963,19.20,4.00
2007.08.09 03:45:54.418,1.1961,1.1963,19.20,8.80
2007.08.09 03:45:54.832,1.1961,1.1963,15.20,12.80
2007.08.09 03:45:54.881,1.1961,1.1963,15.20,8.80
2007.08.09 03:45:55.304,1.1961,1.1963,15.20,12.80
2007.08.09 03:45:57.388,1.1961,1.1963,15.20,8.80
2007.08.09 03:45:57.502,1.1961,1.1963,15.20,4.00
2007.08.09 03:45:57.978,1.1961,1.1964,19.20,38.60
2007.08.09 03:45:59.346,1.1961,1.1963,19.20,4.00
2007.08.09 03:45:59.557,1.1961,1.1963,19.20,8.80
2007.08.09 03:45:59.907,1.1961,1.1963,15.20,12.80
2007.08.09 03:46:05.331,1.1961,1.1963,11.20,16.80
2007.08.09 03:46:06.202,1.1961,1.1963,11.20,19.20
2007.08.09 03:46:08.965,1.19605,1.1963,12.80,19.20
2007.08.09 03:46:32.931,1.19605,1.1963,12.80,15.20
2007.08.09 03:46:33.755,1.1961,1.1963,3.20,15.20
2007.08.09 03:46:34.165,1.19605,1.1963,13.20,11.20
2007.08.09 03:46:35.713,1.19605,1.1963,13.20,15.20
2007.08.09 03:46:37.695,1.1961,1.1963,15.60,11.20
2007.08.09 03:46:37.699,1.1961,1.1963,15.60,4.00
2007.08.09 03:46:37.967,1.1961,1.1964,19.60,33.50
2007.08.09 03:46:37.998,1.1961,1.1964,19.60,32.70
2007.08.09 03:46:38.945,1.1961,1.1964,19.60,33.50
2007.08.09 03:46:39.671,1.1961,1.1964,19.60,35.90
2007.08.09 03:46:52.223,1.1961,1.1964,19.50,35.90
2007.08.09 03:46:52.319,1.1961,1.1964,19.20,41.90
2007.08.09 03:47:08.159,1.1961,1.1964,19.20,45.90
2007.08.09 03:47:32.949,1.1961,1.1964,19.20,41.90
2007.08.09 03:47:38.124,1.1961,1.1964,19.20,45.90
2007.08.09 03:47:47.870,1.1961,1.1964,19.20,47.50
2007.08.09 03:47:49.598,1.1961,1.1964,19.20,46.70
2007.08.09 03:47:49.712,1.1961,1.1964,19.20,44.30
2007.08.09 03:47:49.734,1.1961,1.1964,19.20,40.30
2007.08.09 03:47:50.665,1.1961,1.1964,19.20,44.30
2007.08.09 03:47:50.750,1.1961,1.1963,19.20,6.40
2007.08.09 03:47:50.772,1.1961,1.1963,15.20,14.40
2007.08.09 03:47:50.848,1.1961,1.1963,11.20,18.40
2007.08.09 03:47:50.880,1.1961,1.1963,11.20,26.40
2007.08.09 03:47:51.710,1.1961,1.1963,11.20,30.40
2007.08.09 03:47:51.896,1.1961,1.1963,11.20,32.80
2007.08.09 03:48:01.905,1.1961,1.1963,19.20,20.80
2007.08.09 03:48:02.348,1.1961,1.1963,11.20,20.80
2007.08.09 03:48:06.486,1.1961,1.1963,3.10,20.80
2007.08.09 03:48:15.475,1.19605,1.1963,20.80,16.80
2007.08.09 03:48:16.893,1.1961,1.1963,1.60,20.80
2007.08.09 03:48:18.888,1.19605,1.1963,20.80,16.80
2007.08.09 03:48:19.317,1.1961,1.1963,3.50,16.80
2007.08.09 03:48:20.162,1.19605,1.1963,12.80,12.80
2007.08.09 03:48:21.744,1.19605,1.1963,12.80,16.80
2007.08.09 03:48:50.112,1.1961,1.1963,11.20,12.80
2007.08.09 03:48:51.693,1.1961,1.1963,11.20,16.80
2007.08.09 03:48:55.871,1.1961,1.1963,3.70,16.80
2007.08.09 03:49:20.212,1.1961,1.1963,3.80,12.80
2007.08.09 03:49:21.663,1.1961,1.1963,4.50,16.80
2007.08.09 03:49:21.920,1.19605,1.19635,12.80,18.40
2007.08.09 03:49:38.743,1.1961,1.1963,11.20,8.00
2007.08.09 03:49:38.778,1.1961,1.1963,15.60,4.00
2007.08.09 03:49:38.880,1.1961,1.1963,23.60,4.00
2007.08.09 03:49:38.948,1.1961,1.1964,27.60,35.10
2007.08.09 03:49:38.994,1.1961,1.1964,27.60,34.30
2007.08.09 03:49:42.944,1.1961,1.1964,27.60,35.10
2007.08.09 03:49:43.160,1.1961,1.1964,26.80,35.10
2007.08.09 03:49:43.251,1.1961,1.1964,24.40,37.50
2007.08.09 03:49:43.264,1.1961,1.1964,16.40,37.50
2007.08.09 03:49:43.382,1.1961,1.1963,4.30,4.00
2007.08.09 03:49:43.464,1.1961,1.1963,4.00,4.00
2007.08.09 03:49:46.253,1.1961,1.1964,8.00,34.30
2007.08.09 03:49:46.678,1.1961,1.1964,8.00,30.30
2007.08.09 03:49:46.774,1.1961,1.1964,8.00,31.90
2007.08.09 03:49:46.806,1.1961,1.1964,8.00,33.50
2007.08.09 03:49:46.880,1.1961,1.1964,8.00,35.50
2007.08.09 03:49:47.097,1.1961,1.1962,8.00,0.80
2007.08.09 03:49:47.254,1.1961,1.1964,8.00,37.10
2007.08.09 03:49:47.304,1.1961,1.1962,4.00,0.80
2007.08.09 03:49:48.024,1.1961,1.1963,4.00,4.00
2007.08.09 03:50:14.918,1.1961,1.1963,4.80,4.00
2007.08.09 03:50:15.225,1.1961,1.1963,7.20,4.00
2007.08.09 03:50:15.280,1.1961,1.1963,15.20,4.00
2007.08.09 03:50:16.255,1.1961,1.1963,23.20,4.00
2007.08.09 03:50:20.002,1.1961,1.1963,15.20,4.00
2007.08.09 03:50:25.113,1.1961,1.1963,7.50,4.00
2007.08.09 03:50:26.630,1.196,1.1963,55.80,4.00
2007.08.09 03:50:26.705,1.196,1.1963,57.60,4.00
2007.08.09 03:50:26.736,1.196,1.1963,56.00,4.00
2007.08.09 03:50:36.347,1.1961,1.1964,1.70,34.30
2007.08.09 03:50:36.665,1.196,1.1964,54.80,30.30
2007.08.09 03:50:37.694,1.196,1.1964,55.20,30.70
2007.08.09 03:50:37.792,1.1961,1.1963,1.50,4.00
2007.08.09 03:51:20.239,1.1961,1.1964,4.00,30.30
2007.08.09 03:51:20.750,1.1961,1.1964,4.00,26.30
2007.08.09 03:51:23.142,1.1961,1.19635,4.00,1.60
2007.08.09 03:51:23.243,1.1961,1.1963,4.00,6.40
2007.08.09 03:51:23.298,1.196,1.1963,51.20,10.40
2007.08.09 03:51:23.350,1.196,1.1963,47.20,14.40
2007.08.09 03:51:23.457,1.196,1.1963,45.00,14.40
2007.08.09 03:51:23.764,1.196,1.1963,45.00,18.40
2007.08.09 03:51:23.937,1.196,1.1963,45.00,19.20
2007.08.09 03:51:24.247,1.196,1.1963,45.00,21.60
2007.08.09 03:51:24.292,1.196,1.1963,45.00,29.60
2007.08.09 03:51:24.621,1.196,1.1963,45.00,0.60
2007.08.09 03:51:39.332,1.196,1.1963,45.00,0.60
2007.08.09 03:51:39.850,1.196,1.19635,45.00,31.20
2007.08.09 03:51:44.911,1.196,1.19635,45.00,23.20
2007.08.09 03:51:51.877,1.196,1.19635,45.00,31.20
2007.08.09 03:51:52.193,1.196,1.19635,45.00,27.20
2007.08.09 03:51:52.988,1.196,1.1963,45.00,17.60
2007.08.09 03:51:53.830,1.196,1.1963,45.00,21.60
2007.08.09 03:51:55.773,1.196,1.1963,33.80,21.60
2007.08.09 03:51:55.825,1.196,1.1962,29.80,4.00
2007.08.09 03:52:00.004,1.196,1.1962,30.60,4.00
2007.08.09 03:52:00.098,1.196,1.1962,29.80,4.00
2007.08.09 03:52:01.895,1.196,1.1963,33.80,29.60
2007.08.09 03:52:01.922,1.196,1.1963,33.80,21.60
2007.08.09 03:52:01.952,1.196,1.1963,34.60,21.60
2007.08.09 03:52:03.070,1.196,1.1963,37.00,21.60
2007.08.09 03:52:03.076,1.196,1.1963,45.00,21.60
2007.08.09 03:52:11.199,1.19605,1.1963,1.60,21.60
2007.08.09 03:52:12.208,1.1961,1.1963,2.40,21.60
2007.08.09 03:52:23.231,1.1961,1.1963,3.20,12.00
2007.08.09 03:52:23.304,1.1961,1.1963,7.20,8.00
2007.08.09 03:52:23.489,1.1961,1.1963,19.20,4.00
2007.08.09 03:52:23.807,1.1961,1.1964,19.20,31.50
2007.08.09 03:52:24.106,1.1961,1.1964,19.20,30.70
2007.08.09 03:52:25.367,1.1961,1.1963,15.20,4.00
2007.08.09 03:52:43.326,1.1961,1.1964,19.20,35.90
2007.08.09 03:52:43.622,1.1961,1.1964,19.20,31.90
2007.08.09 03:52:43.633,1.1961,1.19635,18.40,1.60
2007.08.09 03:52:43.945,1.1961,1.1963,18.40,0.80
2007.08.09 03:52:44.343,1.1961,1.1963,18.40,8.80
2007.08.09 03:52:44.359,1.1961,1.1963,14.40,12.80
2007.08.09 03:52:44.379,1.1961,1.1963,10.40,16.80
2007.08.09 03:52:44.716,1.1961,1.1963,10.40,19.20
2007.08.09 03:52:44.775,1.1961,1.1963,10.40,23.20
2007.08.09 03:52:49.080,1.19605,1.1963,12.00,23.20
2007.08.09 03:52:59.666,1.1961,1.1963,4.40,22.40
2007.08.09 03:52:59.922,1.19605,1.1963,26.40,22.40
2007.08.09 03:52:59.936,1.1961,1.1963,1.30,18.40
2007.08.09 03:53:00.019,1.19605,1.1963,32.00,18.40
2007.08.09 03:53:00.336,1.19605,1.1963,24.00,18.40
2007.08.09 03:53:00.708,1.19605,1.1963,23.20,19.20
2007.08.09 03:53:00.742,1.1961,1.1963,1.50,15.20
2007.08.09 03:53:00.831,1.1961,1.1963,3.00,19.20
2007.08.09 03:53:00.859,1.19605,1.1963,15.20,23.20
2007.08.09 03:53:01.056,1.19605,1.1963,8.00,24.80
2007.08.09 03:53:01.220,1.19605,1.1962,8.00,8.00
2007.08.09 03:53:01.684,1.1961,1.1962,1.20,8.00
2007.08.09 03:53:02.651,1.19605,1.1962,4.80,8.00
2007.08.09 03:53:02.855,1.1961,1.1963,1.10,23.20
2007.08.09 03:53:03.071,1.1961,1.1963,1.40,22.40
2007.08.09 03:53:06.256,1.1961,1.1963,0.90,22.40
2007.08.09 03:53:06.324,1.1961,1.1962,1.30,4.00
2007.08.09 03:53:06.358,1.19605,1.1962,4.00,12.00
2007.08.09 03:53:17.624,1.1961,1.1962,0.90,12.80
2007.08.09 03:53:17.730,1.196,1.1962,6.80,15.20
2007.08.09 03:53:17.752,1.196,1.1961,4.00,4.00
2007.08.09 03:53:18.074,1.196,1.1961,2.50,4.00
2007.08.09 03:53:19.313,1.196,1.1962,2.50,15.20
2007.08.09 03:53:20.301,1.196,1.1961,8.30,0.60
2007.08.09 03:53:20.660,1.196,1.1962,8.30,23.20
2007.08.09 03:53:20.713,1.196,1.1961,8.30,0.60
2007.08.09 03:53:20.872,1.196,1.1961,0.40,0.70
2007.08.09 03:53:21.219,1.196,1.1961,0.40,0.50
2007.08.09 03:53:21.580,1.196,1.1961,0.40,0.60
2007.08.09 03:53:21.736,1.196,1.1961,2.70,0.80
2007.08.09 03:53:21.832,1.196,1.1962,2.70,31.20
2007.08.09 03:53:24.281,1.196,1.1961,2.40,0.70
2007.08.09 03:53:24.808,1.196,1.1962,6.40,31.20
2007.08.09 03:53:35.157,1.196,1.19615,4.00,13.60
2007.08.09 03:53:35.255,1.196,1.1961,4.00,0.50
2007.08.09 03:53:35.709,1.1959,1.1961,11.20,0.90
2007.08.09 03:53:35.936,1.1959,1.19615,7.20,20.00
2007.08.09 03:53:36.027,1.1959,1.1961,4.00,21.60
2007.08.09 03:53:36.294,1.1959,1.1961,8.00,18.40
2007.08.09 03:53:36.650,1.1959,1.1961,4.00,22.40
2007.08.09 03:53:37.168,1.1958,1.1961,33.20,26.40
2007.08.09 03:53:40.213,1.1958,1.1961,33.20,26.40
2007.08.09 03:53:40.236,1.1958,1.196,27.60,0.80
2007.08.09 03:53:40.684,1.1958,1.1961,27.60,47.10
2007.08.09 03:53:41.217,1.1958,1.1961,27.60,49.50
2007.08.09 03:53:42.157,1.1959,1.196,2.40,0.90
2007.08.09 03:53:42.233,1.1959,1.196,10.40,0.70
2007.08.09 03:53:42.254,1.1959,1.196,10.40,0.50
2007.08.09 03:53:42.328,1.1959,1.196,10.40,0.90
2007.08.09 03:53:42.763,1.1959,1.19615,10.40,20.00
2007.08.09 03:53:42.852,1.1959,1.1961,16.00,0.90
2007.08.09 03:53:42.957,1.1959,1.19615,16.80,20.00
2007.08.09 03:53:43.155,1.1959,1.1961,16.80,0.80
2007.08.09 03:53:43.294,1.1959,1.1961,20.80,0.90
2007.08.09 03:53:48.379,1.1959,1.1961,24.80,10.40
2007.08.09 03:53:48.404,1.196,1.1961,5.60,10.40
2007.08.09 03:53:49.772,1.196,1.1961,11.20,10.40
2007.08.09 03:53:49.839,1.196,1.1961,27.10,6.40
2007.08.09 03:53:49.865,1.196,1.1961,31.10,6.40
2007.08.09 03:53:49.910,1.196,1.1961,39.40,6.40
2007.08.09 03:53:50.016,1.196,1.1961,41.00,6.40
2007.08.09 03:53:50.227,1.196,1.1961,57.80,6.40
2007.08.09 03:53:50.308,1.1961,1.1962,4.00,2.40
2007.08.09 03:53:50.736,1.1961,1.1962,4.00,2.40
2007.08.09 03:53:50.836,1.196,1.1961,47.10,2.40
2007.08.09 03:53:50.848,1.196,1.1961,35.10,2.40
2007.08.09 03:53:50.983,1.1961,1.1962,0.80,4.00
2007.08.09 03:53:51.197,1.1961,1.1962,6.40,4.00
2007.08.09 03:53:51.272,1.1961,1.1963,6.40,23.90
2007.08.09 03:53:51.508,1.196,1.1963,17.60,23.90
2007.08.09 03:53:56.760,1.196,1.1963,29.50,12.00
2007.08.09 03:53:56.937,1.196,1.1963,30.30,12.00
2007.08.09 03:53:57.686,1.196,1.1963,38.30,12.00
2007.08.09 03:53:57.742,1.196,1.1963,40.70,12.00
2007.08.09 03:54:01.224,1.196,1.1963,40.70,16.00
2007.08.09 03:54:04.119,1.196,1.1963,40.70,16.80
2007.08.09 03:54:04.265,1.196,1.1963,41.00,16.80
2007.08.09 03:54:04.512,1.196,1.1964,41.00,46.40
2007.08.09 03:54:04.736,1.196,1.1963,41.00,0.70
2007.08.09 03:54:05.237,1.196,1.1963,41.00,0.50
2007.08.09 03:54:05.254,1.196,1.19635,41.00,32.80
2007.08.09 03:54:12.651,1.196,1.1963,37.80,0.90
2007.08.09 03:54:12.750,1.196,1.1962,17.60,0.60
2007.08.09 03:54:12.839,1.196,1.1964,17.60,42.70
2007.08.09 03:54:13.762,1.196,1.1963,17.60,0.50
2007.08.09 03:54:20.509,1.196,1.1964,21.60,38.90
2007.08.09 03:54:21.705,1.196,1.1963,21.60,31.90
2007.08.09 03:54:21.763,1.196,1.19625,21.90,0.70
2007.08.09 03:54:22.028,1.196,1.1962,21.90,0.80
2007.08.09 03:54:22.211,1.196,1.19625,16.30,2.40
2007.08.09 03:54:22.272,1.196,1.1962,12.30,0.80
2007.08.09 03:54:22.375,1.196,1.1962,4.30,4.80
2007.08.09 03:54:22.693,1.196,1.1961,12.30,0.60
2007.08.09 03:54:41.363,1.196,1.1961,4.30,4.00
2007.08.09 03:54:42.297,1.196,1.1961,12.30,4.00
2007.08.09 03:54:43.329,1.196,1.1961,4.30,4.00
2007.08.09 03:54:45.866,1.196,1.1962,4.30,19.20
2007.08.09 03:55:25.245,1.196,1.1961,12.30,4.00
2007.08.09 03:55:28.952,1.196,1.1961,12.30,0.60
2007.08.09 03:55:34.260,1.196,1.1961,12.00,0.80
2007.08.09 03:55:34.360,1.196,1.19615,4.00,5.60
2007.08.09 03:55:34.678,1.196,1.19615,4.00,9.60
2007.08.09 03:55:34.932,1.196,1.1961,4.00,0.70
2007.08.09 03:55:35.196,1.196,1.1961,4.00,0.80
2007.08.09 03:55:35.245,1.196,1.1961,4.00,0.80
2007.08.09 03:55:36.175,1.196,1.1962,4.00,33.50
2007.08.09 03:55:36.274,1.196,1.1962,9.60,33.50
2007.08.09 03:55:36.343,1.196,1.1962,9.90,21.60
2007.08.09 03:55:41.319,1.196,1.1962,9.60,21.60
2007.08.09 03:55:41.722,1.196,1.19615,9.60,20.80
2007.08.09 03:55:41.731,1.1959,1.196,23.90,0.70
2007.08.09 03:55:42.543,1.1959,1.196,25.50,0.70
2007.08.09 03:55:48.788,1.196,1.1961,4.00,0.80
2007.08.09 03:55:49.190,1.196,1.1962,12.00,19.20
2007.08.09 03:55:49.608,1.196,1.1962,12.00,19.20
2007.08.09 03:55:56.154,1.196,1.1962,4.00,19.20
2007.08.09 03:56:00.755,1.19585,1.19625,36.90,0.60
2007.08.09 03:56:00.862,1.19582,1.19612,36.70,0.70
2007.08.09 03:56:00.958,1.19572,1.19612,2.90,0.30
2007.08.09 03:56:01.169,1.19572,1.19602,37.10,0.70
2007.08.09 03:56:01.492,1.19565,1.19605,36.90,0.60
2007.08.09 03:56:01.580,1.1957,1.196,36.90,0.50
2007.08.09 03:56:01.690,1.19572,1.19602,61.10,0.30
2007.08.09 03:56:01.796,1.19569,1.19609,36.90,0.60
2007.08.09 03:56:02.208,1.19575,1.19605,36.90,52.50
2007.08.09 03:56:03.670,1.19571,1.19611,37.10,0.70
2007.08.09 03:56:03.764,1.19577,1.19607,67.90,4.30
2007.08.09 03:56:04.388,1.19574,1.19614,37.10,52.50
2007.08.09 03:56:04.494,1.19579,1.19609,0.60,0.30
2007.08.09 03:56:04.918,1.19574,1.19614,36.70,0.90
2007.08.09 03:56:05.122,1.19578,1.19608,36.70,0.70
2007.08.09 03:56:05.949,1.19571,1.19611,36.70,48.50
2007.08.09 03:56:06.053,1.1957,1.1961,36.90,52.50
2007.08.09 03:56:06.572,1.19568,1.19608,58.30,9.10
2007.08.09 03:56:06.665,1.19568,1.19608,36.70,0.60
2007.08.09 03:56:06.782,1.19569,1.19609,67.90,4.30
2007.08.09 03:56:06.995,1.19574,1.19604,36.90,52.50
2007.08.09 03:56:07.090,1.19575,1.19605,36.90,48.50
2007.08.09 03:56:07.198,1.1957,1.1961,36.70,52.50
2007.08.09 03:56:07.501,1.19571,1.19611,67.90,4.30
2007.08.09 03:56:07.604,1.19577,1.19607,0.70,8.80
2007.08.09 03:56:07.712,1.19573,1.19613,36.70,52.50
2007.08.09 03:56:08.028,1.19572,1.19612,36.70,52.50
2007.08.09 03:56:08.121,1.1957,1.1961,36.70,52.50
2007.08.09 03:56:08.238,1.19573,1.19603,58.30,9.10
2007.08.09 03:56:08.446,1.19566,1.19606,36.90,0.50
2007.08.09 03:56:08.540,1.19565,1.19605,37.10,52.50
2007.08.09 03:56:08.753,1.19566,1.19606,0.70,0.30
2007.08.09 03:56:08.862,1.19572,1.19602,36.70,52.50
2007.08.09 03:56:08.958,1.19566,1.19606,53.40,0.30
2007.08.09 03:56:09.064,1.19571,1.19601,36.90,0.60
2007.08.09 03:56:09.159,1.19566,1.19606,0.80,4.20
2007.08.09 03:56:09.277,1.19572,1.19602,36.70,52.50
2007.08.09 03:56:10.283,1.19568,1.19608,36.90,0.90
2007.08.09 03:56:11.858,1.19568,1.19608,36.70,0.80
2007.08.09 03:56:11.953,1.19572,1.19602,36.70,0.60
2007.08.09 03:56:12.154,1.19567,1.19607,71.90,4.30
2007.08.09 03:56:12.273,1.19573,1.19603,36.90,0.60
2007.08.09 03:56:12.449,1.19569,1.19609,36.70,52.50
2007.08.09 03:56:12.585,1.19576,1.19606,36.70,52.50
2007.08.09 03:56:12.694,1.19577,1.19607,36.70,35.10
2007.08.09 03:56:12.907,1.19574,1.19604,36.70,52.50
2007.08.09 03:56:13.002,1.19566,1.19606,0.60,0.30
2007.08.09 03:56:13.112,1.1957,1.196,36.90,0.50
2007.08.09 03:56:13.204,1.19567,1.19597,36.90,0.50
2007.08.09 03:56:13.321,1.19556,1.19596,71.90,4.30
2007.08.09 03:56:13.415,1.1955,1.1959,68.00,4.30
2007.08.09 03:56:15.779,1.19553,1.19583,36.90,0.50
2007.08.09 03:56:23.472,1.19557,1.19582,32.70,4.30
2007.08.09 03:56:23.568,1.19558,1.19588,61.30,0.30
2007.08.09 03:56:23.782,1.19563,1.19593,36.70,52.50
2007.08.09 03:56:23.890,1.19571,1.19596,36.70,52.50
2007.08.09 03:56:25.232,1.19575,1.196,36.90,0.90
2007.08.09 03:56:25.340,1.19577,1.19607,36.70,52.50
2007.08.09 03:56:26.067,1.19577,1.19607,36.90,0.70
2007.08.09 03:56:26.823,1.1958,1.196,36.70,0.70
2007.08.09 03:56:26.842,1.19578,1.19598,37.10,52.50
2007.08.09 03:56:36.541,1.19568,1.19598,36.70,52.50
2007.08.09 03:56:36.740,1.19566,1.19596,36.70,52.50
2007.08.09 03:56:37.989,1.19567,1.19597,71.90,42.60
2007.08.09 03:56:38.456,1.19561,1.19611,36.90,0.60
2007.08.09 03:56:39.220,1.19575,1.19605,36.70,0.90
2007.08.09 03:56:39.258,1.19576,1.19606,33.50,4.30
2007.08.09 03:56:39.343,1.19576,1.19606,36.70,0.80
2007.08.09 03:56:39.458,1.19584,1.19594,36.70,52.50
2007.08.09 03:56:39.541,1.19583,1.19593,68.00,4.30
2007.08.09 03:56:39.768,1.19583,1.19593,36.90,35.10
2007.08.09 03:56:39.884,1.19575,1.19605,36.90,0.50
2007.08.09 03:56:40.467,1.19577,1.19607,0.60,0.30
2007.08.09 03:56:41.305,1.19587,1.19597,37.10,0.90
2007.08.09 03:56:43.234,1.19578,1.19608,36.70,0.80
2007.08.09 03:56:43.519,1.19592,1.19602,36.70,0.60
2007.08.09 03:56:44.325,1.19589,1.19609,36.70,0.90
2007.08.09 03:56:44.423,1.19584,1.19614,36.90,0.60
2007.08.09 03:56:45.667,1.19586,1.19606,36.90,52.50
2007.08.09 03:56:47.748,1.19579,1.19609,37.10,0.80
2007.08.09 03:56:49.617,1.1958,1.1961,61.20,0.30
2007.08.09 03:56:58.830,1.19582,1.19612,36.70,35.10
2007.08.09 03:56:59.645,1.19588,1.19608,0.80,4.20
2007.08.09 03:56:59.772,1.19594,1.19604,36.90,48.50
2007.08.09 03:57:22.733,1.196,1.1962,4.00,23.20
2007.08.09 03:57:22.882,1.1959,1.196,13.60,4.00
2007.08.09 03:57:23.651,1.1959,1.196,13.60,8.00
2007.08.09 03:57:24.054,1.1959,1.196,13.60,10.40
2007.08.09 03:57:48.450,1.1959,1.196,5.60,10.40
2007.08.09 03:57:48.512,1.1958,1.196,29.20,10.40
2007.08.09 03:57:52.192,1.1958,1.196,29.20,6.40
2007.08.09 03:57:53.649,1.1958,1.196,29.20,10.40
2007.08.09 03:58:22.126,1.1958,1.196,29.20,6.40
2007.08.09 03:58:23.687,1.1958,1.196,29.20,10.40
2007.08.09 03:58:51.151,1.1958,1.196,29.20,6.40
2007.08.09 03:58:53.651,1.1958,1.196,29.20,10.40
2007.08.09 03:59:22.794,1.1958,1.196,29.20,6.40
2007.08.09 03:59:23.215,1.1958,1.196,29.20,2.40
2007.08.09 03:59:23.741,1.1958,1.196,29.20,6.40
2007.08.09 03:59:27.299,1.19575,1.196,30.80,6.40
2007.08.09 03:59:28.807,1.19575,1.196,30.40,6.40
2007.08.09 03:59:28.898,1.1958,1.196,10.50,10.40
2007.08.09 03:59:37.198,1.1958,1.196,5.80,10.40
2007.08.09 03:59:37.934,1.19575,1.196,30.80,6.40
2007.08.09 03:59:38.054,1.19575,1.196,30.40,6.40
2007.08.09 03:59:38.346,1.19575,1.196,30.40,10.40
2007.08.09 03:59:38.649,1.19575,1.196,30.80,10.40
2007.08.09 03:59:39.691,1.19575,1.196,30.40,10.40
2007.08.09 03:59:41.975,1.1958,1.196,5.00,10.40
2007.08.09 03:59:48.505,1.1958,1.196,10.90,10.40
2007.08.09 03:59:50.447,1.19575,1.196,22.40,10.40
2007.08.09 03:59:53.157,1.19575,1.196,22.40,6.40
2007.08.09 03:59:53.689,1.19575,1.196,22.40,10.40
2007.08.09 03:59:58.364,1.19575,1.196,43.20,10.40
