2012.11.23 11:00:00.488,0.93475,0.93482,1.13,3.75
2012.11.23 11:00:00.738,0.93468,0.93478,2.40,3.00
2012.11.23 11:00:00.917,0.93468,0.93477,2.03,1.50
2012.11.23 11:00:01.420,0.93469,0.93478,1.13,2.25
2012.11.23 11:00:02.227,0.93467,0.93478,2.25,1.50
2012.11.23 11:00:02.776,0.93462,0.9347,1.50,1.13
2012.11.23 11:00:02.999,0.93462,0.93469,1.50,2.25
2012.11.23 11:00:03.517,0.9346,0.9347,1.13,2.63
2012.11.23 11:00:04.049,0.93459,0.9347,1.13,2.63
2012.11.23 11:00:04.837,0.93459,0.9347,1.13,1.50
2012.11.23 11:00:05.197,0.93458,0.9347,1.13,2.48
2012.11.23 11:00:05.748,0.93459,0.93467,1.13,2.25
2012.11.23 11:00:06.128,0.93459,0.93469,1.13,3.98
2012.11.23 11:00:06.427,0.93458,0.93469,2.40,1.73
2012.11.23 11:00:06.967,0.93458,0.9347,1.13,2.25
2012.11.23 11:00:07.028,0.93458,0.9347,1.13,2.25
2012.11.23 11:00:07.089,0.93459,0.93472,1.73,2.40
2012.11.23 11:00:07.158,0.93459,0.93472,1.73,1.65
2012.11.23 11:00:07.397,0.93463,0.93475,1.50,3.98
2012.11.23 11:00:07.577,0.93463,0.93475,2.25,1.73
2012.11.23 11:00:07.637,0.93463,0.93475,2.25,1.73
2012.11.23 11:00:07.949,0.93463,0.93475,3.00,2.48
2012.11.23 11:00:08.506,0.93462,0.93475,3.00,2.48
2012.11.23 11:00:08.746,0.93462,0.93475,3.00,1.73
2012.11.23 11:00:09.300,0.93462,0.93474,2.25,2.25
2012.11.23 11:00:10.698,0.93461,0.93471,1.35,1.50
2012.11.23 11:00:11.010,0.93457,0.93466,2.85,1.50
2012.11.23 11:00:11.260,0.93454,0.93464,1.80,1.50
2012.11.23 11:00:11.447,0.93454,0.93465,1.28,2.25
2012.11.23 11:00:11.749,0.93453,0.93464,2.03,2.48
2012.11.23 11:00:11.820,0.93453,0.93463,1.65,1.73
2012.11.23 11:00:11.891,0.93453,0.93462,1.65,3.23
2012.11.23 11:00:12.207,0.93451,0.93458,1.28,1.50
2012.11.23 11:00:12.692,0.9345,0.93458,1.50,1.50
2012.11.23 11:00:12.900,0.93446,0.93458,2.63,2.48
2012.11.23 11:00:14.387,0.93446,0.93457,1.65,2.48
2012.11.23 11:00:14.874,0.93448,0.93457,1.13,1.50
2012.11.23 11:00:14.939,0.93448,0.9346,1.13,2.25
2012.11.23 11:00:15.488,0.9345,0.93462,1.50,1.88
2012.11.23 11:00:15.869,0.93451,0.93463,2.25,2.63
2012.11.23 11:00:16.176,0.93451,0.93465,2.78,5.63
2012.11.23 11:00:16.298,0.93453,0.93465,1.73,2.40
2012.11.23 11:00:16.659,0.93459,0.93466,1.50,1.13
2012.11.23 11:00:17.029,0.93457,0.93469,2.25,1.73
2012.11.23 11:00:17.547,0.93454,0.93468,2.63,3.00
2012.11.23 11:00:19.608,0.93454,0.93467,2.63,1.50
2012.11.23 11:00:22.566,0.93454,0.93463,1.13,1.50
2012.11.23 11:00:22.888,0.93451,0.93461,3.38,1.73
2012.11.23 11:00:23.248,0.93448,0.93459,1.13,1.50
2012.11.23 11:00:23.873,0.93448,0.93462,3.15,2.40
2012.11.23 11:00:24.380,0.9345,0.93462,2.48,2.40
2012.11.23 11:00:24.640,0.93448,0.9346,4.13,2.25
2012.11.23 11:00:25.189,0.93449,0.93461,2.40,2.40
2012.11.23 11:00:25.748,0.93448,0.93459,1.13,1.50
2012.11.23 11:00:26.117,0.93449,0.93461,2.40,4.65
2012.11.23 11:00:26.647,0.93448,0.93461,1.13,4.65
2012.11.23 11:00:26.768,0.93447,0.93458,1.73,1.50
2012.11.23 11:00:27.718,0.93446,0.93458,2.40,3.23
2012.11.23 11:00:30.517,0.93446,0.93458,2.40,2.48
2012.11.23 11:00:32.658,0.93446,0.93458,1.65,2.48
2012.11.23 11:00:32.839,0.93447,0.93459,2.25,1.73
2012.11.23 11:00:33.388,0.93448,0.93461,2.40,1.65
2012.11.23 11:00:34.092,0.93448,0.93462,2.40,2.40
2012.11.23 11:00:35.357,0.93449,0.93462,1.65,2.40
2012.11.23 11:00:36.030,0.93449,0.9346,1.65,1.50
2012.11.23 11:00:36.681,0.93448,0.93462,2.40,2.40
2012.11.23 11:00:38.599,0.93448,0.9346,2.40,1.50
2012.11.23 11:00:39.221,0.93448,0.9346,2.40,3.23
2012.11.23 11:00:40.894,0.93449,0.93461,2.40,3.15
2012.11.23 11:00:41.706,0.93449,0.93461,2.40,2.40
2012.11.23 11:00:43.468,0.93449,0.93461,2.40,2.40
2012.11.23 11:00:44.074,0.93448,0.93461,1.13,3.15
2012.11.23 11:00:49.378,0.93449,0.93461,2.40,2.40
2012.11.23 11:00:50.997,0.93449,0.93459,1.50,2.25
2012.11.23 11:00:51.073,0.93445,0.93459,2.40,3.00
2012.11.23 11:00:53.997,0.93447,0.93457,1.13,1.73
2012.11.23 11:00:55.155,0.93447,0.93459,2.63,2.25
2012.11.23 11:00:55.721,0.93447,0.93459,2.40,2.40
2012.11.23 11:00:55.927,0.93449,0.93459,1.50,2.40
2012.11.23 11:00:56.251,0.93452,0.93463,3.75,1.35
2012.11.23 11:00:56.558,0.93456,0.93468,2.25,3.23
2012.11.23 11:00:57.050,0.93456,0.93467,1.50,1.88
2012.11.23 11:00:57.238,0.93456,0.93469,1.50,2.25
2012.11.23 11:00:57.429,0.93458,0.9347,2.25,3.38
2012.11.23 11:00:57.628,0.93456,0.93467,1.88,1.50
2012.11.23 11:00:57.988,0.93455,0.93467,2.40,1.50
2012.11.23 11:00:58.349,0.93456,0.93467,1.13,1.50
2012.11.23 11:00:58.777,0.93455,0.93467,2.40,1.50
2012.11.23 11:00:59.848,0.93456,0.93467,1.13,1.50
2012.11.23 11:01:00.269,0.93455,0.93467,2.63,1.50
2012.11.23 11:01:00.817,0.93456,0.93468,2.40,1.88
2012.11.23 11:01:00.877,0.93456,0.93467,1.13,1.50
2012.11.23 11:01:01.674,0.93456,0.93468,2.63,1.50
2012.11.23 11:01:02.219,0.93455,0.93469,2.85,2.25
2012.11.23 11:01:02.750,0.93456,0.93468,1.13,1.88
2012.11.23 11:01:03.256,0.93456,0.9347,2.40,3.38
2012.11.23 11:01:03.737,0.93456,0.93467,1.65,1.50
2012.11.23 11:01:04.487,0.93456,0.9347,3.15,2.63
2012.11.23 11:01:05.037,0.93455,0.93468,1.65,1.50
2012.11.23 11:01:06.018,0.93456,0.93468,2.40,1.50
2012.11.23 11:01:06.498,0.93459,0.93471,2.25,2.78
2012.11.23 11:01:06.689,0.93457,0.93469,1.50,1.88
2012.11.23 11:01:06.879,0.93456,0.93467,1.13,1.50
2012.11.23 11:01:07.435,0.93456,0.93468,1.65,1.50
2012.11.23 11:01:08.177,0.93456,0.93468,2.40,1.50
2012.11.23 11:01:08.727,0.93456,0.93468,1.65,1.50
2012.11.23 11:01:14.796,0.93457,0.93471,1.50,3.00
2012.11.23 11:01:15.397,0.93457,0.93469,1.50,1.50
2012.11.23 11:01:15.907,0.93457,0.93471,2.25,3.75
2012.11.23 11:01:16.448,0.93456,0.9347,2.40,2.25
2012.11.23 11:01:16.997,0.93457,0.93471,2.25,3.75
2012.11.23 11:01:17.537,0.93456,0.9347,1.65,2.25
2012.11.23 11:01:18.478,0.93459,0.93471,1.50,5.25
2012.11.23 11:01:18.979,0.93456,0.9347,2.85,2.78
2012.11.23 11:01:20.266,0.93456,0.9347,1.88,4.50
2012.11.23 11:01:20.627,0.93455,0.93467,1.88,1.50
2012.11.23 11:01:21.318,0.93456,0.93468,1.88,1.50
2012.11.23 11:01:22.308,0.93455,0.93469,2.85,2.18
2012.11.23 11:01:22.610,0.93455,0.93467,2.63,1.50
2012.11.23 11:01:22.917,0.93457,0.93469,1.65,3.68
2012.11.23 11:01:25.279,0.93457,0.93471,2.40,3.83
2012.11.23 11:01:25.829,0.93458,0.9347,1.65,2.10
2012.11.23 11:01:26.377,0.93458,0.9347,2.40,1.65
2012.11.23 11:01:28.087,0.93459,0.93471,1.50,3.60
2012.11.23 11:01:28.568,0.93456,0.93467,2.85,1.50
2012.11.23 11:01:28.628,0.93455,0.93467,2.25,5.93
2012.11.23 11:01:28.869,0.93452,0.93463,3.15,2.18
2012.11.23 11:01:29.176,0.93449,0.93462,1.05,2.85
2012.11.23 11:01:32.307,0.93449,0.93462,1.88,2.70
2012.11.23 11:01:32.488,0.93453,0.93464,1.50,1.43
2012.11.23 11:01:32.909,0.93453,0.93465,2.25,1.73
2012.11.23 11:01:34.067,0.93455,0.93467,1.50,2.70
2012.11.23 11:01:34.536,0.93453,0.93465,1.50,1.73
2012.11.23 11:01:35.086,0.93454,0.93468,1.50,5.25
2012.11.23 11:01:35.667,0.93453,0.93465,2.25,1.73
2012.11.23 11:01:36.178,0.93454,0.93466,1.50,1.88
2012.11.23 11:01:36.721,0.93452,0.93466,3.75,1.88
2012.11.23 11:01:37.936,0.93452,0.93466,2.25,1.88
2012.11.23 11:01:38.548,0.93453,0.93465,2.25,1.73
2012.11.23 11:01:38.740,0.93456,0.93468,1.50,6.08
2012.11.23 11:01:38.867,0.93456,0.93468,1.50,2.40
2012.11.23 11:01:40.506,0.93454,0.93467,2.40,2.10
2012.11.23 11:01:41.046,0.93456,0.93468,1.50,3.60
2012.11.23 11:01:42.832,0.93456,0.93468,2.25,2.10
2012.11.23 11:01:43.449,0.93454,0.93465,2.40,1.50
2012.11.23 11:01:43.698,0.93453,0.93465,1.50,1.65
2012.11.23 11:01:43.880,0.93451,0.93463,2.40,2.70
2012.11.23 11:01:44.328,0.93449,0.93463,2.40,3.60
2012.11.23 11:01:44.398,0.93449,0.93461,2.40,1.50
2012.11.23 11:01:46.759,0.93451,0.93461,1.13,1.50
2012.11.23 11:01:46.828,0.93452,0.93464,3.00,3.15
2012.11.23 11:01:47.127,0.93453,0.93466,2.25,1.58
2012.11.23 11:01:47.629,0.93453,0.93467,2.25,4.05
2012.11.23 11:01:48.187,0.93453,0.93466,1.50,2.33
2012.11.23 11:01:49.666,0.93453,0.93466,1.50,2.33
2012.11.23 11:01:50.817,0.93453,0.93466,1.50,2.33
2012.11.23 11:01:51.357,0.93453,0.93466,1.50,2.33
2012.11.23 11:01:51.887,0.93453,0.93466,1.50,2.33
2012.11.23 11:01:52.528,0.93452,0.93466,3.90,2.33
2012.11.23 11:01:53.053,0.93452,0.93466,3.90,2.33
2012.11.23 11:01:54.807,0.93453,0.93466,1.50,2.33
2012.11.23 11:01:55.344,0.93452,0.93466,3.90,2.33
2012.11.23 11:01:55.867,0.93453,0.93467,2.25,4.05
2012.11.23 11:01:56.399,0.93452,0.93465,2.40,1.88
2012.11.23 11:01:56.947,0.93452,0.93465,2.40,1.88
2012.11.23 11:01:57.847,0.93452,0.93465,2.40,1.88
2012.11.23 11:01:59.677,0.93452,0.93465,2.40,1.65
2012.11.23 11:02:01.107,0.93452,0.93465,1.50,1.50
2012.11.23 11:02:01.169,0.93454,0.93466,1.50,2.33
2012.11.23 11:02:01.717,0.93453,0.93465,2.25,1.50
2012.11.23 11:02:02.267,0.93453,0.93465,2.25,1.73
2012.11.23 11:02:02.628,0.9345,0.93463,2.40,1.88
2012.11.23 11:02:02.958,0.93449,0.9346,1.65,2.25
2012.11.23 11:02:03.347,0.93448,0.9346,1.65,2.33
2012.11.23 11:02:03.848,0.93448,0.9346,1.65,5.78
2012.11.23 11:02:04.556,0.93446,0.93458,1.65,1.73
2012.11.23 11:02:05.147,0.93445,0.93458,1.65,1.73
2012.11.23 11:02:05.809,0.93444,0.93458,3.60,3.23
2012.11.23 11:02:06.117,0.93444,0.93455,1.13,1.50
2012.11.23 11:02:06.658,0.93444,0.93458,2.63,3.45
2012.11.23 11:02:13.267,0.93445,0.93457,2.63,1.43
2012.11.23 11:02:14.999,0.93447,0.93458,1.65,1.43
2012.11.23 11:02:17.357,0.93445,0.93458,2.63,1.43
2012.11.23 11:02:17.837,0.93443,0.93455,4.50,2.25
2012.11.23 11:02:18.078,0.93441,0.93453,2.63,2.40
2012.11.23 11:02:18.137,0.9344,0.93453,2.88,2.55
2012.11.23 11:02:18.676,0.93439,0.93452,3.15,1.20
2012.11.23 11:02:19.818,0.9344,0.93452,2.48,2.70
2012.11.23 11:02:20.686,0.9344,0.93452,2.48,2.25
2012.11.23 11:02:22.587,0.9344,0.93452,2.48,2.25
2012.11.23 11:02:28.537,0.93443,0.93452,1.50,1.50
2012.11.23 11:02:28.657,0.93443,0.93454,1.50,1.50
2012.11.23 11:02:28.779,0.93444,0.93457,1.50,3.68
2012.11.23 11:02:29.091,0.93453,0.9346,1.65,1.50
2012.11.23 11:02:29.577,0.93456,0.93461,1.50,1.50
2012.11.23 11:02:29.639,0.93456,0.93461,1.50,1.50
2012.11.23 11:02:30.108,0.93456,0.93467,1.50,2.85
2012.11.23 11:02:30.168,0.93456,0.93468,1.50,2.63
2012.11.23 11:02:30.678,0.93454,0.93468,3.38,1.65
2012.11.23 11:02:37.447,0.93456,0.93469,1.13,2.70
2012.11.23 11:02:38.466,0.93456,0.93469,1.13,1.95
2012.11.23 11:02:39.360,0.93457,0.93469,2.63,1.50
2012.11.23 11:02:39.990,0.93457,0.93469,2.63,1.50
2012.11.23 11:02:43.988,0.93457,0.93471,2.63,3.23
2012.11.23 11:02:44.188,0.93457,0.93469,2.63,1.50
2012.11.23 11:02:44.517,0.93457,0.93469,2.63,1.50
2012.11.23 11:02:44.697,0.93457,0.93471,2.63,2.03
2012.11.23 11:02:46.008,0.93457,0.93471,2.63,2.03
2012.11.23 11:02:46.068,0.93457,0.9347,2.63,1.65
2012.11.23 11:02:46.617,0.93455,0.93466,1.50,1.50
2012.11.23 11:02:47.157,0.93454,0.93466,3.38,1.50
2012.11.23 11:02:47.698,0.93454,0.93466,4.13,1.50
2012.11.23 11:02:55.986,0.93454,0.93466,4.13,1.50
2012.11.23 11:02:56.197,0.93454,0.93466,4.13,1.50
2012.11.23 11:02:57.030,0.93454,0.93466,4.13,1.50
2012.11.23 11:02:57.632,0.93454,0.93466,4.13,1.50
2012.11.23 11:03:00.667,0.93455,0.93468,2.48,1.65
2012.11.23 11:03:00.727,0.93456,0.93469,1.13,2.18
2012.11.23 11:03:01.039,0.93456,0.93467,1.13,1.50
2012.11.23 11:03:01.517,0.93456,0.93469,1.13,1.73
2012.11.23 11:03:01.984,0.93456,0.93467,1.13,1.50
2012.11.23 11:03:02.878,0.93455,0.93467,3.23,1.88
2012.11.23 11:03:03.239,0.93453,0.93465,2.25,2.63
2012.11.23 11:03:03.367,0.93453,0.93464,2.25,1.35
2012.11.23 11:03:03.911,0.93452,0.93464,1.88,2.33
2012.11.23 11:03:04.490,0.93452,0.93464,1.50,2.33
2012.11.23 11:03:05.466,0.93453,0.93465,2.25,4.05
2012.11.23 11:03:06.198,0.93451,0.93463,2.63,1.88
2012.11.23 11:03:06.476,0.93451,0.93463,2.63,1.88
2012.11.23 11:03:06.690,0.93451,0.93463,1.50,2.33
2012.11.23 11:03:06.878,0.93449,0.93459,1.65,1.50
2012.11.23 11:03:07.237,0.93449,0.9346,1.50,1.50
2012.11.23 11:03:07.478,0.9345,0.93462,2.48,1.50
2012.11.23 11:03:08.041,0.93453,0.93463,2.25,1.20
2012.11.23 11:03:08.717,0.93453,0.93464,2.25,1.35
2012.11.23 11:03:09.266,0.93453,0.93465,2.25,2.10
2012.11.23 11:03:09.648,0.93453,0.93464,2.25,1.58
2012.11.23 11:03:10.148,0.93453,0.93464,2.25,1.58
2012.11.23 11:03:10.207,0.93453,0.93464,2.25,1.20
2012.11.23 11:03:10.766,0.93453,0.93464,2.25,1.65
2012.11.23 11:03:11.296,0.93453,0.93465,2.25,2.70
2012.11.23 11:03:11.526,0.93453,0.93464,2.25,1.13
2012.11.23 11:03:12.097,0.93452,0.93464,2.25,1.88
2012.11.23 11:03:12.156,0.93452,0.93464,2.40,1.20
2012.11.23 11:03:12.697,0.93452,0.93464,2.25,1.65
2012.11.23 11:03:13.207,0.93452,0.93465,2.40,1.35
2012.11.23 11:03:13.446,0.93452,0.93464,2.25,1.35
2012.11.23 11:03:13.978,0.93452,0.93464,2.25,1.88
2012.11.23 11:03:14.388,0.93452,0.93466,2.25,3.08
2012.11.23 11:03:14.836,0.93452,0.93464,2.25,1.58
2012.11.23 11:03:16.116,0.93452,0.93464,2.25,1.35
2012.11.23 11:03:16.776,0.93452,0.93465,2.25,2.33
2012.11.23 11:03:16.956,0.93452,0.93466,2.40,3.08
2012.11.23 11:03:17.136,0.93452,0.93466,2.40,3.53
2012.11.23 11:03:17.196,0.93452,0.93466,2.40,3.53
2012.11.23 11:03:17.317,0.93452,0.93465,2.25,1.13
2012.11.23 11:03:17.677,0.93458,0.93466,1.13,1.65
2012.11.23 11:03:18.230,0.9346,0.93471,1.28,3.00
2012.11.23 11:03:18.657,0.93461,0.93473,1.28,3.38
2012.11.23 11:03:18.779,0.93461,0.93474,1.28,3.08
2012.11.23 11:03:19.338,0.93463,0.93474,1.50,1.95
2012.11.23 11:03:19.638,0.93463,0.93475,2.25,4.35
2012.11.23 11:03:20.486,0.93463,0.93475,2.25,4.35
2012.11.23 11:03:21.027,0.93463,0.93475,2.25,4.35
2012.11.23 11:03:21.608,0.93463,0.93475,2.25,4.35
2012.11.23 11:03:22.127,0.93463,0.93475,2.25,4.35
2012.11.23 11:03:22.676,0.93463,0.93474,1.50,1.05
2012.11.23 11:03:23.597,0.93463,0.93475,3.00,2.33
2012.11.23 11:03:24.157,0.93463,0.93475,2.25,3.08
2012.11.23 11:03:24.668,0.93463,0.93474,2.25,1.58
2012.11.23 11:03:25.087,0.9346,0.93472,2.25,2.70
2012.11.23 11:03:25.917,0.93459,0.93471,2.40,1.50
2012.11.23 11:03:26.577,0.93459,0.93471,2.40,1.50
2012.11.23 11:03:27.107,0.93459,0.93471,2.40,1.50
2012.11.23 11:03:27.569,0.93459,0.93471,2.40,1.50
2012.11.23 11:03:28.546,0.93459,0.93471,2.40,1.50
2012.11.23 11:03:28.928,0.93459,0.93471,2.40,2.25
2012.11.23 11:03:28.987,0.93459,0.93469,2.40,1.20
2012.11.23 11:03:29.537,0.93456,0.93469,1.88,3.75
2012.11.23 11:03:30.147,0.93455,0.93468,2.25,1.50
2012.11.23 11:03:31.336,0.93455,0.93468,2.63,1.28
2012.11.23 11:03:33.568,0.93455,0.93468,3.38,1.20
2012.11.23 11:03:35.140,0.93456,0.93468,1.65,1.20
2012.11.23 11:03:36.928,0.93456,0.93469,1.65,4.88
2012.11.23 11:03:42.410,0.93456,0.93469,3.90,1.35
2012.11.23 11:03:42.656,0.93456,0.93469,3.90,1.80
2012.11.23 11:03:42.958,0.93456,0.93468,3.15,1.20
2012.11.23 11:03:43.366,0.93457,0.93468,1.13,1.20
2012.11.23 11:03:43.486,0.93458,0.9347,1.65,2.93
2012.11.23 11:03:44.026,0.93458,0.9347,5.78,2.48
2012.11.23 11:03:44.676,0.93458,0.9347,2.40,2.48
2012.11.23 11:03:45.027,0.93456,0.9347,3.90,3.83
2012.11.23 11:03:46.461,0.93456,0.93466,1.65,2.25
2012.11.23 11:03:47.019,0.93454,0.93465,1.13,1.50
2012.11.23 11:03:47.581,0.93454,0.93466,1.13,2.25
2012.11.23 11:03:47.827,0.93454,0.93466,2.63,2.25
2012.11.23 11:03:51.096,0.93454,0.93466,3.38,2.25
2012.11.23 11:03:51.827,0.93454,0.93466,3.38,1.50
2012.11.23 11:03:55.707,0.93454,0.93466,3.38,1.50
2012.11.23 11:03:56.402,0.93454,0.93465,1.13,1.50
2012.11.23 11:03:57.087,0.93453,0.93465,2.40,1.73
2012.11.23 11:03:58.420,0.93453,0.93465,2.40,1.50
2012.11.23 11:03:58.980,0.93451,0.93464,2.25,1.50
2012.11.23 11:04:00.506,0.93451,0.93462,1.50,1.50
2012.11.23 11:04:04.379,0.9345,0.93461,2.56,1.50
2012.11.23 11:04:04.767,0.9345,0.9346,1.13,3.98
2012.11.23 11:04:05.237,0.93448,0.9346,2.40,3.98
2012.11.23 11:04:05.297,0.93448,0.9346,2.40,3.23
2012.11.23 11:04:10.599,0.93449,0.93465,2.63,2.78
2012.11.23 11:04:10.730,0.93452,0.93462,1.35,1.50
2012.11.23 11:04:11.447,0.93453,0.93463,2.48,1.50
2012.11.23 11:04:11.526,0.93455,0.93467,2.25,1.35
2012.11.23 11:04:14.589,0.93453,0.93465,3.38,1.50
2012.11.23 11:04:15.138,0.93456,0.93465,1.35,1.50
2012.11.23 11:04:15.318,0.9346,0.9347,1.13,1.58
2012.11.23 11:04:15.748,0.93458,0.9347,1.13,3.08
2012.11.23 11:04:16.287,0.93458,0.9347,1.13,3.08
2012.11.23 11:04:17.197,0.93458,0.9347,1.13,3.08
2012.11.23 11:04:17.738,0.93458,0.9347,2.63,2.25
2012.11.23 11:04:24.207,0.93458,0.93471,1.50,2.40
2012.11.23 11:04:24.391,0.93458,0.93467,1.50,1.20
2012.11.23 11:04:24.637,0.93455,0.93466,1.13,1.95
2012.11.23 11:04:26.050,0.93455,0.93466,1.35,1.50
2012.11.23 11:04:26.178,0.93455,0.93466,1.35,1.50
2012.11.23 11:04:26.297,0.93455,0.93465,1.13,1.73
2012.11.23 11:04:26.837,0.93455,0.93466,1.13,2.25
2012.11.23 11:04:27.473,0.93453,0.93466,1.35,1.50
2012.11.23 11:04:28.997,0.93457,0.93466,1.13,1.50
2012.11.23 11:04:29.180,0.93457,0.93467,2.85,1.50
2012.11.23 11:04:29.248,0.93457,0.93469,2.85,1.50
2012.11.23 11:04:29.674,0.93456,0.93467,1.13,1.50
2012.11.23 11:04:31.668,0.93456,0.93468,2.10,1.95
2012.11.23 11:04:32.170,0.93456,0.93468,2.10,1.95
2012.11.23 11:04:32.538,0.93454,0.93463,2.48,1.20
2012.11.23 11:04:32.839,0.93454,0.93462,1.88,1.95
2012.11.23 11:04:33.209,0.93447,0.93459,1.73,1.50
2012.11.23 11:04:33.517,0.9345,0.9346,1.13,1.50
2012.11.23 11:04:33.638,0.93447,0.93458,1.88,1.50
2012.11.23 11:04:33.758,0.93447,0.93458,1.13,1.50
2012.11.23 11:04:38.287,0.93447,0.93458,1.13,1.50
2012.11.23 11:04:38.470,0.93449,0.93458,1.88,1.50
2012.11.23 11:04:38.600,0.93453,0.93462,1.13,1.95
2012.11.23 11:04:39.467,0.93453,0.93465,2.63,1.95
2012.11.23 11:04:39.607,0.93453,0.93465,2.63,1.50
2012.11.23 11:04:40.526,0.93453,0.93465,2.63,1.50
2012.11.23 11:04:40.648,0.93457,0.93465,1.13,1.50
2012.11.23 11:04:40.779,0.93457,0.93468,1.88,2.18
2012.11.23 11:04:41.147,0.93458,0.93469,1.13,1.95
2012.11.23 11:04:43.316,0.93455,0.93469,2.85,2.40
2012.11.23 11:04:43.559,0.93461,0.93472,1.13,2.55
2012.11.23 11:04:43.798,0.9346,0.93472,3.00,1.80
2012.11.23 11:04:44.287,0.93463,0.93475,1.50,4.58
2012.11.23 11:04:44.408,0.9346,0.93474,2.03,2.18
2012.11.23 11:04:46.688,0.93459,0.93471,1.88,1.20
2012.11.23 11:04:47.477,0.93459,0.93473,2.63,3.45
2012.11.23 11:04:48.018,0.93461,0.93473,1.88,2.40
2012.11.23 11:04:48.574,0.93461,0.93473,2.63,2.40
2012.11.23 11:04:49.088,0.9346,0.93472,2.03,1.65
2012.11.23 11:04:55.696,0.93461,0.93474,1.13,2.85
2012.11.23 11:04:57.748,0.93461,0.93473,1.13,1.13
2012.11.23 11:05:01.091,0.93461,0.93473,1.13,1.13
2012.11.23 11:05:01.406,0.9346,0.93472,3.38,1.73
2012.11.23 11:05:01.956,0.9346,0.93472,1.88,1.50
2012.11.23 11:05:03.767,0.9346,0.93472,2.25,2.25
2012.11.23 11:05:03.828,0.9346,0.93471,2.25,1.50
2012.11.23 11:05:04.380,0.93456,0.93468,1.13,2.10
2012.11.23 11:05:04.888,0.93455,0.93468,1.13,1.95
2012.11.23 11:05:05.437,0.93455,0.93468,1.35,1.95
2012.11.23 11:05:06.000,0.93455,0.93468,1.35,1.95
2012.11.23 11:05:06.520,0.93455,0.93467,2.63,1.50
2012.11.23 11:05:06.649,0.93455,0.93469,2.63,2.93
2012.11.23 11:05:06.957,0.93455,0.93469,2.63,2.85
2012.11.23 11:05:07.138,0.93455,0.93469,2.63,2.80
2012.11.23 11:05:07.439,0.93455,0.93466,1.35,1.50
2012.11.23 11:05:07.688,0.93455,0.93467,2.85,1.50
2012.11.23 11:05:07.748,0.93455,0.93467,2.85,1.50
2012.11.23 11:05:07.930,0.93455,0.93467,2.63,1.50
2012.11.23 11:05:08.059,0.93455,0.93467,2.85,1.50
2012.11.23 11:05:08.608,0.93456,0.93468,1.88,1.50
2012.11.23 11:05:08.667,0.93456,0.93468,1.65,1.50
2012.11.23 11:05:08.788,0.93456,0.93468,1.88,1.95
2012.11.23 11:05:09.277,0.93455,0.93467,2.63,1.50
2012.11.23 11:05:09.337,0.93455,0.93467,2.63,1.50
2012.11.23 11:05:09.579,0.93455,0.93469,2.85,2.25
2012.11.23 11:05:10.127,0.93457,0.93471,3.60,2.33
2012.11.23 11:05:10.649,0.93458,0.9347,1.88,1.73
2012.11.23 11:05:10.777,0.93458,0.93472,2.85,5.03
2012.11.23 11:05:11.391,0.93458,0.93472,2.85,3.08
2012.11.23 11:05:11.967,0.93458,0.93472,3.60,3.08
2012.11.23 11:05:12.438,0.93458,0.9347,3.60,1.50
2012.11.23 11:05:12.558,0.93458,0.93472,4.35,3.08
2012.11.23 11:05:12.679,0.93458,0.9347,4.35,1.50
2012.11.23 11:05:13.228,0.93459,0.93471,2.40,1.95
2012.11.23 11:05:13.834,0.93458,0.9347,4.35,1.50
2012.11.23 11:05:14.389,0.9346,0.93471,1.13,1.95
2012.11.23 11:05:14.941,0.93458,0.9347,3.98,2.18
2012.11.23 11:05:15.476,0.93456,0.93468,3.60,1.50
2012.11.23 11:05:17.363,0.93459,0.9347,2.63,1.28
2012.11.23 11:05:17.908,0.93458,0.9347,2.63,1.80
2012.11.23 11:05:18.267,0.93457,0.93468,1.13,1.50
2012.11.23 11:05:18.570,0.93461,0.93471,2.25,2.48
2012.11.23 11:05:18.641,0.93461,0.93473,2.63,3.15
2012.11.23 11:05:18.709,0.93463,0.93474,2.25,1.20
2012.11.23 11:05:18.840,0.93463,0.93474,3.23,1.43
2012.11.23 11:05:18.910,0.93464,0.93474,2.48,1.05
2012.11.23 11:05:19.460,0.93467,0.93477,3.38,1.95
2012.11.23 11:05:20.380,0.93463,0.93474,1.50,1.65
2012.11.23 11:05:21.269,0.93463,0.93474,1.50,1.65
2012.11.23 11:05:21.971,0.93463,0.93477,3.75,3.90
2012.11.23 11:05:22.626,0.93465,0.93478,3.00,1.43
2012.11.23 11:05:22.929,0.93467,0.93478,2.25,1.20
2012.11.23 11:05:23.322,0.93469,0.93479,1.50,4.50
2012.11.23 11:05:23.759,0.93465,0.93477,2.63,1.80
2012.11.23 11:05:23.828,0.93465,0.93475,1.13,1.50
2012.11.23 11:05:24.447,0.93463,0.93475,1.13,1.80
2012.11.23 11:05:26.708,0.93463,0.93476,1.13,1.80
2012.11.23 11:05:28.148,0.93463,0.93476,1.13,1.80
2012.11.23 11:05:28.599,0.93466,0.93478,2.48,1.65
2012.11.23 11:05:37.590,0.93464,0.93478,3.23,1.88
2012.11.23 11:05:40.979,0.93465,0.93477,2.48,1.88
2012.11.23 11:05:41.720,0.93467,0.93481,3.23,3.53
2012.11.23 11:05:43.331,0.93467,0.93481,3.23,2.85
2012.11.23 11:05:44.230,0.93467,0.93479,3.23,1.65
2012.11.23 11:05:44.739,0.9347,0.93484,2.48,3.38
2012.11.23 11:05:44.820,0.9347,0.93484,2.63,2.63
2012.11.23 11:05:46.049,0.9347,0.93484,5.63,1.88
2012.11.23 11:05:46.678,0.93471,0.93485,2.25,2.18
2012.11.23 11:05:47.558,0.93473,0.93486,1.50,2.33
2012.11.23 11:05:49.891,0.93471,0.93485,2.48,2.40
2012.11.23 11:05:50.517,0.9347,0.93484,3.38,2.40
2012.11.23 11:05:51.125,0.9347,0.93484,3.23,2.70
2012.11.23 11:05:51.912,0.9347,0.93484,3.23,1.88
2012.11.23 11:05:52.447,0.9347,0.93484,3.23,2.40
2012.11.23 11:06:01.139,0.9347,0.93482,1.73,1.50
2012.11.23 11:06:01.212,0.93469,0.93482,1.73,3.38
2012.11.23 11:06:01.401,0.93468,0.93481,2.40,2.93
2012.11.23 11:06:01.719,0.93467,0.93478,2.63,1.05
2012.11.23 11:06:02.039,0.93462,0.93474,1.50,2.10
2012.11.23 11:06:02.109,0.93462,0.93474,1.65,1.73
2012.11.23 11:06:02.659,0.93462,0.93474,1.50,1.50
2012.11.23 11:06:03.209,0.93464,0.93476,1.73,2.25
2012.11.23 11:06:05.541,0.93464,0.93478,2.48,5.25
2012.11.23 11:06:05.671,0.93465,0.93478,3.38,1.88
2012.11.23 11:06:05.979,0.93466,0.93478,1.73,2.93
2012.11.23 11:06:06.527,0.93466,0.93478,1.50,2.93
2012.11.23 11:06:08.078,0.93464,0.93476,3.75,1.65
2012.11.23 11:06:08.601,0.93462,0.93475,2.10,1.50
2012.11.23 11:06:09.228,0.93462,0.93475,1.73,2.25
2012.11.23 11:06:09.787,0.93461,0.93474,2.10,1.50
2012.11.23 11:06:10.028,0.93463,0.93477,2.03,3.38
2012.11.23 11:06:14.336,0.93463,0.93477,3.00,1.65
2012.11.23 11:06:16.568,0.93464,0.93478,2.03,2.10
2012.11.23 11:06:17.447,0.93463,0.93475,2.78,1.50
2012.11.23 11:06:22.356,0.93463,0.93477,2.78,2.40
2012.11.23 11:06:26.448,0.93465,0.93477,1.50,1.65
2012.11.23 11:06:32.757,0.93464,0.93475,1.13,1.50
2012.11.23 11:06:33.928,0.93464,0.93476,1.65,1.65
2012.11.23 11:06:36.060,0.93463,0.93476,1.28,2.40
2012.11.23 11:06:40.268,0.93463,0.93477,2.78,2.40
2012.11.23 11:06:40.449,0.93466,0.93478,1.50,2.63
2012.11.23 11:06:40.718,0.93464,0.93478,2.40,1.88
2012.11.23 11:06:44.096,0.93464,0.93478,2.03,1.88
2012.11.23 11:06:47.077,0.93464,0.93478,1.65,1.88
2012.11.23 11:06:48.607,0.93463,0.93475,1.13,1.50
2012.11.23 11:06:50.787,0.93464,0.93476,1.65,1.88
2012.11.23 11:06:52.027,0.93462,0.93475,2.25,1.50
2012.11.23 11:07:02.717,0.93463,0.93475,3.15,1.50
2012.11.23 11:07:03.257,0.93465,0.93476,1.28,1.65
2012.11.23 11:07:04.090,0.93467,0.93479,1.50,1.88
2012.11.23 11:07:04.397,0.93467,0.93479,1.65,1.65
2012.11.23 11:07:04.517,0.93468,0.9348,1.50,4.13
2012.11.23 11:07:05.091,0.93467,0.93479,1.50,1.88
2012.11.23 11:07:08.638,0.93465,0.93476,1.65,1.65
2012.11.23 11:07:10.379,0.93464,0.93476,5.93,1.50
2012.11.23 11:07:10.449,0.93467,0.93479,1.50,1.88
2012.11.23 11:07:11.008,0.93467,0.9348,1.65,1.65
2012.11.23 11:07:12.932,0.93466,0.93478,1.95,1.50
2012.11.23 11:07:14.088,0.93466,0.9348,2.40,3.15
2012.11.23 11:07:14.268,0.93465,0.93477,2.63,1.50
2012.11.23 11:07:16.265,0.93463,0.93474,1.43,1.50
2012.11.23 11:07:16.390,0.93463,0.93476,1.43,1.73
2012.11.23 11:07:16.460,0.93463,0.93476,1.05,1.88
2012.11.23 11:07:17.034,0.93463,0.93476,1.80,1.88
2012.11.23 11:07:18.999,0.93464,0.93476,1.50,2.63
2012.11.23 11:07:19.117,0.93462,0.93474,2.93,2.25
2012.11.23 11:07:19.538,0.93464,0.93475,1.13,1.50
2012.11.23 11:07:19.840,0.93467,0.93479,2.03,4.88
2012.11.23 11:07:19.908,0.93467,0.93479,2.18,1.50
2012.11.23 11:07:20.267,0.93467,0.93481,2.93,1.50
2012.11.23 11:07:20.807,0.93468,0.9348,1.13,1.50
2012.11.23 11:07:21.317,0.93466,0.9348,3.15,1.88
2012.11.23 11:07:27.630,0.93468,0.9348,2.25,1.88
2012.11.23 11:07:27.759,0.9347,0.93481,1.50,1.13
2012.11.23 11:07:27.818,0.9347,0.93482,1.80,2.40
2012.11.23 11:07:31.538,0.93468,0.9348,2.40,1.50
2012.11.23 11:07:32.119,0.93467,0.9348,1.43,1.65
2012.11.23 11:07:53.009,0.93467,0.93481,2.93,2.85
2012.11.23 11:07:53.369,0.93471,0.93481,1.28,1.88
2012.11.23 11:07:53.559,0.93471,0.93483,1.28,1.88
2012.11.23 11:07:53.629,0.93474,0.93484,1.50,1.88
2012.11.23 11:07:53.690,0.93474,0.93484,1.50,1.65
2012.11.23 11:07:54.495,0.93472,0.93486,2.55,2.85
2012.11.23 11:07:58.139,0.93472,0.93486,2.25,2.85
2012.11.23 11:07:58.320,0.93476,0.93486,2.25,1.13
2012.11.23 11:07:58.627,0.93478,0.93488,2.40,1.73
2012.11.23 11:07:58.868,0.93478,0.93492,3.68,2.25
2012.11.23 11:07:59.374,0.93479,0.93491,2.10,1.50
2012.11.23 11:07:59.635,0.93481,0.93491,1.50,1.50
2012.11.23 11:07:59.701,0.93482,0.93494,1.88,2.48
2012.11.23 11:07:59.889,0.93482,0.93494,2.25,2.85
2012.11.23 11:08:00.427,0.93481,0.93492,1.13,1.88
2012.11.23 11:08:00.669,0.9348,0.93492,1.50,1.88
2012.11.23 11:08:01.177,0.93479,0.93492,1.50,1.88
2012.11.23 11:08:01.508,0.93478,0.93488,1.43,2.63
2012.11.23 11:08:02.034,0.93474,0.93485,1.28,1.50
2012.11.23 11:08:02.288,0.9347,0.93482,4.80,1.50
2012.11.23 11:08:02.721,0.93472,0.93482,1.43,1.73
2012.11.23 11:08:02.794,0.93472,0.93484,1.65,1.50
2012.11.23 11:08:02.979,0.93479,0.93487,1.50,1.65
2012.11.23 11:08:03.280,0.93481,0.93488,2.48,3.00
2012.11.23 11:08:03.828,0.93481,0.93489,2.25,1.50
2012.11.23 11:08:04.008,0.93481,0.93493,1.80,1.50
2012.11.23 11:08:04.649,0.9348,0.93491,2.63,1.50
2012.11.23 11:08:04.959,0.93482,0.93491,1.13,1.50
2012.11.23 11:08:05.160,0.93484,0.93495,1.65,1.88
2012.11.23 11:08:05.708,0.93482,0.93495,2.10,1.50
2012.11.23 11:08:05.890,0.93482,0.93495,1.35,1.50
2012.11.23 11:08:06.440,0.93486,0.93498,1.73,4.13
2012.11.23 11:08:06.991,0.93483,0.93497,2.48,2.85
2012.11.23 11:08:07.118,0.93483,0.93497,2.40,2.63
2012.11.23 11:08:07.538,0.93483,0.93496,1.50,2.40
2012.11.23 11:08:07.730,0.93481,0.93492,2.25,1.50
2012.11.23 11:08:08.377,0.9348,0.93492,1.20,1.50
2012.11.23 11:08:08.927,0.93481,0.93493,2.48,1.50
2012.11.23 11:08:10.253,0.9348,0.93492,3.15,1.50
2012.11.23 11:08:10.778,0.9348,0.93492,2.40,1.50
2012.11.23 11:08:11.248,0.93479,0.9349,1.13,1.50
2012.11.23 11:08:11.778,0.93479,0.93489,1.13,1.50
2012.11.23 11:08:12.018,0.93478,0.9349,1.65,1.50
2012.11.23 11:08:12.712,0.93478,0.93489,1.50,2.10
2012.11.23 11:08:13.268,0.93478,0.93487,1.50,5.63
2012.11.23 11:08:13.327,0.93474,0.93487,1.50,5.63
2012.11.23 11:08:13.447,0.93471,0.93485,3.08,1.65
2012.11.23 11:08:14.309,0.93471,0.93485,3.83,1.65
2012.11.23 11:08:14.859,0.93473,0.93485,1.50,1.65
2012.11.23 11:08:15.549,0.93472,0.93484,2.25,1.88
2012.11.23 11:08:16.762,0.93472,0.93483,1.50,1.13
2012.11.23 11:08:16.890,0.93469,0.93481,1.95,1.65
2012.11.23 11:08:17.023,0.93468,0.93477,1.13,1.50
2012.11.23 11:08:17.150,0.93467,0.93479,1.13,1.65
2012.11.23 11:08:17.398,0.93466,0.93477,1.43,1.50
2012.11.23 11:08:17.709,0.93468,0.9348,1.50,1.65
2012.11.23 11:08:18.377,0.93468,0.9348,1.50,2.40
2012.11.23 11:08:18.680,0.93465,0.93475,1.05,2.63
2012.11.23 11:08:19.237,0.93465,0.93475,1.05,1.65
2012.11.23 11:08:19.767,0.93462,0.93475,2.03,2.40
2012.11.23 11:08:21.228,0.93463,0.93475,1.50,1.65
2012.11.23 11:08:21.348,0.93464,0.93476,1.73,2.40
2012.11.23 11:08:23.681,0.93464,0.93476,1.50,2.40
2012.11.23 11:08:24.359,0.93462,0.93474,4.28,1.50
2012.11.23 11:08:26.487,0.93463,0.93475,2.48,1.65
2012.11.23 11:08:28.387,0.93462,0.93476,3.00,3.53
2012.11.23 11:08:32.109,0.93462,0.93476,3.30,3.53
2012.11.23 11:08:32.782,0.93462,0.93476,3.53,3.75
2012.11.23 11:08:34.808,0.93464,0.93476,1.13,3.23
2012.11.23 11:08:35.327,0.93465,0.93476,1.13,1.50
2012.11.23 11:08:39.089,0.93465,0.93476,1.43,1.50
2012.11.23 11:08:39.158,0.93466,0.93478,3.68,1.50
2012.11.23 11:08:39.697,0.93468,0.93478,2.18,1.50
2012.11.23 11:08:43.219,0.93468,0.93478,2.10,1.50
2012.11.23 11:08:48.717,0.93468,0.9348,3.60,3.00
2012.11.23 11:08:49.257,0.93468,0.9348,3.38,1.50
2012.11.23 11:08:56.458,0.93468,0.9348,2.63,2.25
2012.11.23 11:08:56.518,0.93467,0.93477,1.73,1.65
2012.11.23 11:08:56.758,0.93466,0.93477,1.05,1.65
2012.11.23 11:08:57.177,0.93463,0.93476,3.30,1.50
2012.11.23 11:08:57.681,0.93463,0.93476,1.43,1.50
2012.11.23 11:08:58.048,0.93463,0.93475,1.13,1.73
2012.11.23 11:09:01.066,0.93463,0.93474,1.35,1.50
2012.11.23 11:09:01.134,0.93462,0.93473,2.10,2.63
2012.11.23 11:09:01.200,0.93462,0.9347,1.13,1.50
2012.11.23 11:09:01.711,0.93459,0.9347,1.50,2.25
2012.11.23 11:09:01.839,0.93456,0.9347,5.18,2.25
2012.11.23 11:09:02.368,0.93456,0.93468,4.65,1.50
2012.11.23 11:09:02.429,0.93458,0.9347,2.18,1.50
2012.11.23 11:09:03.039,0.93459,0.93471,1.88,3.00
2012.11.23 11:09:14.328,0.93458,0.9347,2.18,1.50
2012.11.23 11:09:23.669,0.9346,0.9347,1.73,1.50
2012.11.23 11:09:23.968,0.93462,0.93475,2.93,1.13
2012.11.23 11:09:24.028,0.93463,0.93476,1.05,2.78
2012.11.23 11:09:24.568,0.93465,0.93477,1.20,1.65
2012.11.23 11:09:26.038,0.93465,0.93477,1.05,1.65
2012.11.23 11:09:27.188,0.93464,0.93477,2.03,1.65
2012.11.23 11:09:27.747,0.93464,0.93476,2.78,1.50
2012.11.23 11:09:28.308,0.93464,0.93476,2.78,1.50
2012.11.23 11:09:37.337,0.93464,0.93476,2.03,1.50
2012.11.23 11:09:47.828,0.93466,0.93478,1.50,2.85
2012.11.23 11:09:47.949,0.93464,0.93478,1.65,2.85
2012.11.23 11:09:48.488,0.93464,0.93478,2.93,2.63
2012.11.23 11:09:49.128,0.93466,0.93478,1.50,2.63
2012.11.23 11:09:50.208,0.93465,0.93476,1.28,1.65
2012.11.23 11:09:51.770,0.93464,0.93478,1.95,2.63
2012.11.23 11:09:52.378,0.93464,0.93478,2.18,2.63
2012.11.23 11:09:54.547,0.93464,0.93478,1.95,2.63
2012.11.23 11:09:55.447,0.93464,0.93478,1.80,1.65
2012.11.23 11:09:58.110,0.93463,0.93475,1.65,1.50
2012.11.23 11:09:58.638,0.93462,0.93476,2.93,1.50
2012.11.23 11:10:04.058,0.93462,0.93475,2.48,1.50
2012.11.23 11:10:04.420,0.93461,0.93473,2.18,2.25
2012.11.23 11:10:04.731,0.93459,0.93468,2.03,1.50
2012.11.23 11:10:05.158,0.93458,0.9347,1.35,2.40
2012.11.23 11:10:06.261,0.93456,0.93468,3.15,1.50
2012.11.23 11:10:09.497,0.93457,0.93469,1.88,1.50
2012.11.23 11:10:23.418,0.93457,0.93469,2.33,1.50
2012.11.23 11:10:24.793,0.93457,0.93469,3.68,1.50
2012.11.23 11:10:25.391,0.93457,0.93469,3.90,1.50
2012.11.23 11:10:26.818,0.93457,0.93469,2.78,1.50
2012.11.23 11:10:33.768,0.93457,0.93469,1.65,2.40
2012.11.23 11:10:34.508,0.93457,0.93469,2.40,1.50
2012.11.23 11:10:34.750,0.93458,0.93472,1.88,4.65
2012.11.23 11:10:34.820,0.9346,0.93472,1.65,2.25
2012.11.23 11:10:35.068,0.93461,0.93474,1.05,3.00
2012.11.23 11:10:35.619,0.93461,0.93474,1.05,3.00
2012.11.23 11:10:38.358,0.9346,0.93474,3.30,1.73
2012.11.23 11:10:43.997,0.9346,0.93474,4.80,1.73
2012.11.23 11:10:44.503,0.93462,0.93476,1.80,4.50
2012.11.23 11:10:50.357,0.93462,0.93474,1.80,1.50
2012.11.23 11:10:58.533,0.93462,0.93474,2.55,1.65
2012.11.23 11:11:00.282,0.93465,0.93476,1.13,1.88
2012.11.23 11:11:00.358,0.93465,0.93476,1.80,1.65
2012.11.23 11:11:00.872,0.93468,0.93476,1.80,1.50
2012.11.23 11:11:00.960,0.93471,0.93481,1.43,1.50
2012.11.23 11:11:01.092,0.93472,0.93486,3.53,3.38
2012.11.23 11:11:04.259,0.93472,0.93486,3.00,3.38
2012.11.23 11:11:04.383,0.93471,0.93485,3.30,2.40
2012.11.23 11:11:04.990,0.93471,0.93485,2.03,2.40
2012.11.23 11:11:05.808,0.93471,0.93483,2.55,2.25
2012.11.23 11:11:09.809,0.9347,0.93484,2.93,2.40
2012.11.23 11:11:11.208,0.93471,0.93484,1.43,2.40
2012.11.23 11:11:11.747,0.93472,0.93486,2.03,3.60
2012.11.23 11:11:14.018,0.93471,0.93483,2.18,2.25
2012.11.23 11:11:14.558,0.93469,0.9348,2.03,3.15
2012.11.23 11:11:14.798,0.93469,0.9348,1.50,3.15
2012.11.23 11:11:14.920,0.93466,0.93479,2.70,1.13
2012.11.23 11:11:15.370,0.93467,0.9348,2.40,1.88
2012.11.23 11:11:15.567,0.9347,0.93481,1.50,1.50
2012.11.23 11:11:16.188,0.9347,0.93482,1.50,3.38
2012.11.23 11:11:18.468,0.93471,0.93482,1.50,1.13
2012.11.23 11:11:19.219,0.93471,0.93483,2.25,2.63
2012.11.23 11:11:19.768,0.93471,0.93484,2.25,1.50
2012.11.23 11:11:21.698,0.9347,0.93483,1.95,2.25
2012.11.23 11:11:22.268,0.93469,0.93483,4.73,2.25
2012.11.23 11:11:24.959,0.93469,0.93483,3.68,2.25
2012.11.23 11:11:33.489,0.9347,0.9348,1.13,1.50
2012.11.23 11:11:34.889,0.93469,0.9348,1.65,2.25
2012.11.23 11:11:34.950,0.93468,0.9348,2.63,3.00
2012.11.23 11:11:35.538,0.93467,0.93479,2.63,2.25
2012.11.23 11:11:37.308,0.93467,0.93479,1.65,2.25
2012.11.23 11:11:41.028,0.93468,0.9348,1.50,2.63
2012.11.23 11:11:41.328,0.93468,0.9348,2.25,2.25
2012.11.23 11:11:41.629,0.93471,0.93483,2.25,2.25
2012.11.23 11:11:42.298,0.9347,0.93482,3.90,2.25
2012.11.23 11:11:42.939,0.9347,0.93482,3.15,2.25
2012.11.23 11:11:42.998,0.9347,0.93482,3.15,1.50
2012.11.23 11:11:44.248,0.9347,0.93482,1.73,1.88
2012.11.23 11:11:44.488,0.93468,0.9348,2.48,1.50
2012.11.23 11:11:45.018,0.93468,0.9348,2.48,1.50
2012.11.23 11:12:13.109,0.93467,0.93479,2.55,1.50
2012.11.23 11:12:13.231,0.93465,0.93476,1.58,1.88
2012.11.23 11:12:13.598,0.93462,0.93476,3.98,2.63
2012.11.23 11:12:14.118,0.93462,0.93475,1.73,1.50
2012.11.23 11:12:14.299,0.93465,0.93478,1.28,3.75
2012.11.23 11:12:14.419,0.93465,0.93478,1.28,3.00
2012.11.23 11:12:15.218,0.93465,0.93479,3.53,2.63
2012.11.23 11:12:16.040,0.93465,0.93479,3.53,2.63
2012.11.23 11:12:16.917,0.93466,0.93479,2.03,2.63
2012.11.23 11:12:30.961,0.93466,0.93475,1.28,2.40
2012.11.23 11:12:31.152,0.93461,0.93474,1.95,1.50
2012.11.23 11:12:31.278,0.9346,0.93472,3.15,2.40
2012.11.23 11:12:31.883,0.9346,0.93472,2.93,1.50
2012.11.23 11:12:32.468,0.93461,0.93473,2.48,1.50
2012.11.23 11:12:33.278,0.9346,0.93472,3.68,1.50
2012.11.23 11:12:33.787,0.9346,0.93472,2.18,1.50
2012.11.23 11:12:40.567,0.93458,0.93471,3.90,1.50
2012.11.23 11:12:41.331,0.9346,0.93472,2.18,1.50
2012.11.23 11:12:58.717,0.9346,0.93472,2.40,1.50
2012.11.23 11:13:02.457,0.93459,0.93471,1.43,1.50
2012.11.23 11:13:02.760,0.93458,0.93471,1.20,2.40
2012.11.23 11:13:03.069,0.93457,0.93468,1.13,2.48
2012.11.23 11:13:03.137,0.93456,0.93467,1.05,1.13
2012.11.23 11:13:03.647,0.93454,0.93467,2.25,1.65
2012.11.23 11:13:03.767,0.93454,0.93467,1.95,1.65
2012.11.23 11:13:09.117,0.93454,0.93467,1.13,1.50
2012.11.23 11:13:24.328,0.93456,0.93468,1.88,1.50
2012.11.23 11:13:27.749,0.93459,0.93471,1.65,3.60
2012.11.23 11:13:28.297,0.93458,0.9347,2.10,1.50
2012.11.23 11:13:31.777,0.93458,0.93472,2.85,3.75
2012.11.23 11:13:32.410,0.93459,0.93472,1.13,2.25
2012.11.23 11:13:33.437,0.93459,0.93472,2.18,1.50
2012.11.23 11:13:47.938,0.93458,0.93471,2.40,1.50
2012.11.23 11:13:50.308,0.93459,0.93471,2.10,3.00
2012.11.23 11:13:51.893,0.93457,0.93469,1.73,2.25
2012.11.23 11:14:02.907,0.93457,0.93469,3.53,1.50
2012.11.23 11:14:03.447,0.93459,0.93471,1.50,3.38
2012.11.23 11:14:03.996,0.93458,0.9347,1.50,2.40
2012.11.23 11:14:04.497,0.93457,0.93469,1.73,1.50
2012.11.23 11:14:05.878,0.93459,0.9347,1.50,1.28
2012.11.23 11:14:06.078,0.9346,0.93473,1.88,1.50
2012.11.23 11:14:06.617,0.9346,0.93474,2.18,3.38
2012.11.23 11:14:06.737,0.9346,0.93472,2.18,1.50
2012.11.23 11:14:07.287,0.9346,0.93472,2.18,1.50
2012.11.23 11:14:12.332,0.93458,0.9347,4.65,1.50
2012.11.23 11:14:12.399,0.93458,0.9347,2.78,1.65
2012.11.23 11:14:12.958,0.93456,0.9347,2.25,1.65
2012.11.23 11:14:15.177,0.93456,0.93469,1.95,1.65
2012.11.23 11:14:15.358,0.93456,0.93467,1.65,3.00
2012.11.23 11:14:15.599,0.93455,0.93469,2.40,3.15
2012.11.23 11:14:16.817,0.93454,0.93468,3.60,1.88
2012.11.23 11:14:17.356,0.93454,0.93468,3.60,1.88
2012.11.23 11:14:19.897,0.93454,0.93468,2.85,1.88
2012.11.23 11:14:20.079,0.93453,0.93466,2.25,4.73
2012.11.23 11:14:21.287,0.93454,0.93464,2.25,1.73
2012.11.23 11:14:21.976,0.93454,0.93466,2.25,6.00
2012.11.23 11:14:22.037,0.93454,0.93466,2.25,4.88
2012.11.23 11:14:22.338,0.93454,0.93466,2.25,3.23
2012.11.23 11:14:22.767,0.93452,0.93464,1.73,4.13
2012.11.23 11:14:23.317,0.93452,0.93464,1.50,5.25
2012.11.23 11:14:26.237,0.93452,0.93464,1.50,6.25
2012.11.23 11:14:26.357,0.9345,0.93462,2.25,2.63
2012.11.23 11:14:26.657,0.93449,0.93462,1.73,3.00
2012.11.23 11:14:27.198,0.93448,0.93458,1.73,1.50
2012.11.23 11:14:27.756,0.93447,0.93459,1.73,1.50
2012.11.23 11:14:30.627,0.93447,0.9346,1.73,1.65
2012.11.23 11:14:32.197,0.93448,0.9346,1.73,2.03
2012.11.23 11:14:32.978,0.93449,0.93461,1.73,2.78
2012.11.23 11:14:35.927,0.93448,0.93461,1.73,3.90
2012.11.23 11:14:37.208,0.93449,0.93461,1.50,3.90
2012.11.23 11:14:40.189,0.93448,0.93461,1.73,3.90
2012.11.23 11:14:40.320,0.93448,0.93461,1.73,3.53
2012.11.23 11:14:43.097,0.93446,0.93458,3.38,1.50
2012.11.23 11:14:45.759,0.93446,0.93456,4.13,1.41
2012.11.23 11:14:46.067,0.93446,0.93454,1.50,1.13
2012.11.23 11:14:46.467,0.93445,0.93456,1.73,4.13
2012.11.23 11:14:46.529,0.93445,0.93456,1.73,2.25
2012.11.23 11:14:47.239,0.93445,0.93457,3.23,1.65
2012.11.23 11:14:47.768,0.93445,0.93457,3.98,1.65
2012.11.23 11:14:49.598,0.93445,0.93459,3.98,5.63
2012.11.23 11:14:49.718,0.93446,0.93459,1.13,2.63
2012.11.23 11:14:49.778,0.93445,0.93459,4.88,2.25
2012.11.23 11:14:49.838,0.93447,0.9346,2.48,1.28
2012.11.23 11:14:50.258,0.93449,0.93461,1.88,1.65
2012.11.23 11:14:50.905,0.93449,0.93462,1.88,2.03
2012.11.23 11:14:51.269,0.93451,0.93463,2.25,2.63
2012.11.23 11:14:51.925,0.93454,0.93465,1.73,2.40
2012.11.23 11:14:52.469,0.93453,0.93465,3.00,2.40
2012.11.23 11:14:53.149,0.93453,0.93466,3.98,1.13
2012.11.23 11:14:53.658,0.93453,0.93466,3.98,1.13
2012.11.23 11:14:53.788,0.93459,0.93467,1.50,2.25
2012.11.23 11:14:53.910,0.93459,0.93468,1.73,1.50
2012.11.23 11:14:54.459,0.93463,0.93468,2.25,1.50
2012.11.23 11:14:54.530,0.93463,0.93473,2.25,2.40
2012.11.23 11:14:54.899,0.93463,0.93475,2.25,3.15
2012.11.23 11:14:57.068,0.93463,0.93475,1.50,2.78
2012.11.23 11:14:57.448,0.93461,0.93474,2.48,1.50
2012.11.23 11:14:57.988,0.9346,0.93472,3.00,2.40
2012.11.23 11:14:59.993,0.93462,0.93472,2.25,1.64
2012.11.23 11:15:00.538,0.93455,0.93465,1.50,1.65
2012.11.23 11:15:00.849,0.93455,0.93465,1.50,1.73
2012.11.23 11:15:01.359,0.93455,0.93464,1.50,1.13
2012.11.23 11:15:01.859,0.93455,0.93464,1.50,1.13
2012.11.23 11:15:03.597,0.93456,0.93466,1.50,3.75
2012.11.23 11:15:04.387,0.93456,0.93466,1.50,1.65
2012.11.23 11:15:06.498,0.93456,0.93466,1.50,1.65
2012.11.23 11:15:07.237,0.93456,0.93467,1.50,2.40
2012.11.23 11:15:25.188,0.93456,0.93468,3.23,2.63
2012.11.23 11:15:25.490,0.93456,0.93465,1.73,1.50
2012.11.23 11:15:25.807,0.93455,0.93464,1.92,2.63
2012.11.23 11:15:26.397,0.93455,0.93464,1.50,2.25
2012.11.23 11:15:26.697,0.93456,0.93466,2.48,1.65
2012.11.23 11:15:26.758,0.93456,0.93466,2.48,1.65
2012.11.23 11:15:27.677,0.93455,0.93466,1.73,3.38
2012.11.23 11:15:30.688,0.93455,0.93466,1.73,2.63
2012.11.23 11:15:32.982,0.93453,0.93463,2.10,1.65
2012.11.23 11:15:34.882,0.93453,0.93463,2.10,1.65
2012.11.23 11:15:34.955,0.93453,0.93463,1.50,1.65
2012.11.23 11:15:44.117,0.93453,0.93463,2.25,1.50
2012.11.23 11:15:44.177,0.93453,0.93466,2.48,2.25
2012.11.23 11:15:46.692,0.93453,0.93466,1.73,3.38
2012.11.23 11:15:46.819,0.93453,0.93463,1.50,1.65
2012.11.23 11:15:50.458,0.93453,0.93466,1.50,3.38
2012.11.23 11:15:50.578,0.93454,0.93466,2.48,3.00
2012.11.23 11:15:52.870,0.93453,0.93465,1.73,1.50
2012.11.23 11:15:53.449,0.93453,0.93465,1.50,1.28
2012.11.23 11:15:54.008,0.93453,0.93466,3.38,1.28
2012.11.23 11:15:56.008,0.93453,0.93465,3.23,1.13
2012.11.23 11:15:56.713,0.93453,0.93464,1.50,2.40
2012.11.23 11:15:57.027,0.93454,0.93465,1.13,1.50
2012.11.23 11:15:57.567,0.93454,0.93466,2.85,1.50
2012.11.23 11:15:58.121,0.93454,0.93466,2.48,1.50
2012.11.23 11:15:59.918,0.93453,0.93465,1.73,1.50
2012.11.23 11:16:02.138,0.93453,0.93465,1.73,3.15
2012.11.23 11:16:02.668,0.93453,0.93465,1.50,2.78
2012.11.23 11:16:05.207,0.93453,0.93465,1.50,3.53
2012.11.23 11:16:05.770,0.93455,0.93465,1.13,1.88
2012.11.23 11:16:06.328,0.93455,0.93464,1.13,1.50
2012.11.23 11:16:07.669,0.93456,0.93464,1.13,1.50
2012.11.23 11:16:07.730,0.93457,0.93466,1.13,2.25
2012.11.23 11:16:08.232,0.93457,0.93466,1.13,2.25
2012.11.23 11:16:08.310,0.93458,0.93467,1.13,1.50
2012.11.23 11:16:08.454,0.93457,0.93467,1.50,2.40
2012.11.23 11:16:17.192,0.93454,0.93466,3.23,2.40
2012.11.23 11:16:18.109,0.93454,0.93464,3.23,1.50
2012.11.23 11:16:18.657,0.93454,0.93464,1.50,1.65
2012.11.23 11:16:22.298,0.93454,0.93464,1.88,1.50
2012.11.23 11:16:22.359,0.93454,0.93467,1.88,6.53
2012.11.23 11:16:26.465,0.93455,0.93464,1.73,1.65
2012.11.23 11:16:28.030,0.93455,0.93464,1.50,1.65
2012.11.23 11:16:28.989,0.93455,0.93465,1.50,2.63
2012.11.23 11:16:41.047,0.93455,0.93464,1.13,1.13
2012.11.23 11:16:41.237,0.93455,0.93465,1.35,1.88
2012.11.23 11:16:41.751,0.93455,0.93465,1.13,1.88
2012.11.23 11:16:42.407,0.93453,0.93465,1.13,1.88
2012.11.23 11:16:43.459,0.93451,0.93462,2.48,1.50
2012.11.23 11:16:43.770,0.93449,0.93457,2.10,1.50
2012.11.23 11:16:43.900,0.93448,0.93459,1.13,1.65
2012.11.23 11:16:43.969,0.93447,0.93458,1.73,2.03
2012.11.23 11:16:44.530,0.93444,0.93454,3.38,1.50
2012.11.23 11:16:44.899,0.93444,0.93454,2.25,1.65
2012.11.23 11:16:45.457,0.93443,0.93454,2.25,1.65
2012.11.23 11:16:47.687,0.93443,0.93454,2.25,2.03
2012.11.23 11:16:48.270,0.93441,0.93453,1.73,3.00
2012.11.23 11:16:53.708,0.93442,0.93453,1.35,1.88
2012.11.23 11:16:54.305,0.93441,0.93453,1.88,2.03
2012.11.23 11:16:59.909,0.93441,0.93452,1.88,1.13
2012.11.23 11:17:00.218,0.93438,0.93451,1.35,3.75
2012.11.23 11:17:00.278,0.93438,0.93448,1.35,1.50
2012.11.23 11:17:00.518,0.93441,0.93452,1.13,2.63
2012.11.23 11:17:00.758,0.93441,0.93452,1.13,2.63
2012.11.23 11:17:00.959,0.93441,0.93452,1.13,2.63
2012.11.23 11:17:01.763,0.93441,0.93453,1.13,1.28
2012.11.23 11:17:01.835,0.93442,0.93453,1.73,1.28
2012.11.23 11:17:09.159,0.93442,0.93452,1.73,1.13
2012.11.23 11:17:09.707,0.93441,0.93452,1.13,1.50
2012.11.23 11:17:10.247,0.93441,0.93449,1.13,1.50
2012.11.23 11:17:10.431,0.93439,0.93449,1.35,2.25
2012.11.23 11:17:10.562,0.93437,0.93448,1.13,1.13
2012.11.23 11:17:10.699,0.93436,0.93447,1.13,1.50
2012.11.23 11:17:11.279,0.93435,0.93447,2.10,1.88
2012.11.23 11:17:14.407,0.93436,0.93445,1.13,1.50
2012.11.23 11:17:14.911,0.93436,0.93444,1.13,1.50
2012.11.23 11:17:15.675,0.93434,0.93445,2.25,1.50
2012.11.23 11:17:16.217,0.93435,0.93446,1.13,1.88
2012.11.23 11:17:16.529,0.93435,0.93446,1.73,1.50
2012.11.23 11:17:16.590,0.9344,0.93449,1.35,2.25
2012.11.23 11:17:16.779,0.9344,0.93451,1.35,2.25
2012.11.23 11:17:16.967,0.93442,0.93454,1.13,3.53
2012.11.23 11:17:17.176,0.9344,0.93453,3.23,1.28
2012.11.23 11:17:18.607,0.9344,0.93452,2.85,1.50
2012.11.23 11:17:18.917,0.9344,0.93452,2.85,1.50
2012.11.23 11:17:19.678,0.9344,0.93452,3.60,2.63
2012.11.23 11:17:23.161,0.93442,0.93452,1.13,1.50
2012.11.23 11:17:27.487,0.93442,0.93454,2.63,3.15
2012.11.23 11:17:29.766,0.93442,0.93454,2.63,3.15
2012.11.23 11:17:30.678,0.93442,0.93454,2.63,3.15
2012.11.23 11:17:34.898,0.93441,0.93451,3.75,1.13
2012.11.23 11:17:35.139,0.9344,0.93451,1.73,2.78
2012.11.23 11:17:35.268,0.93439,0.9345,1.13,1.13
2012.11.23 11:17:35.818,0.93439,0.93448,1.13,1.50
2012.11.23 11:17:37.088,0.93439,0.9345,1.13,2.63
2012.11.23 11:17:37.631,0.93439,0.9345,1.13,2.25
2012.11.23 11:17:38.181,0.93439,0.9345,1.88,1.13
2012.11.23 11:17:38.667,0.93442,0.93453,1.35,1.50
2012.11.23 11:17:42.429,0.93441,0.93451,1.50,2.25
2012.11.23 11:17:42.978,0.93442,0.93451,1.13,1.50
2012.11.23 11:17:44.749,0.93442,0.93453,1.35,1.88
2012.11.23 11:17:46.817,0.93442,0.93453,1.35,1.88
2012.11.23 11:17:53.527,0.93442,0.93454,1.35,1.88
2012.11.23 11:17:55.807,0.93442,0.93454,1.35,2.63
2012.11.23 11:17:57.127,0.93442,0.93454,2.85,2.63
2012.11.23 11:18:01.127,0.93442,0.93454,2.85,1.88
2012.11.23 11:18:06.295,0.93442,0.93454,2.85,1.50
2012.11.23 11:18:06.848,0.93442,0.93453,1.35,1.50
2012.11.23 11:18:07.390,0.93442,0.93453,1.35,1.88
2012.11.23 11:18:12.578,0.93442,0.93451,1.35,1.50
2012.11.23 11:18:12.998,0.9344,0.93451,1.13,2.25
2012.11.23 11:18:13.539,0.93439,0.93449,1.88,1.50
2012.11.23 11:18:14.568,0.93439,0.93451,1.35,3.75
2012.11.23 11:18:14.927,0.93435,0.93447,4.13,1.50
2012.11.23 11:18:15.107,0.93435,0.93447,2.40,1.88
2012.11.23 11:18:15.616,0.93435,0.93447,2.40,1.88
2012.11.23 11:18:16.226,0.93435,0.93447,2.40,1.88
2012.11.23 11:18:16.467,0.93437,0.93448,2.40,1.13
2012.11.23 11:18:16.948,0.93437,0.93446,1.13,1.50
2012.11.23 11:18:17.248,0.93436,0.93445,1.13,1.50
2012.11.23 11:18:19.158,0.93434,0.93445,1.35,2.63
2012.11.23 11:18:19.670,0.93434,0.93445,1.35,1.88
2012.11.23 11:18:21.788,0.93434,0.93445,1.35,1.50
2012.11.23 11:18:21.909,0.93437,0.93449,2.48,3.15
2012.11.23 11:18:22.228,0.93443,0.93451,2.25,1.13
2012.11.23 11:18:22.549,0.93444,0.93455,3.00,1.73
2012.11.23 11:18:23.100,0.93449,0.93455,1.13,1.13
2012.11.23 11:18:23.708,0.93449,0.93456,1.13,1.50
2012.11.23 11:18:23.888,0.93449,0.93459,1.13,1.88
2012.11.23 11:18:26.928,0.93447,0.93459,2.10,2.25
2012.11.23 11:18:27.060,0.93446,0.93458,3.60,3.00
2012.11.23 11:18:27.392,0.93445,0.93455,1.13,2.25
2012.11.23 11:18:27.888,0.93442,0.93453,1.13,2.63
2012.11.23 11:18:28.433,0.93441,0.93454,2.48,2.78
2012.11.23 11:18:29.679,0.93441,0.93451,1.73,1.13
2012.11.23 11:18:29.869,0.93438,0.93451,3.38,2.25
2012.11.23 11:18:30.419,0.9344,0.93451,1.13,2.25
2012.11.23 11:18:31.141,0.93442,0.93453,1.50,3.15
2012.11.23 11:18:31.808,0.9344,0.93454,2.18,4.28
2012.11.23 11:18:32.478,0.93439,0.93453,2.18,4.50
2012.11.23 11:18:33.018,0.93439,0.93452,1.88,1.28
2012.11.23 11:18:34.457,0.9344,0.93451,2.63,1.13
2012.11.23 11:18:35.517,0.93441,0.93453,2.40,1.28
2012.11.23 11:18:35.578,0.93441,0.93453,2.40,1.28
2012.11.23 11:18:36.799,0.9344,0.93452,2.63,1.50
2012.11.23 11:18:37.388,0.9344,0.93452,2.63,1.88
2012.11.23 11:18:38.300,0.9344,0.93452,2.63,1.50
2012.11.23 11:18:38.859,0.93442,0.93453,1.73,1.65
2012.11.23 11:18:39.159,0.93443,0.93455,1.88,1.88
2012.11.23 11:18:39.218,0.93443,0.93456,2.40,3.30
2012.11.23 11:18:39.338,0.93443,0.93456,2.63,2.40
2012.11.23 11:18:42.628,0.93441,0.93454,1.35,1.50
2012.11.23 11:18:42.689,0.93441,0.93454,1.35,1.88
2012.11.23 11:18:43.210,0.93441,0.93453,2.10,1.88
2012.11.23 11:18:44.809,0.93443,0.93453,1.13,1.50
2012.11.23 11:18:45.110,0.93442,0.93453,1.35,1.50
2012.11.23 11:18:45.627,0.93441,0.93453,2.10,1.88
2012.11.23 11:18:48.309,0.93441,0.93453,1.13,2.78
2012.11.23 11:18:49.579,0.93439,0.9345,1.35,2.25
2012.11.23 11:18:50.058,0.93438,0.93447,1.13,1.50
2012.11.23 11:18:50.298,0.93435,0.93447,2.10,1.50
2012.11.23 11:18:53.667,0.93435,0.93445,2.10,1.50
2012.11.23 11:18:56.277,0.93434,0.93446,2.10,1.50
2012.11.23 11:18:59.017,0.93434,0.93446,2.48,1.50
2012.11.23 11:19:01.957,0.93434,0.93445,1.13,1.50
2012.11.23 11:19:06.088,0.93435,0.93447,1.65,2.63
2012.11.23 11:19:06.627,0.93435,0.93447,1.88,1.50
2012.11.23 11:19:07.147,0.93435,0.93447,1.73,1.65
2012.11.23 11:19:08.468,0.93434,0.93446,1.13,2.40
2012.11.23 11:19:09.008,0.93435,0.93447,1.65,2.25
2012.11.23 11:19:09.668,0.93435,0.93447,1.65,1.88
2012.11.23 11:19:10.727,0.93434,0.93445,1.13,1.88
2012.11.23 11:19:12.537,0.93434,0.93447,1.13,2.25
2012.11.23 11:19:13.097,0.93434,0.93447,1.13,2.25
2012.11.23 11:19:14.189,0.93435,0.93447,1.13,2.25
2012.11.23 11:19:17.178,0.93435,0.93445,1.13,1.50
2012.11.23 11:19:19.599,0.93433,0.93445,3.60,1.50
2012.11.23 11:19:21.068,0.93434,0.93446,2.40,1.50
2012.11.23 11:19:26.849,0.93434,0.93446,1.65,2.25
2012.11.23 11:19:28.077,0.93433,0.93446,1.35,2.63
2012.11.23 11:19:29.399,0.93433,0.93446,2.85,1.50
2012.11.23 11:19:29.699,0.93433,0.93446,2.63,2.40
2012.11.23 11:19:36.987,0.93433,0.93445,2.63,1.88
2012.11.23 11:19:46.529,0.93434,0.93445,1.13,4.13
2012.11.23 11:19:47.079,0.93429,0.93443,2.85,1.88
2012.11.23 11:19:47.588,0.93429,0.93443,2.85,1.88
2012.11.23 11:19:48.160,0.93429,0.93441,2.10,1.13
2012.11.23 11:19:48.698,0.93428,0.9344,2.10,1.50
2012.11.23 11:19:51.567,0.93429,0.93441,2.63,1.50
2012.11.23 11:19:52.827,0.9343,0.93443,2.10,1.13
2012.11.23 11:19:53.188,0.9343,0.93443,2.10,1.50
2012.11.23 11:19:54.019,0.93431,0.93443,1.88,2.63
2012.11.23 11:19:54.596,0.93429,0.93441,2.85,1.50
2012.11.23 11:19:56.318,0.9343,0.93443,1.88,1.65
2012.11.23 11:19:56.998,0.9343,0.93443,1.88,1.28
2012.11.23 11:19:57.299,0.93429,0.9344,1.35,1.50
2012.11.23 11:19:58.418,0.93429,0.93442,1.35,3.38
2012.11.23 11:19:59.105,0.93432,0.93443,2.10,2.25
2012.11.23 11:19:59.183,0.93436,0.93448,2.48,1.13
2012.11.23 11:19:59.323,0.93436,0.9345,2.48,6.00
2012.11.23 11:20:01.829,0.93436,0.93448,2.48,1.50
2012.11.23 11:20:04.269,0.93436,0.93448,2.48,1.50
2012.11.23 11:20:04.509,0.93435,0.93446,1.65,1.50
2012.11.23 11:20:05.048,0.93435,0.93447,1.13,1.88
2012.11.23 11:20:05.588,0.93433,0.93447,2.85,1.88
2012.11.23 11:20:06.127,0.93433,0.93445,2.85,1.50
2012.11.23 11:20:06.809,0.93433,0.93445,2.85,1.50
2012.11.23 11:20:07.368,0.93433,0.93445,2.85,1.88
2012.11.23 11:20:08.307,0.93433,0.93445,2.85,1.88
2012.11.23 11:20:08.858,0.93433,0.93445,2.85,1.88
2012.11.23 11:20:09.647,0.93433,0.93445,2.85,1.88
2012.11.23 11:20:10.298,0.93433,0.93446,2.85,1.50
2012.11.23 11:20:11.368,0.93433,0.93447,2.85,3.00
2012.11.23 11:20:13.518,0.93436,0.93447,1.13,3.00
2012.11.23 11:20:14.197,0.93436,0.93447,1.13,3.38
2012.11.23 11:20:14.993,0.93436,0.93447,1.13,4.13
2012.11.23 11:20:15.301,0.93433,0.93443,1.88,1.50
2012.11.23 11:20:15.368,0.9343,0.93443,2.85,1.50
2012.11.23 11:20:15.668,0.9343,0.93441,1.13,2.25
2012.11.23 11:20:20.998,0.93429,0.93441,2.10,2.25
2012.11.23 11:20:21.301,0.93433,0.93442,1.13,1.13
2012.11.23 11:20:22.802,0.93435,0.93444,1.13,2.63
2012.11.23 11:20:23.122,0.93431,0.93443,3.23,1.13
2012.11.23 11:20:23.428,0.93431,0.93443,1.73,1.13
2012.11.23 11:20:23.748,0.93432,0.93443,2.25,1.13
2012.11.23 11:20:24.908,0.93431,0.93443,1.73,1.13
2012.11.23 11:20:26.198,0.93432,0.93443,1.50,1.28
2012.11.23 11:20:26.258,0.93432,0.93443,2.25,1.28
2012.11.23 11:20:26.319,0.93432,0.93443,1.50,1.28
2012.11.23 11:20:30.010,0.9343,0.93442,2.85,1.13
2012.11.23 11:20:31.829,0.93431,0.93443,1.13,1.28
2012.11.23 11:20:32.219,0.9343,0.93441,2.85,1.50
2012.11.23 11:20:32.758,0.93429,0.9344,1.13,1.13
2012.11.23 11:20:33.315,0.93427,0.9344,2.10,1.13
2012.11.23 11:20:42.379,0.93428,0.9344,1.50,3.53
2012.11.23 11:20:42.644,0.93424,0.93436,1.73,1.13
2012.11.23 11:20:43.191,0.93424,0.93437,2.48,1.65
2012.11.23 11:20:43.558,0.93424,0.93435,2.48,1.28
2012.11.23 11:20:44.098,0.93423,0.93435,2.48,1.28
2012.11.23 11:20:44.932,0.93424,0.93436,1.73,2.63
2012.11.23 11:20:45.261,0.93426,0.93439,2.40,1.28
2012.11.23 11:20:45.810,0.93427,0.93439,1.88,2.78
2012.11.23 11:20:46.059,0.93427,0.93439,1.88,2.78
2012.11.23 11:20:46.615,0.93425,0.93437,2.10,2.63
2012.11.23 11:20:51.388,0.93425,0.93437,3.23,2.63
2012.11.23 11:20:52.388,0.93425,0.93437,2.85,2.25
2012.11.23 11:20:58.317,0.93426,0.93437,1.13,2.25
2012.11.23 11:21:17.108,0.93427,0.93438,2.63,1.13
2012.11.23 11:21:28.432,0.93427,0.93439,2.63,1.28
2012.11.23 11:21:35.020,0.93427,0.93439,2.63,1.28
2012.11.23 11:21:38.197,0.93427,0.93439,2.40,1.28
2012.11.23 11:21:38.607,0.93427,0.93439,2.40,1.28
2012.11.23 11:21:40.898,0.93426,0.93435,1.13,1.50
2012.11.23 11:21:42.847,0.93426,0.93439,2.63,1.28
2012.11.23 11:21:43.709,0.93426,0.93439,2.63,1.28
2012.11.23 11:21:44.841,0.93424,0.93438,3.23,3.38
2012.11.23 11:21:44.909,0.93424,0.93437,3.23,1.13
2012.11.23 11:21:45.269,0.93423,0.93434,2.10,1.13
2012.11.23 11:21:45.389,0.93423,0.93434,1.73,1.28
2012.11.23 11:21:46.538,0.93423,0.93433,1.50,1.13
2012.11.23 11:21:47.050,0.9342,0.93433,1.88,1.88
2012.11.23 11:21:47.961,0.93424,0.93435,2.25,2.40
2012.11.23 11:21:48.517,0.93425,0.93438,1.13,3.90
2012.11.23 11:21:49.381,0.93425,0.93438,1.13,3.15
2012.11.23 11:21:49.628,0.93425,0.93438,3.98,2.40
2012.11.23 11:21:49.929,0.93425,0.93438,3.98,2.40
2012.11.23 11:21:50.168,0.93428,0.93441,1.73,3.38
2012.11.23 11:21:52.027,0.93428,0.93439,2.25,1.28
2012.11.23 11:21:53.218,0.93428,0.9344,2.48,2.78
2012.11.23 11:21:55.549,0.93431,0.9344,3.57,1.28
2012.11.23 11:21:56.089,0.93432,0.93441,1.88,1.13
2012.11.23 11:21:56.218,0.93432,0.93443,3.38,1.13
2012.11.23 11:21:56.752,0.93433,0.93443,1.50,1.13
2012.11.23 11:21:59.918,0.93432,0.93443,1.50,1.13
2012.11.23 11:22:02.590,0.9343,0.93441,3.23,1.13
2012.11.23 11:22:03.138,0.93427,0.93441,2.48,3.53
2012.11.23 11:22:12.109,0.93427,0.9344,1.73,1.28
2012.11.23 11:22:27.878,0.93426,0.93439,1.88,2.40
2012.11.23 11:22:28.357,0.93426,0.93439,1.88,3.90
2012.11.23 11:22:29.341,0.93426,0.93439,1.13,3.90
2012.11.23 11:22:29.930,0.93425,0.93439,2.10,3.90
2012.11.23 11:22:32.479,0.93427,0.93437,1.65,1.69
2012.11.23 11:22:32.780,0.93421,0.93432,1.73,2.40
2012.11.23 11:22:33.150,0.93419,0.93432,1.35,2.40
2012.11.23 11:22:33.279,0.93419,0.93432,1.35,2.40
2012.11.23 11:22:34.419,0.93419,0.93432,2.48,1.65
2012.11.23 11:22:34.932,0.93417,0.93431,2.48,2.40
2012.11.23 11:22:35.301,0.93419,0.93429,2.48,1.50
2012.11.23 11:22:35.373,0.93417,0.93428,2.25,2.48
2012.11.23 11:22:35.442,0.93417,0.93427,2.25,2.25
2012.11.23 11:22:35.778,0.93412,0.93425,3.60,1.50
2012.11.23 11:22:36.552,0.93412,0.93424,1.73,2.25
2012.11.23 11:22:37.722,0.93411,0.93423,2.63,3.00
2012.11.23 11:22:38.295,0.93411,0.93421,1.88,1.50
2012.11.23 11:22:38.848,0.93411,0.93423,3.38,3.75
2012.11.23 11:22:39.349,0.93412,0.93424,1.65,3.15
2012.11.23 11:22:40.158,0.93411,0.93423,1.73,2.63
2012.11.23 11:22:42.823,0.93411,0.93423,1.88,2.25
2012.11.23 11:22:43.377,0.93412,0.93424,1.88,3.15
2012.11.23 11:22:44.938,0.93412,0.93424,1.88,3.15
2012.11.23 11:22:45.447,0.93412,0.93424,1.88,3.15
2012.11.23 11:22:45.722,0.93409,0.93421,3.00,2.25
2012.11.23 11:22:46.517,0.93411,0.93423,1.13,3.15
2012.11.23 11:22:47.258,0.93409,0.93423,2.40,2.25
2012.11.23 11:22:47.769,0.93409,0.93423,2.40,2.25
2012.11.23 11:22:49.221,0.9341,0.93423,3.53,2.25
2012.11.23 11:22:50.809,0.93414,0.93426,1.58,1.13
2012.11.23 11:22:51.120,0.93418,0.93427,3.23,1.13
2012.11.23 11:22:51.739,0.93414,0.93426,2.85,4.13
2012.11.23 11:22:52.307,0.93412,0.93424,2.63,1.50
2012.11.23 11:22:54.501,0.93412,0.93424,1.50,1.50
2012.11.23 11:23:09.089,0.93411,0.93424,1.28,2.25
2012.11.23 11:23:09.402,0.93417,0.93424,1.13,1.50
2012.11.23 11:23:09.958,0.93417,0.93429,3.00,1.88
2012.11.23 11:23:10.580,0.93417,0.93429,3.38,1.50
2012.11.23 11:23:13.034,0.9342,0.93431,1.50,2.40
2012.11.23 11:23:13.459,0.93422,0.93434,1.50,3.75
2012.11.23 11:23:14.038,0.9342,0.93434,2.78,3.00
2012.11.23 11:23:14.589,0.9342,0.93434,2.78,3.00
2012.11.23 11:23:15.268,0.9342,0.93434,2.78,3.00
2012.11.23 11:23:21.059,0.9342,0.93431,1.28,1.50
2012.11.23 11:23:21.741,0.9342,0.93431,1.28,1.50
2012.11.23 11:23:21.869,0.9342,0.93433,1.28,2.25
2012.11.23 11:23:22.108,0.9342,0.93433,1.28,2.25
2012.11.23 11:23:22.628,0.9342,0.93432,1.28,1.50
2012.11.23 11:23:27.128,0.9342,0.93431,1.13,1.50
2012.11.23 11:23:30.187,0.9342,0.93431,1.13,1.50
2012.11.23 11:23:30.931,0.93423,0.93433,1.50,3.00
2012.11.23 11:23:31.178,0.9342,0.93432,1.28,1.50
2012.11.23 11:23:32.090,0.93419,0.9343,1.50,1.50
2012.11.23 11:23:32.174,0.93417,0.93429,2.10,2.25
2012.11.23 11:23:40.059,0.93418,0.93429,1.88,1.50
2012.11.23 11:23:40.369,0.93418,0.93431,3.53,2.40
2012.11.23 11:23:40.440,0.93418,0.93429,1.80,1.50
2012.11.23 11:23:41.818,0.93416,0.93428,3.00,1.50
2012.11.23 11:23:42.357,0.93417,0.93429,2.48,1.50
2012.11.23 11:23:42.948,0.93417,0.93429,2.63,2.25
2012.11.23 11:23:44.539,0.93418,0.93431,1.65,1.65
2012.11.23 11:23:45.088,0.93418,0.9343,1.65,1.50
2012.11.23 11:23:50.380,0.93417,0.93431,3.75,2.40
2012.11.23 11:23:50.509,0.93417,0.93429,2.40,1.65
2012.11.23 11:23:51.411,0.93417,0.93428,1.65,3.00
2012.11.23 11:23:51.719,0.93414,0.93424,1.73,1.65
2012.11.23 11:23:51.781,0.93411,0.93424,5.03,1.65
2012.11.23 11:23:56.099,0.9341,0.93421,1.13,2.25
2012.11.23 11:23:56.398,0.93409,0.9342,1.13,2.25
2012.11.23 11:23:56.849,0.93408,0.9342,1.50,3.00
2012.11.23 11:23:59.309,0.93408,0.93419,2.25,1.50
2012.11.23 11:23:59.550,0.93406,0.93419,3.33,1.50
2012.11.23 11:23:59.739,0.93406,0.93416,1.73,1.13
2012.11.23 11:24:00.039,0.93402,0.93415,1.88,1.65
2012.11.23 11:24:01.811,0.93402,0.93414,1.88,1.65
2012.11.23 11:24:02.002,0.93399,0.93413,3.53,2.25
2012.11.23 11:24:02.249,0.93399,0.9341,1.88,1.50
2012.11.23 11:24:02.551,0.93396,0.93407,2.43,3.75
2012.11.23 11:24:03.055,0.93393,0.93407,4.28,2.40
2012.11.23 11:24:03.630,0.93397,0.93409,1.50,3.68
2012.11.23 11:24:04.359,0.93395,0.93407,1.88,2.33
2012.11.23 11:24:04.549,0.93394,0.93406,1.65,2.18
2012.11.23 11:24:05.292,0.93394,0.93406,1.73,2.18
2012.11.23 11:24:05.387,0.93392,0.93404,1.65,1.65
2012.11.23 11:24:05.846,0.93392,0.93404,1.65,2.40
2012.11.23 11:24:06.508,0.9339,0.93402,1.65,2.33
2012.11.23 11:24:06.928,0.93391,0.93402,1.65,2.40
2012.11.23 11:24:07.478,0.93391,0.93402,1.65,2.40
2012.11.23 11:24:09.878,0.93391,0.93402,1.65,2.40
2012.11.23 11:24:10.418,0.93391,0.93402,1.65,1.65
2012.11.23 11:24:13.218,0.93389,0.93401,3.11,1.43
2012.11.23 11:24:13.778,0.9339,0.93403,2.10,1.65
2012.11.23 11:24:14.939,0.93389,0.93401,3.15,1.50
2012.11.23 11:24:15.498,0.93389,0.93401,1.65,2.25
2012.11.23 11:24:17.419,0.93389,0.93401,1.50,2.25
2012.11.23 11:24:17.760,0.93387,0.934,1.43,2.40
2012.11.23 11:24:19.110,0.93386,0.93396,1.13,2.25
2012.11.23 11:24:21.844,0.93385,0.93398,2.25,1.50
2012.11.23 11:24:21.911,0.93385,0.93398,2.25,1.50
2012.11.23 11:24:22.218,0.93389,0.93402,1.80,2.25
2012.11.23 11:24:22.279,0.93389,0.93402,1.80,2.25
2012.11.23 11:24:23.018,0.93389,0.93402,1.80,1.13
2012.11.23 11:24:23.408,0.93389,0.93402,1.80,1.13
2012.11.23 11:24:23.967,0.93389,0.93402,1.65,1.13
2012.11.23 11:24:24.949,0.93389,0.93403,2.63,3.15
2012.11.23 11:24:26.522,0.93389,0.93401,2.63,1.50
2012.11.23 11:24:30.028,0.93389,0.93403,1.88,3.15
2012.11.23 11:24:30.332,0.93392,0.93403,1.50,2.40
2012.11.23 11:24:30.660,0.93394,0.93403,2.25,1.13
2012.11.23 11:24:31.199,0.93394,0.93404,1.50,1.13
2012.11.23 11:24:34.939,0.93394,0.93405,1.50,2.40
2012.11.23 11:24:36.498,0.93392,0.93404,3.00,2.40
2012.11.23 11:24:42.131,0.9339,0.93403,1.28,3.15
2012.11.23 11:24:54.326,0.93395,0.93402,1.50,1.50
2012.11.23 11:24:56.148,0.93389,0.93403,3.38,2.40
2012.11.23 11:24:57.398,0.93392,0.93404,1.50,3.15
2012.11.23 11:25:04.140,0.93393,0.93405,2.25,2.63
2012.11.23 11:25:04.329,0.93393,0.93406,3.38,1.88
2012.11.23 11:25:04.389,0.93394,0.93406,2.48,1.65
2012.11.23 11:25:04.928,0.93396,0.93408,2.03,2.40
2012.11.23 11:25:06.479,0.93396,0.93408,1.65,2.40
2012.11.23 11:25:08.079,0.93395,0.93405,1.50,1.50
2012.11.23 11:25:08.620,0.93394,0.93407,1.88,2.25
2012.11.23 11:25:10.649,0.93393,0.93406,2.03,1.50
2012.11.23 11:25:11.569,0.93395,0.93406,1.65,1.50
2012.11.23 11:25:12.070,0.93395,0.93407,1.65,2.25
2012.11.23 11:25:13.458,0.93395,0.93406,2.03,1.50
2012.11.23 11:25:13.519,0.93395,0.93407,2.03,3.00
2012.11.23 11:25:14.060,0.93396,0.93409,2.10,1.13
2012.11.23 11:25:15.058,0.93396,0.9341,2.10,3.00
2012.11.23 11:25:21.570,0.93395,0.93407,2.48,3.75
2012.11.23 11:25:22.239,0.93391,0.93404,3.53,1.50
2012.11.23 11:25:22.768,0.93391,0.93404,3.53,1.50
2012.11.23 11:25:25.568,0.93392,0.93404,2.10,1.50
2012.11.23 11:25:32.153,0.93393,0.93404,1.88,1.50
2012.11.23 11:25:32.768,0.93393,0.93404,1.88,1.50
2012.11.23 11:25:37.701,0.93395,0.93404,1.65,1.50
2012.11.23 11:25:39.979,0.93395,0.93406,1.95,1.50
2012.11.23 11:25:40.281,0.93398,0.93409,2.03,1.50
2012.11.23 11:25:40.720,0.93401,0.93411,1.50,2.40
2012.11.23 11:25:41.408,0.93399,0.93408,1.65,1.50
2012.11.23 11:25:51.265,0.93398,0.9341,1.88,1.73
2012.11.23 11:25:52.349,0.934,0.9341,1.50,1.50
2012.11.23 11:25:52.898,0.93399,0.9341,2.40,1.73
2012.11.23 11:25:53.515,0.93399,0.93411,2.40,3.53
2012.11.23 11:25:55.039,0.93399,0.9341,2.40,1.50
2012.11.23 11:25:56.250,0.93399,0.93411,2.40,2.48
2012.11.23 11:25:56.396,0.93399,0.93411,2.40,2.25
2012.11.23 11:25:56.461,0.934,0.93412,2.40,3.15
2012.11.23 11:25:57.505,0.934,0.93412,1.50,3.38
2012.11.23 11:26:02.989,0.934,0.93412,2.25,3.15
2012.11.23 11:26:03.109,0.93401,0.93412,1.65,2.40
2012.11.23 11:26:03.169,0.934,0.93412,4.05,2.40
2012.11.23 11:26:03.409,0.93403,0.93414,1.50,1.73
2012.11.23 11:26:08.240,0.93403,0.93415,3.90,2.48
2012.11.23 11:26:08.309,0.93405,0.93415,1.13,1.73
2012.11.23 11:26:08.870,0.93403,0.93415,5.03,1.50
2012.11.23 11:26:09.428,0.93406,0.93419,2.93,2.48
2012.11.23 11:26:09.489,0.93406,0.93419,2.93,2.25
2012.11.23 11:26:10.029,0.93406,0.93419,1.28,3.98
2012.11.23 11:26:10.539,0.93405,0.93418,1.88,1.50
2012.11.23 11:26:12.866,0.93404,0.93417,1.88,2.48
2012.11.23 11:26:13.923,0.93404,0.93417,1.88,2.48
2012.11.23 11:26:15.663,0.93403,0.93417,4.28,3.23
2012.11.23 11:26:16.208,0.93404,0.93417,1.28,3.23
2012.11.23 11:26:19.911,0.93403,0.93415,4.13,1.73
2012.11.23 11:26:21.210,0.93403,0.93415,4.28,1.73
2012.11.23 11:26:21.519,0.93403,0.93417,4.50,3.00
2012.11.23 11:26:22.184,0.93404,0.93416,1.88,3.23
2012.11.23 11:26:26.799,0.93404,0.93416,1.88,3.23
2012.11.23 11:26:28.628,0.93404,0.93416,1.88,3.23
2012.11.23 11:26:32.321,0.93404,0.93416,2.03,3.23
2012.11.23 11:26:33.437,0.93403,0.93416,4.28,1.73
2012.11.23 11:26:42.120,0.93403,0.93417,4.13,3.98
2012.11.23 11:26:45.249,0.93405,0.93417,2.03,2.48
2012.11.23 11:26:49.229,0.93405,0.93418,1.13,2.78
2012.11.23 11:26:49.770,0.93404,0.93416,2.63,2.40
2012.11.23 11:26:50.261,0.93405,0.93418,2.03,2.85
2012.11.23 11:26:55.359,0.93404,0.93416,1.88,2.48
2012.11.23 11:26:56.310,0.93403,0.93414,1.13,2.25
2012.11.23 11:26:56.670,0.93401,0.9341,1.13,2.25
2012.11.23 11:26:57.470,0.93397,0.93409,5.81,1.73
2012.11.23 11:26:57.719,0.93398,0.9341,1.65,2.48
2012.11.23 11:26:58.112,0.93397,0.93409,2.78,2.48
2012.11.23 11:27:01.817,0.93396,0.9341,2.78,3.23
2012.11.23 11:27:05.165,0.93394,0.93407,1.65,2.48
2012.11.23 11:27:06.501,0.93392,0.93404,2.03,1.50
2012.11.23 11:27:07.184,0.93392,0.93402,1.28,2.25
2012.11.23 11:27:07.250,0.93391,0.93402,2.63,2.25
2012.11.23 11:27:07.798,0.93394,0.93405,1.13,2.25
2012.11.23 11:27:08.340,0.93394,0.93405,1.13,2.25
2012.11.23 11:27:11.928,0.93394,0.93404,1.13,2.25
2012.11.23 11:27:14.428,0.93394,0.93404,1.28,2.25
2012.11.23 11:27:15.181,0.93394,0.93405,1.28,2.25
2012.11.23 11:27:17.451,0.93394,0.93405,1.28,1.50
2012.11.23 11:27:17.819,0.93395,0.93407,1.80,1.73
2012.11.23 11:27:17.999,0.93395,0.93407,2.03,1.73
2012.11.23 11:27:18.361,0.934,0.9341,1.50,1.88
2012.11.23 11:27:18.669,0.93404,0.9341,1.65,1.65
2012.11.23 11:27:19.150,0.93406,0.93416,2.25,1.88
2012.11.23 11:27:19.209,0.93406,0.93416,2.63,1.73
2012.11.23 11:27:33.799,0.93406,0.93419,2.18,2.85
2012.11.23 11:27:37.119,0.93406,0.93418,1.65,1.35
2012.11.23 11:27:48.029,0.93406,0.9342,1.88,3.60
2012.11.23 11:27:50.739,0.93406,0.9342,1.88,3.23
2012.11.23 11:27:51.278,0.93405,0.93417,2.93,1.50
2012.11.23 11:27:52.813,0.93407,0.93419,1.88,2.48
2012.11.23 11:27:53.189,0.93405,0.93418,3.15,1.35
2012.11.23 11:27:53.318,0.93405,0.93418,3.15,1.35
2012.11.23 11:27:53.939,0.93405,0.93419,3.15,2.48
2012.11.23 11:27:54.418,0.93404,0.93417,4.05,2.48
2012.11.23 11:27:55.680,0.93404,0.93417,2.40,2.85
2012.11.23 11:27:59.339,0.93404,0.93417,2.03,2.85
2012.11.23 11:27:59.521,0.93404,0.93413,2.03,1.50
2012.11.23 11:28:00.219,0.93402,0.93413,1.80,2.25
2012.11.23 11:28:00.789,0.93401,0.93413,3.90,2.25
2012.11.23 11:28:00.968,0.93401,0.93413,3.90,2.25
2012.11.23 11:28:01.090,0.93401,0.93409,1.50,1.50
2012.11.23 11:28:01.669,0.93399,0.93409,1.50,2.25
2012.11.23 11:28:03.099,0.93399,0.93411,1.50,1.50
2012.11.23 11:28:03.648,0.93399,0.93411,3.15,1.50
2012.11.23 11:28:03.849,0.93399,0.93411,3.15,1.50
2012.11.23 11:28:04.431,0.93399,0.93411,3.38,1.50
2012.11.23 11:28:06.199,0.93401,0.93412,1.28,1.50
2012.11.23 11:28:06.439,0.93401,0.93412,2.03,1.73
2012.11.23 11:28:08.260,0.93404,0.93414,1.88,2.63
2012.11.23 11:28:09.548,0.93401,0.93412,1.88,1.50
2012.11.23 11:28:12.058,0.93401,0.93412,1.88,1.50
2012.11.23 11:28:13.919,0.93401,0.93411,2.03,1.13
2012.11.23 11:28:14.648,0.934,0.9341,1.13,1.50
2012.11.23 11:28:20.742,0.93397,0.93409,1.88,4.73
2012.11.23 11:28:20.941,0.93394,0.93406,1.20,1.73
2012.11.23 11:28:21.259,0.93394,0.93403,1.05,2.25
2012.11.23 11:28:22.334,0.93392,0.93404,2.78,3.98
2012.11.23 11:28:27.741,0.93392,0.93403,2.40,2.25
2012.11.23 11:28:28.484,0.93392,0.93403,1.65,1.88
2012.11.23 11:28:29.038,0.93391,0.93404,2.03,2.10
2012.11.23 11:28:36.640,0.93391,0.93404,3.75,1.50
2012.11.23 11:28:37.679,0.93393,0.93405,2.03,2.48
2012.11.23 11:28:47.406,0.93394,0.93407,2.63,3.23
2012.11.23 11:28:47.940,0.93394,0.93407,2.78,1.73
2012.11.23 11:28:49.960,0.93394,0.93407,2.78,1.50
2012.11.23 11:28:50.462,0.93401,0.93409,1.50,1.88
2012.11.23 11:28:50.532,0.93401,0.93409,1.50,1.13
2012.11.23 11:28:50.600,0.93403,0.93412,1.50,3.60
2012.11.23 11:28:50.785,0.93403,0.93414,1.65,1.35
2012.11.23 11:28:51.329,0.93403,0.93415,1.88,3.00
2012.11.23 11:28:53.372,0.93404,0.93416,2.40,1.13
2012.11.23 11:28:53.440,0.93407,0.93417,1.50,1.65
2012.11.23 11:28:53.623,0.93407,0.93419,2.78,2.10
2012.11.23 11:28:53.690,0.9341,0.93419,1.50,1.73
2012.11.23 11:28:54.258,0.93408,0.93421,3.00,1.50
2012.11.23 11:28:54.798,0.93406,0.93418,2.55,1.73
2012.11.23 11:28:57.583,0.93406,0.93418,2.63,1.73
2012.11.23 11:29:01.069,0.93407,0.9342,2.78,1.73
2012.11.23 11:29:01.939,0.93408,0.93421,1.50,2.40
2012.11.23 11:29:02.299,0.93411,0.93422,1.50,2.40
2012.11.23 11:29:02.423,0.93411,0.93423,1.65,3.75
2012.11.23 11:29:03.170,0.93412,0.93423,1.50,1.50
2012.11.23 11:29:08.919,0.9341,0.93423,1.50,1.65
2012.11.23 11:29:10.908,0.9341,0.93422,1.50,1.73
2012.11.23 11:29:16.529,0.9341,0.93422,1.65,1.73
2012.11.23 11:29:21.798,0.9341,0.93423,1.50,3.38
2012.11.23 11:29:29.401,0.93407,0.93419,5.63,1.50
2012.11.23 11:29:30.749,0.93406,0.93418,3.38,1.50
2012.11.23 11:29:31.299,0.93406,0.93418,3.38,3.00
2012.11.23 11:29:31.540,0.93406,0.93416,2.25,1.50
2012.11.23 11:29:31.598,0.93403,0.93415,4.65,1.65
2012.11.23 11:29:32.138,0.93403,0.93415,1.80,1.65
2012.11.23 11:29:33.270,0.93403,0.93415,1.88,2.25
2012.11.23 11:29:36.308,0.93402,0.93416,2.63,3.38
2012.11.23 11:29:36.969,0.93405,0.93417,1.50,4.73
2012.11.23 11:29:37.390,0.93406,0.93417,1.28,3.23
2012.11.23 11:29:44.868,0.93406,0.93419,1.13,2.25
2012.11.23 11:29:57.011,0.9341,0.93421,1.50,1.50
2012.11.23 11:29:57.524,0.9341,0.93422,1.50,4.13
2012.11.23 11:30:06.917,0.9341,0.93422,1.50,4.13
2012.11.23 11:30:07.157,0.93408,0.93422,2.63,4.13
2012.11.23 11:30:11.901,0.93408,0.93422,1.65,4.13
2012.11.23 11:30:12.039,0.93406,0.93417,1.50,1.50
2012.11.23 11:30:12.767,0.93408,0.9342,2.40,2.25
2012.11.23 11:30:20.577,0.93406,0.93418,2.78,1.73
2012.11.23 11:30:21.828,0.93406,0.93418,2.03,1.73
2012.11.23 11:30:22.067,0.93406,0.93416,1.50,1.50
2012.11.23 11:30:22.587,0.93403,0.93415,2.78,1.50
2012.11.23 11:30:25.597,0.93402,0.93414,1.88,1.50
2012.11.23 11:30:25.958,0.934,0.93411,1.65,1.50
2012.11.23 11:30:27.980,0.93399,0.93411,1.88,2.48
2012.11.23 11:30:28.048,0.93399,0.9341,1.88,1.50
2012.11.23 11:30:28.289,0.93396,0.93407,2.22,1.50
2012.11.23 11:30:28.777,0.93396,0.9341,2.78,2.25
2012.11.23 11:30:30.970,0.93396,0.9341,2.63,3.00
2012.11.23 11:30:31.187,0.93396,0.93407,1.13,1.50
2012.11.23 11:30:34.488,0.93395,0.93407,2.10,2.25
2012.11.23 11:30:35.037,0.93395,0.93407,2.03,2.25
2012.11.23 11:30:35.277,0.93395,0.93407,2.03,2.25
2012.11.23 11:30:38.448,0.93393,0.93404,1.28,1.50
2012.11.23 11:30:39.188,0.93395,0.93406,1.88,1.50
2012.11.23 11:30:52.880,0.93392,0.93404,1.13,1.50
2012.11.23 11:30:53.267,0.93392,0.93404,1.35,1.50
2012.11.23 11:30:53.818,0.93394,0.93406,1.88,3.00
2012.11.23 11:30:56.291,0.93394,0.93406,1.88,3.00
2012.11.23 11:30:56.719,0.93391,0.93405,3.38,3.23
2012.11.23 11:30:56.839,0.93391,0.93403,1.88,2.25
2012.11.23 11:30:57.391,0.93393,0.93405,3.00,3.00
2012.11.23 11:31:05.628,0.93391,0.93403,1.13,1.73
2012.11.23 11:31:06.157,0.93392,0.93404,1.88,2.48
2012.11.23 11:31:06.218,0.93392,0.93404,1.88,2.48
2012.11.23 11:31:06.787,0.93393,0.93405,2.25,3.23
2012.11.23 11:31:07.449,0.93393,0.93404,1.50,1.73
2012.11.23 11:31:07.988,0.93392,0.93404,2.03,1.73
2012.11.23 11:31:08.527,0.93392,0.93406,2.03,3.38
2012.11.23 11:31:09.238,0.93392,0.93404,2.03,2.48
2012.11.23 11:31:11.087,0.93393,0.93405,2.03,2.48
2012.11.23 11:31:11.328,0.93394,0.93405,1.13,1.50
2012.11.23 11:31:12.738,0.93394,0.93406,2.03,2.25
2012.11.23 11:31:16.499,0.93394,0.93404,1.13,1.50
2012.11.23 11:31:17.286,0.93394,0.93407,2.78,1.65
2012.11.23 11:31:22.117,0.93394,0.93407,1.43,3.15
2012.11.23 11:31:23.067,0.93394,0.93407,1.28,3.15
2012.11.23 11:31:23.611,0.93394,0.93407,1.28,3.38
2012.11.23 11:31:23.681,0.93395,0.93407,1.28,1.88
2012.11.23 11:31:23.749,0.93395,0.93408,1.28,2.25
2012.11.23 11:31:24.379,0.93397,0.93408,1.28,1.88
2012.11.23 11:31:24.889,0.93398,0.93409,2.40,2.48
2012.11.23 11:31:26.589,0.93398,0.9341,3.98,2.25
2012.11.23 11:31:26.659,0.934,0.93412,3.38,2.48
2012.11.23 11:31:26.840,0.93402,0.93412,1.13,2.48
2012.11.23 11:31:26.969,0.93402,0.93413,2.63,1.73
2012.11.23 11:31:27.039,0.93402,0.93413,2.63,1.73
2012.11.23 11:31:27.290,0.93404,0.93414,1.13,1.50
2012.11.23 11:31:27.421,0.93404,0.93416,2.78,1.50
2012.11.23 11:31:43.698,0.93404,0.93416,2.78,2.25
2012.11.23 11:32:06.737,0.93405,0.93417,4.43,2.48
2012.11.23 11:32:06.797,0.93406,0.93417,1.50,2.48
2012.11.23 11:32:07.104,0.93409,0.9342,2.25,1.73
2012.11.23 11:32:07.467,0.93409,0.93422,3.15,1.13
2012.11.23 11:32:11.518,0.9341,0.93422,1.05,1.88
2012.11.23 11:32:36.328,0.93411,0.93423,1.05,1.88
2012.11.23 11:32:36.867,0.93411,0.93425,2.55,3.90
2012.11.23 11:32:37.426,0.93411,0.93425,2.78,3.00
2012.11.23 11:32:37.849,0.93411,0.93425,2.78,2.25
2012.11.23 11:32:39.777,0.93414,0.93426,1.65,2.63
2012.11.23 11:32:40.078,0.93412,0.93424,2.78,1.50
2012.11.23 11:32:44.146,0.9341,0.93424,2.63,1.88
2012.11.23 11:33:11.998,0.9341,0.93421,1.28,1.50
2012.11.23 11:33:21.851,0.9341,0.93421,1.28,1.50
2012.11.23 11:33:22.159,0.93416,0.93427,1.13,2.85
2012.11.23 11:33:22.402,0.93417,0.93427,1.65,1.50
2012.11.23 11:33:22.588,0.93418,0.9343,3.15,3.30
2012.11.23 11:33:22.829,0.9342,0.9343,1.13,2.25
2012.11.23 11:33:35.318,0.93421,0.93433,1.65,3.30
2012.11.23 11:33:36.049,0.93422,0.93434,1.13,2.85
2012.11.23 11:33:36.644,0.93422,0.93434,1.13,2.85
2012.11.23 11:33:37.340,0.93422,0.93434,1.13,2.85
2012.11.23 11:33:37.859,0.93425,0.93434,1.13,2.48
2012.11.23 11:33:38.038,0.93424,0.93437,2.40,1.13
2012.11.23 11:33:38.177,0.93426,0.93439,2.40,3.38
2012.11.23 11:33:38.527,0.9343,0.93439,1.50,1.73
2012.11.23 11:33:38.773,0.9343,0.9344,1.50,1.50
2012.11.23 11:33:39.349,0.9343,0.93442,1.50,4.88
2012.11.23 11:33:40.258,0.93428,0.9344,1.65,2.25
2012.11.23 11:33:41.079,0.93427,0.9344,1.88,2.25
2012.11.23 11:33:41.262,0.93427,0.93437,1.88,1.50
2012.11.23 11:33:42.209,0.93428,0.93439,1.05,2.48
2012.11.23 11:33:43.088,0.93427,0.93441,3.53,2.48
2012.11.23 11:33:45.204,0.93427,0.93441,3.53,2.48
2012.11.23 11:33:49.529,0.93427,0.93441,2.78,2.48
2012.11.23 11:33:50.068,0.93428,0.93441,1.28,3.38
2012.11.23 11:33:56.068,0.93428,0.9344,1.13,1.73
2012.11.23 11:33:56.369,0.93426,0.93437,1.50,1.50
2012.11.23 11:33:56.888,0.93426,0.93437,1.13,1.73
2012.11.23 11:33:57.189,0.93426,0.93438,1.13,2.48
2012.11.23 11:33:57.668,0.93428,0.93439,1.13,1.73
2012.11.23 11:33:59.401,0.93429,0.9344,1.13,2.48
2012.11.23 11:34:01.338,0.93428,0.9344,1.13,2.48
2012.11.23 11:34:03.303,0.93428,0.93438,1.13,2.25
2012.11.23 11:34:11.976,0.93428,0.93438,1.13,2.25
2012.11.23 11:34:15.719,0.93428,0.93438,1.13,2.25
2012.11.23 11:34:18.340,0.93428,0.93438,1.13,2.25
2012.11.23 11:34:18.528,0.93425,0.93433,1.80,2.25
2012.11.23 11:34:18.802,0.93421,0.93433,2.78,2.48
2012.11.23 11:34:19.139,0.93421,0.93433,2.78,2.48
2012.11.23 11:34:26.259,0.93421,0.93432,1.13,2.25
2012.11.23 11:34:28.288,0.93421,0.93432,1.13,2.25
2012.11.23 11:34:41.068,0.93421,0.93432,1.13,2.25
2012.11.23 11:34:43.907,0.93421,0.9343,1.13,2.25
2012.11.23 11:34:46.471,0.93421,0.9343,1.13,2.25
2012.11.23 11:34:50.548,0.93421,0.93432,1.13,1.50
2012.11.23 11:34:50.609,0.93421,0.93431,1.13,2.28
2012.11.23 11:34:50.912,0.93416,0.93424,1.13,1.73
2012.11.23 11:34:51.221,0.93416,0.93422,1.13,1.73
2012.11.23 11:34:51.528,0.9341,0.93422,1.13,4.75
2012.11.23 11:34:51.589,0.93408,0.93419,1.43,2.48
2012.11.23 11:34:51.649,0.93407,0.93419,3.00,2.48
2012.11.23 11:34:52.222,0.93403,0.93417,3.38,2.48
2012.11.23 11:34:52.359,0.93404,0.93418,2.40,2.48
2012.11.23 11:34:52.959,0.93404,0.93418,2.40,2.48
2012.11.23 11:34:53.568,0.93407,0.9342,1.13,2.48
2012.11.23 11:34:53.689,0.93406,0.93418,1.13,2.48
2012.11.23 11:34:53.949,0.93407,0.93418,1.13,2.48
2012.11.23 11:34:55.107,0.93406,0.93418,1.13,1.73
2012.11.23 11:34:55.409,0.93408,0.93419,1.13,3.23
2012.11.23 11:34:55.476,0.93411,0.93421,1.13,3.85
2012.11.23 11:34:55.543,0.93411,0.93421,1.13,3.63
2012.11.23 11:34:56.071,0.93411,0.93425,2.63,3.98
2012.11.23 11:34:56.801,0.93411,0.93425,2.78,3.98
2012.11.23 11:34:57.331,0.93411,0.93421,1.13,2.25
2012.11.23 11:34:58.072,0.93411,0.93421,1.13,2.25
2012.11.23 11:35:01.578,0.93412,0.93424,2.63,2.85
2012.11.23 11:35:08.248,0.93413,0.93424,1.13,2.48
2012.11.23 11:35:08.909,0.93413,0.93424,1.13,2.70
2012.11.23 11:35:09.440,0.93413,0.93424,1.13,2.48
2012.11.23 11:35:12.929,0.93414,0.93425,1.65,1.73
2012.11.23 11:35:13.468,0.93415,0.93427,2.40,2.48
2012.11.23 11:35:13.595,0.93415,0.93427,2.40,1.73
2012.11.23 11:35:14.238,0.93415,0.93427,2.40,1.50
2012.11.23 11:35:14.432,0.93414,0.93425,1.88,1.50
2012.11.23 11:35:15.216,0.93414,0.93426,3.38,1.50
2012.11.23 11:35:15.879,0.93414,0.93426,2.63,1.73
2012.11.23 11:35:16.419,0.93413,0.93422,1.13,1.50
2012.11.23 11:35:16.718,0.93413,0.93425,1.13,2.48
2012.11.23 11:35:18.110,0.93415,0.93427,1.50,2.25
2012.11.23 11:35:19.360,0.93415,0.93426,1.50,1.13
2012.11.23 11:35:19.907,0.93413,0.93424,1.13,2.48
2012.11.23 11:35:23.039,0.93414,0.93426,1.65,1.88
2012.11.23 11:35:23.169,0.93414,0.93426,1.65,1.88
2012.11.23 11:35:23.372,0.93414,0.93428,3.53,3.45
2012.11.23 11:35:23.499,0.93416,0.93428,3.00,1.73
2012.11.23 11:35:24.028,0.93415,0.93427,1.65,1.50
2012.11.23 11:35:24.150,0.93414,0.93425,2.03,1.50
2012.11.23 11:35:25.053,0.93414,0.93425,1.13,1.73
2012.11.23 11:35:25.601,0.93414,0.93425,1.13,2.48
2012.11.23 11:35:27.920,0.93415,0.93426,1.05,1.73
2012.11.23 11:35:28.037,0.93415,0.93427,2.55,1.88
2012.11.23 11:35:28.342,0.93416,0.93429,2.25,1.13
2012.11.23 11:35:28.408,0.93415,0.93427,4.80,1.50
2012.11.23 11:35:29.121,0.93416,0.9343,2.78,3.00
2012.11.23 11:35:29.658,0.93418,0.9343,1.28,2.25
2012.11.23 11:35:32.548,0.93418,0.93431,2.78,1.13
2012.11.23 11:35:37.268,0.9342,0.93432,1.65,2.25
2012.11.23 11:35:37.807,0.9342,0.93432,2.55,2.48
2012.11.23 11:35:40.776,0.9342,0.93432,1.05,2.48
2012.11.23 11:35:43.338,0.93419,0.93432,1.20,2.48
2012.11.23 11:35:44.937,0.93419,0.93431,1.20,2.25
2012.11.23 11:35:46.788,0.9342,0.93431,1.13,2.25
2012.11.23 11:35:47.777,0.93418,0.93431,1.43,2.25
2012.11.23 11:35:54.929,0.93418,0.93432,2.93,2.48
2012.11.23 11:35:59.588,0.93419,0.93431,2.48,2.25
2012.11.23 11:36:03.335,0.9342,0.93432,2.40,2.48
2012.11.23 11:36:03.870,0.93421,0.93431,1.13,2.25
2012.11.23 11:36:04.478,0.93421,0.93431,1.13,2.25
2012.11.23 11:36:07.100,0.93421,0.93431,1.13,2.25
2012.11.23 11:36:09.209,0.93421,0.93431,1.13,2.25
2012.11.23 11:36:10.020,0.93421,0.93431,1.13,2.25
2012.11.23 11:36:11.787,0.93421,0.93433,2.63,2.48
2012.11.23 11:36:15.067,0.93421,0.93435,3.45,3.08
2012.11.23 11:36:15.130,0.93423,0.93435,1.13,2.85
2012.11.23 11:36:15.558,0.93426,0.93436,1.13,2.48
2012.11.23 11:36:16.630,0.93427,0.93437,1.13,2.48
2012.11.23 11:36:17.175,0.93427,0.93439,2.70,2.48
2012.11.23 11:36:19.658,0.93427,0.9344,2.70,2.48
2012.11.23 11:36:19.722,0.93428,0.9344,2.40,2.48
2012.11.23 11:36:19.969,0.93431,0.93441,1.50,1.13
2012.11.23 11:36:20.519,0.93428,0.9344,2.40,3.23
2012.11.23 11:36:20.698,0.93427,0.93439,2.40,2.48
2012.11.23 11:36:21.199,0.93426,0.93437,1.13,2.48
2012.11.23 11:36:24.920,0.93425,0.93435,1.13,1.50
2012.11.23 11:36:25.358,0.93423,0.93433,1.50,1.73
2012.11.23 11:36:25.418,0.93423,0.93433,1.50,1.73
2012.11.23 11:36:25.926,0.9342,0.93431,1.13,2.48
2012.11.23 11:36:26.688,0.9342,0.93431,1.13,2.48
2012.11.23 11:36:27.829,0.93422,0.93432,1.13,2.48
2012.11.23 11:36:28.387,0.93422,0.93432,1.13,2.48
2012.11.23 11:36:30.060,0.9342,0.93432,1.13,2.48
2012.11.23 11:36:30.201,0.93418,0.93431,1.13,4.38
2012.11.23 11:36:30.329,0.93417,0.93424,1.20,1.50
2012.11.23 11:36:30.766,0.93414,0.93423,1.20,2.25
2012.11.23 11:36:31.428,0.93412,0.93423,1.13,2.25
2012.11.23 11:36:31.610,0.93412,0.93425,1.13,3.98
2012.11.23 11:36:43.960,0.93412,0.93425,1.13,3.98
2012.11.23 11:36:46.618,0.93408,0.93419,1.13,2.25
2012.11.23 11:36:46.678,0.93407,0.93416,2.63,1.50
2012.11.23 11:36:47.240,0.93407,0.93416,1.13,2.48
2012.11.23 11:36:49.740,0.93406,0.93416,1.13,2.48
2012.11.23 11:36:53.446,0.93406,0.93416,1.13,2.25
2012.11.23 11:36:56.118,0.93405,0.93416,1.13,2.25
2012.11.23 11:36:58.329,0.93406,0.93416,1.13,2.25
2012.11.23 11:37:01.089,0.93404,0.93416,2.63,2.25
2012.11.23 11:37:01.149,0.93404,0.93416,1.88,3.00
2012.11.23 11:37:01.570,0.93404,0.93413,1.13,1.50
2012.11.23 11:37:01.818,0.93404,0.93416,1.13,2.48
2012.11.23 11:37:02.699,0.93404,0.93416,1.13,2.25
2012.11.23 11:37:03.489,0.93404,0.93416,1.13,2.25
2012.11.23 11:37:05.589,0.93406,0.93416,1.13,2.25
2012.11.23 11:37:09.388,0.93406,0.93416,1.13,1.50
2012.11.23 11:37:11.269,0.93406,0.93416,1.13,2.48
2012.11.23 11:37:11.996,0.93406,0.93416,1.13,2.48
2012.11.23 11:37:12.302,0.93408,0.93416,1.13,1.73
2012.11.23 11:37:12.609,0.93412,0.93422,1.50,1.73
2012.11.23 11:37:12.669,0.93412,0.93422,1.88,1.73
2012.11.23 11:37:13.227,0.93413,0.93422,1.13,1.73
2012.11.23 11:37:14.978,0.93413,0.93423,1.13,2.48
2012.11.23 11:37:15.731,0.93414,0.93426,2.40,2.63
2012.11.23 11:37:15.799,0.93414,0.93426,2.40,2.63
2012.11.23 11:37:16.349,0.93414,0.93426,3.15,2.63
2012.11.23 11:37:17.829,0.93414,0.93427,1.88,2.48
2012.11.23 11:37:18.364,0.93414,0.93427,1.13,2.48
2012.11.23 11:37:18.855,0.93414,0.93428,2.85,3.23
2012.11.23 11:37:33.578,0.93416,0.93429,4.20,1.88
2012.11.23 11:37:40.204,0.93419,0.93431,1.50,1.88
2012.11.23 11:37:40.343,0.93422,0.93433,2.25,1.35
2012.11.23 11:37:40.471,0.93422,0.93434,2.25,3.00
2012.11.23 11:37:42.568,0.93422,0.93434,2.63,2.48
2012.11.23 11:37:43.833,0.93423,0.93433,1.13,1.50
2012.11.23 11:37:44.388,0.93423,0.93433,1.13,1.73
2012.11.23 11:37:49.834,0.93421,0.93433,2.63,2.48
2012.11.23 11:37:53.859,0.93421,0.93431,1.13,2.48
2012.11.23 11:37:56.548,0.93421,0.93433,1.13,2.48
2012.11.23 11:37:58.814,0.93421,0.93432,1.13,2.48
2012.11.23 11:38:01.458,0.93421,0.9343,1.13,2.48
2012.11.23 11:38:01.885,0.93418,0.93428,1.13,2.25
2012.11.23 11:38:01.950,0.93418,0.93428,1.13,2.48
2012.11.23 11:38:02.547,0.93417,0.93424,1.13,2.48
2012.11.23 11:38:03.108,0.93414,0.93424,1.13,2.48
2012.11.23 11:38:03.455,0.93414,0.93423,1.13,2.48
2012.11.23 11:38:04.578,0.93412,0.93425,1.13,2.48
2012.11.23 11:38:05.124,0.93411,0.93423,2.85,2.48
2012.11.23 11:38:06.348,0.93411,0.93423,2.10,2.48
2012.11.23 11:38:06.889,0.93411,0.93423,1.88,2.48
2012.11.23 11:38:08.838,0.9341,0.93424,2.63,2.48
2012.11.23 11:38:10.078,0.93412,0.93424,2.63,2.48
2012.11.23 11:38:13.408,0.9341,0.93424,2.63,2.48
2012.11.23 11:38:14.808,0.93411,0.93424,1.13,2.48
2012.11.23 11:38:18.398,0.9341,0.93423,1.13,2.48
2012.11.23 11:38:18.698,0.9341,0.93421,1.13,2.48
2012.11.23 11:38:20.449,0.9341,0.93422,2.10,2.48
2012.11.23 11:38:20.699,0.93411,0.93424,2.63,2.48
2012.11.23 11:38:28.330,0.93411,0.93421,1.13,2.48
2012.11.23 11:38:37.940,0.93411,0.93423,1.88,2.48
2012.11.23 11:38:38.370,0.93413,0.93424,1.88,1.73
2012.11.23 11:38:39.968,0.93413,0.93425,2.63,2.48
2012.11.23 11:38:40.150,0.93414,0.93426,1.88,1.35
2012.11.23 11:38:40.689,0.93417,0.93426,1.50,1.35
2012.11.23 11:38:41.409,0.93416,0.93426,1.65,1.35
2012.11.23 11:38:41.938,0.93417,0.93428,1.50,1.50
2012.11.23 11:38:43.559,0.93417,0.93428,2.48,1.13
2012.11.23 11:38:43.678,0.93418,0.93429,2.10,2.48
2012.11.23 11:38:43.979,0.93419,0.93431,2.63,2.48
2012.11.23 11:38:50.242,0.93419,0.9343,1.13,2.48
2012.11.23 11:38:50.608,0.93419,0.9343,1.13,2.48
2012.11.23 11:38:52.244,0.93418,0.9343,2.25,2.48
2012.11.23 11:38:52.560,0.93414,0.93426,1.13,1.28
2012.11.23 11:38:53.110,0.93413,0.93424,1.13,2.48
2012.11.23 11:38:53.671,0.9341,0.93424,2.55,2.48
2012.11.23 11:39:05.911,0.9341,0.93423,1.35,2.48
2012.11.23 11:39:06.680,0.93409,0.93421,3.60,2.48
2012.11.23 11:39:07.768,0.93409,0.93421,3.60,2.48
2012.11.23 11:39:11.465,0.93409,0.93421,3.23,2.48
2012.11.23 11:39:13.338,0.93408,0.93421,1.50,3.98
2012.11.23 11:39:13.839,0.93408,0.93421,1.13,4.13
2012.11.23 11:39:13.901,0.93407,0.9342,1.88,1.73
2012.11.23 11:39:14.414,0.93405,0.93417,1.35,2.48
2012.11.23 11:39:14.934,0.93405,0.93417,1.35,2.48
2012.11.23 11:39:20.059,0.93405,0.93417,1.35,2.48
2012.11.23 11:39:22.018,0.93407,0.93419,1.88,2.48
2012.11.23 11:39:23.646,0.93408,0.9342,2.10,2.48
2012.11.23 11:39:25.188,0.93409,0.93422,2.85,1.13
2012.11.23 11:39:25.308,0.93409,0.93423,2.85,2.48
2012.11.23 11:39:27.698,0.93411,0.93423,1.13,2.48
2012.11.23 11:39:41.827,0.93412,0.93424,1.88,2.85
2012.11.23 11:39:41.888,0.93412,0.93424,1.88,2.85
2012.11.23 11:39:43.932,0.93414,0.93424,1.13,2.85
2012.11.23 11:39:44.361,0.93415,0.93426,1.65,1.35
2012.11.23 11:39:46.730,0.93415,0.93428,1.65,1.73
2012.11.23 11:39:47.381,0.93414,0.93424,1.13,1.35
2012.11.23 11:39:47.830,0.93412,0.93423,1.13,2.48
2012.11.23 11:39:47.960,0.93412,0.93423,1.13,2.48
2012.11.23 11:39:49.359,0.93412,0.93423,1.13,2.48
2012.11.23 11:39:49.671,0.93413,0.93424,2.10,1.35
2012.11.23 11:40:12.051,0.93415,0.93425,2.63,1.35
2012.11.23 11:40:12.576,0.93415,0.93426,2.63,1.35
2012.11.23 11:40:16.488,0.93415,0.93427,2.40,2.85
2012.11.23 11:40:17.065,0.93414,0.93426,3.60,2.85
2012.11.23 11:40:20.540,0.93414,0.93424,3.60,1.13
2012.11.23 11:40:20.870,0.93413,0.93423,1.13,2.48
2012.11.23 11:40:21.428,0.93413,0.93423,1.13,2.48
2012.11.23 11:40:22.348,0.93412,0.93423,1.13,2.48
2012.11.23 11:40:26.059,0.93411,0.93423,2.63,2.48
2012.11.23 11:40:26.619,0.93412,0.93423,1.13,1.73
2012.11.23 11:40:26.812,0.93413,0.93425,1.65,1.50
2012.11.23 11:40:26.998,0.93413,0.93427,3.38,3.23
2012.11.23 11:40:27.180,0.93413,0.93427,2.85,2.48
2012.11.23 11:40:27.738,0.93414,0.93426,1.88,2.48
2012.11.23 11:40:28.818,0.93414,0.93426,1.88,2.48
2012.11.23 11:40:31.349,0.93413,0.93425,1.13,3.98
2012.11.23 11:40:31.530,0.93413,0.93424,1.13,2.48
2012.11.23 11:40:32.179,0.93412,0.93424,1.13,2.48
2012.11.23 11:40:37.398,0.9341,0.93424,2.10,2.48
2012.11.23 11:40:37.701,0.93409,0.93419,2.63,2.48
2012.11.23 11:40:38.130,0.93409,0.9342,1.88,2.48
2012.11.23 11:40:59.858,0.93409,0.9342,1.13,2.48
2012.11.23 11:41:00.869,0.93407,0.93419,3.00,2.25
2012.11.23 11:41:02.339,0.93407,0.93418,1.13,1.50
2012.11.23 11:41:03.830,0.93407,0.93419,2.63,2.48
2012.11.23 11:41:10.698,0.93408,0.9342,1.88,2.48
2012.11.23 11:41:13.159,0.93408,0.9342,1.88,2.48
2012.11.23 11:41:13.787,0.93406,0.93418,3.60,2.48
2012.11.23 11:41:14.951,0.93404,0.93418,2.63,3.98
2012.11.23 11:41:15.271,0.93402,0.93414,1.35,2.25
2012.11.23 11:41:15.581,0.93399,0.93409,1.28,2.48
2012.11.23 11:41:16.193,0.93398,0.93409,1.13,2.48
2012.11.23 11:41:16.389,0.934,0.9341,1.65,1.73
2012.11.23 11:41:16.521,0.934,0.93413,2.03,3.23
2012.11.23 11:41:16.652,0.93401,0.93413,1.88,2.48
2012.11.23 11:41:16.839,0.93402,0.93415,2.40,2.48
2012.11.23 11:41:18.528,0.93403,0.93414,1.13,2.48
2012.11.23 11:41:20.400,0.93403,0.93413,1.13,3.98
2012.11.23 11:41:21.099,0.934,0.93412,1.13,2.48
2012.11.23 11:41:21.654,0.93396,0.93407,3.38,2.25
2012.11.23 11:41:22.011,0.93396,0.93405,1.13,2.48
2012.11.23 11:41:22.739,0.93396,0.93408,1.13,2.48
2012.11.23 11:41:22.862,0.93396,0.93408,1.13,2.48
2012.11.23 11:41:23.409,0.93398,0.93408,1.88,2.25
2012.11.23 11:41:24.430,0.93395,0.93408,1.88,2.48
2012.11.23 11:41:25.310,0.93397,0.93408,1.13,2.48
2012.11.23 11:41:25.930,0.93396,0.93408,3.38,2.48
2012.11.23 11:41:26.521,0.93396,0.93406,1.13,2.48
2012.11.23 11:41:27.130,0.93395,0.93405,1.13,1.73
2012.11.23 11:41:27.250,0.93393,0.93403,2.63,1.50
2012.11.23 11:41:27.560,0.93393,0.93405,4.13,1.50
2012.11.23 11:41:28.301,0.93393,0.93405,2.40,2.48
2012.11.23 11:41:31.830,0.93392,0.93405,1.13,3.23
2012.11.23 11:41:32.188,0.93394,0.93405,1.13,1.73
2012.11.23 11:41:39.439,0.93395,0.93405,1.13,2.48
2012.11.23 11:41:40.011,0.93394,0.93405,1.65,3.23
2012.11.23 11:41:40.079,0.93392,0.93405,1.88,2.48
2012.11.23 11:41:41.818,0.93393,0.93405,1.88,2.48
2012.11.23 11:41:42.608,0.93393,0.93401,1.88,1.50
2012.11.23 11:41:43.113,0.93393,0.93403,1.88,1.50
2012.11.23 11:41:43.481,0.93393,0.93405,1.88,2.25
2012.11.23 11:41:43.610,0.93393,0.93405,1.88,2.25
2012.11.23 11:41:45.090,0.93393,0.93403,1.13,2.48
2012.11.23 11:41:45.459,0.9339,0.93401,1.88,2.48
2012.11.23 11:41:53.317,0.9339,0.93401,1.88,2.48
2012.11.23 11:41:53.869,0.93388,0.934,1.88,1.50
2012.11.23 11:41:56.010,0.93388,0.934,1.88,1.50
2012.11.23 11:42:05.031,0.93388,0.934,1.13,2.25
2012.11.23 11:42:08.859,0.93389,0.934,1.13,2.48
2012.11.23 11:42:14.979,0.93389,0.93399,1.13,2.25
2012.11.23 11:42:20.038,0.9339,0.934,1.13,2.48
2012.11.23 11:42:20.110,0.9339,0.934,1.13,2.48
2012.11.23 11:42:24.889,0.9339,0.934,1.13,2.48
2012.11.23 11:42:30.689,0.93386,0.93398,2.25,2.25
2012.11.23 11:42:30.751,0.93386,0.93398,1.65,2.48
2012.11.23 11:42:31.289,0.93386,0.93398,3.38,2.48
2012.11.23 11:42:49.360,0.93384,0.93397,2.03,2.48
2012.11.23 11:42:49.919,0.93385,0.93399,2.03,2.48
2012.11.23 11:42:49.979,0.93384,0.93396,3.53,1.50
2012.11.23 11:42:50.489,0.93384,0.93396,3.53,1.73
2012.11.23 11:42:54.370,0.93385,0.93395,1.28,1.50
2012.11.23 11:42:54.611,0.93385,0.93397,2.63,1.73
2012.11.23 11:42:55.158,0.93388,0.934,1.88,2.25
2012.11.23 11:43:05.469,0.93388,0.934,1.80,1.50
2012.11.23 11:43:05.530,0.93388,0.934,2.03,1.50
2012.11.23 11:43:11.370,0.93386,0.93399,1.28,1.50
2012.11.23 11:43:11.627,0.93385,0.93399,4.65,1.88
2012.11.23 11:43:11.893,0.93385,0.93399,4.05,1.73
2012.11.23 11:43:12.425,0.93385,0.93399,4.05,1.73
2012.11.23 11:43:16.778,0.93385,0.93399,3.68,1.73
2012.11.23 11:43:21.129,0.93385,0.93396,1.28,1.50
2012.11.23 11:43:21.675,0.93384,0.93395,1.13,1.50
2012.11.23 11:43:24.739,0.93384,0.93398,4.28,3.23
2012.11.23 11:43:27.289,0.93384,0.93398,5.03,1.50
2012.11.23 11:43:27.828,0.93387,0.93401,1.88,2.48
2012.11.23 11:43:28.429,0.93386,0.934,2.03,1.73
2012.11.23 11:43:28.972,0.93387,0.93401,1.88,2.63
2012.11.23 11:43:36.419,0.93387,0.93399,1.88,1.73
2012.11.23 11:43:39.789,0.93386,0.93396,1.13,1.50
2012.11.23 11:43:40.356,0.93386,0.93396,1.13,1.73
2012.11.23 11:43:43.380,0.93385,0.93396,1.13,1.73
2012.11.23 11:43:51.501,0.93389,0.93402,2.40,2.48
2012.11.23 11:43:52.052,0.93389,0.93403,4.65,2.63
2012.11.23 11:43:52.419,0.9339,0.93403,1.13,2.63
2012.11.23 11:43:52.995,0.93389,0.93403,4.28,2.63
2012.11.23 11:43:53.067,0.93389,0.93403,4.13,2.63
2012.11.23 11:43:53.489,0.93389,0.93401,3.00,2.48
2012.11.23 11:43:53.609,0.93389,0.93401,3.38,2.25
2012.11.23 11:43:54.570,0.9339,0.93402,1.88,2.25
2012.11.23 11:43:55.149,0.9339,0.93402,1.88,1.50
2012.11.23 11:43:56.159,0.9339,0.93402,1.88,2.25
2012.11.23 11:44:19.931,0.9339,0.93402,2.03,1.50
2012.11.23 11:44:20.443,0.93392,0.93405,2.03,1.50
2012.11.23 11:44:20.710,0.93397,0.93408,1.50,1.65
2012.11.23 11:44:20.830,0.93394,0.93408,3.53,2.40
2012.11.23 11:44:21.339,0.93394,0.93408,3.53,2.25
2012.11.23 11:44:21.642,0.93397,0.9341,2.18,3.23
2012.11.23 11:44:21.912,0.93399,0.93411,2.55,1.73
2012.11.23 11:44:22.467,0.93399,0.93413,2.18,2.63
2012.11.23 11:44:23.054,0.93399,0.93413,2.40,2.48
2012.11.23 11:44:25.249,0.93399,0.93413,2.40,1.73
2012.11.23 11:44:43.172,0.93399,0.9341,1.50,3.00
2012.11.23 11:44:43.729,0.93394,0.93407,2.55,1.73
2012.11.23 11:44:44.639,0.93394,0.93408,2.03,3.00
2012.11.23 11:44:47.090,0.93397,0.93409,3.90,1.73
2012.11.23 11:44:47.409,0.934,0.93412,2.03,2.48
2012.11.23 11:45:03.380,0.934,0.93412,2.40,1.73
2012.11.23 11:45:15.070,0.934,0.93414,2.40,3.23
2012.11.23 11:45:26.678,0.934,0.93414,2.03,3.23
2012.11.23 11:45:35.690,0.93403,0.93414,1.13,3.23
2012.11.23 11:45:35.810,0.93404,0.93413,1.13,2.25
2012.11.23 11:45:36.169,0.93399,0.93413,1.88,3.98
2012.11.23 11:45:36.229,0.93399,0.93411,1.88,1.73
2012.11.23 11:45:42.289,0.93399,0.93411,1.88,2.48
2012.11.23 11:45:58.460,0.93397,0.93411,3.53,2.48
2012.11.23 11:46:04.630,0.93397,0.93407,2.03,1.50
2012.11.23 11:46:06.659,0.93398,0.9341,1.88,2.48
2012.11.23 11:46:14.386,0.93398,0.9341,1.88,2.48
2012.11.23 11:46:21.620,0.934,0.93413,2.40,1.88
2012.11.23 11:46:21.741,0.93402,0.93413,1.50,1.50
2012.11.23 11:46:21.982,0.93403,0.93414,2.40,1.73
2012.11.23 11:46:22.050,0.93403,0.93415,2.63,3.00
2012.11.23 11:46:22.559,0.93403,0.93415,3.38,1.50
2012.11.23 11:46:23.032,0.93403,0.93414,1.13,2.25
2012.11.23 11:46:23.160,0.93401,0.93414,2.25,3.00
2012.11.23 11:46:24.881,0.93401,0.93413,1.13,1.50
2012.11.23 11:46:27.862,0.934,0.93413,1.88,2.25
2012.11.23 11:46:27.990,0.93399,0.93411,3.38,2.25
2012.11.23 11:46:28.110,0.93398,0.9341,2.93,2.25
2012.11.23 11:46:28.422,0.93398,0.9341,1.65,4.73
2012.11.23 11:46:28.969,0.93398,0.93408,1.65,1.73
2012.11.23 11:46:29.520,0.93397,0.93408,1.88,1.50
2012.11.23 11:46:30.040,0.93397,0.93407,1.13,1.50
2012.11.23 11:46:30.352,0.93394,0.93407,1.13,4.13
2012.11.23 11:46:30.565,0.93393,0.93405,3.30,3.00
2012.11.23 11:46:32.848,0.93392,0.93405,1.88,3.23
2012.11.23 11:46:41.500,0.93393,0.93405,2.55,2.48
2012.11.23 11:46:41.559,0.93396,0.93406,1.50,1.73
2012.11.23 11:46:41.861,0.93396,0.93408,1.88,3.23
2012.11.23 11:46:42.420,0.93396,0.93408,2.63,3.98
2012.11.23 11:46:44.885,0.93398,0.9341,2.63,2.48
2012.11.23 11:46:45.559,0.934,0.93412,1.65,2.48
2012.11.23 11:46:45.619,0.93399,0.93412,1.13,2.48
2012.11.23 11:46:55.490,0.93399,0.93407,2.78,1.50
2012.11.23 11:47:12.621,0.93397,0.93409,2.70,2.48
2012.11.23 11:47:13.309,0.93398,0.9341,1.95,2.48
2012.11.23 11:47:17.139,0.93399,0.93412,2.63,1.88
2012.11.23 11:47:17.440,0.93399,0.93412,2.70,1.13
2012.11.23 11:47:17.861,0.93402,0.93413,2.25,1.65
2012.11.23 11:47:17.931,0.93402,0.93413,2.70,1.50
2012.11.23 11:47:18.001,0.93404,0.93415,1.13,3.00
2012.11.23 11:47:18.550,0.93404,0.93417,1.13,2.63
2012.11.23 11:47:19.106,0.93403,0.93415,1.88,1.65
2012.11.23 11:47:19.179,0.93403,0.93415,1.13,2.40
2012.11.23 11:47:21.598,0.93401,0.93415,1.95,3.15
2012.11.23 11:47:22.107,0.93401,0.93415,1.65,2.63
2012.11.23 11:47:28.048,0.93401,0.93415,1.65,4.88
2012.11.23 11:47:28.592,0.934,0.93413,1.88,1.50
2012.11.23 11:47:28.660,0.934,0.93413,1.50,3.60
2012.11.23 11:47:28.791,0.934,0.93412,1.50,2.40
2012.11.23 11:47:29.099,0.93398,0.9341,1.58,1.88
2012.11.23 11:47:29.619,0.93395,0.93408,1.28,2.25
2012.11.23 11:47:29.978,0.93394,0.93408,3.53,2.25
2012.11.23 11:47:30.481,0.93394,0.93408,4.20,2.25
2012.11.23 11:47:33.249,0.934,0.9341,1.50,1.35
2012.11.23 11:47:36.209,0.93402,0.93413,1.50,1.13
2012.11.23 11:47:36.772,0.93401,0.93413,1.50,2.63
2012.11.23 11:47:37.270,0.93402,0.93416,2.40,4.13
2012.11.23 11:47:37.389,0.93404,0.93416,1.50,2.63
2012.11.23 11:47:37.931,0.93404,0.93416,1.50,1.13
2012.11.23 11:47:38.539,0.93403,0.93416,2.33,1.13
2012.11.23 11:47:38.874,0.934,0.93411,2.63,2.10
2012.11.23 11:47:39.335,0.93397,0.93409,1.50,4.73
2012.11.23 11:47:39.868,0.93394,0.93406,3.38,2.48
2012.11.23 11:47:40.257,0.93394,0.93406,3.38,2.48
2012.11.23 11:47:40.759,0.93395,0.93407,1.13,2.25
2012.11.23 11:47:41.230,0.93393,0.93406,2.70,2.25
2012.11.23 11:47:42.300,0.93393,0.93404,1.13,2.25
2012.11.23 11:47:44.618,0.93393,0.93404,1.13,2.25
2012.11.23 11:47:48.382,0.93398,0.9341,2.40,2.85
2012.11.23 11:47:48.750,0.93398,0.9341,2.25,2.03
2012.11.23 11:47:49.660,0.93398,0.9341,2.25,2.40
2012.11.23 11:47:49.903,0.93397,0.93406,1.13,1.50
2012.11.23 11:47:50.342,0.93394,0.93406,3.45,2.48
2012.11.23 11:48:01.277,0.93394,0.93404,1.95,1.50
2012.11.23 11:48:01.590,0.9339,0.93403,3.45,2.48
2012.11.23 11:48:01.899,0.93391,0.93403,1.50,2.48
2012.11.23 11:48:04.751,0.93391,0.93403,1.13,2.48
2012.11.23 11:48:05.130,0.93392,0.93406,2.70,2.48
2012.11.23 11:48:05.931,0.93396,0.93407,1.50,1.73
2012.11.23 11:48:05.990,0.93396,0.93407,1.50,1.73
2012.11.23 11:48:06.519,0.93396,0.93408,1.65,3.38
2012.11.23 11:48:07.400,0.93395,0.93407,1.13,3.23
2012.11.23 11:48:08.620,0.93393,0.93406,2.25,2.48
2012.11.23 11:48:11.349,0.93395,0.93405,1.13,1.73
2012.11.23 11:48:11.649,0.93395,0.93407,1.13,1.73
2012.11.23 11:48:33.427,0.93395,0.93406,1.13,1.73
2012.11.23 11:48:34.149,0.93394,0.93405,1.13,1.73
2012.11.23 11:48:34.694,0.93394,0.93406,1.13,2.48
2012.11.23 11:48:35.380,0.93394,0.93406,1.13,2.48
2012.11.23 11:48:40.020,0.93394,0.93406,1.13,2.48
2012.11.23 11:48:44.928,0.93394,0.93406,1.13,2.85
2012.11.23 11:48:45.625,0.9339,0.93403,3.15,2.48
2012.11.23 11:48:46.131,0.9339,0.93403,1.58,2.48
2012.11.23 11:48:49.231,0.93393,0.93405,1.88,2.48
2012.11.23 11:48:49.788,0.93393,0.93405,1.95,2.48
2012.11.23 11:48:51.919,0.93393,0.93405,1.95,2.48
2012.11.23 11:48:52.738,0.93393,0.93405,2.70,1.73
2012.11.23 11:48:53.301,0.93394,0.93405,1.13,1.50
2012.11.23 11:48:55.591,0.93395,0.93405,1.13,1.50
2012.11.23 11:48:56.258,0.93393,0.93405,2.48,1.50
2012.11.23 11:48:56.679,0.93391,0.93405,3.08,2.48
2012.11.23 11:48:57.098,0.93391,0.93405,3.08,2.48
2012.11.23 11:48:58.198,0.93391,0.93405,3.08,2.48
2012.11.23 11:49:01.280,0.93391,0.93402,1.95,1.50
2012.11.23 11:49:01.641,0.93391,0.93402,1.20,2.48
2012.11.23 11:49:02.180,0.93391,0.93402,1.65,2.48
2012.11.23 11:49:02.539,0.9339,0.93402,3.53,2.25
2012.11.23 11:49:05.645,0.93391,0.93404,3.23,1.13
2012.11.23 11:49:06.852,0.9339,0.93403,4.95,2.48
2012.11.23 11:49:07.310,0.9339,0.93403,2.70,2.48
2012.11.23 11:49:19.390,0.9339,0.93401,2.25,2.48
2012.11.23 11:49:19.571,0.93386,0.93398,2.63,2.25
2012.11.23 11:49:20.119,0.93386,0.93398,2.63,2.48
2012.11.23 11:49:20.750,0.93386,0.93396,1.50,2.63
2012.11.23 11:49:21.051,0.93384,0.93396,3.38,2.63
2012.11.23 11:49:21.599,0.93382,0.93394,2.25,2.48
2012.11.23 11:49:21.719,0.93382,0.93394,1.50,2.48
2012.11.23 11:49:23.450,0.93382,0.93394,2.25,1.73
2012.11.23 11:49:24.063,0.93382,0.93394,2.25,1.50
2012.11.23 11:49:25.139,0.93383,0.93396,2.33,1.65
2012.11.23 11:49:25.670,0.93385,0.93397,1.50,2.63
2012.11.23 11:49:26.184,0.93385,0.93397,2.25,1.88
2012.11.23 11:49:26.550,0.93386,0.93398,1.73,2.48
2012.11.23 11:49:27.610,0.93386,0.93399,2.40,1.88
2012.11.23 11:49:30.162,0.93386,0.93399,2.40,1.13
2012.11.23 11:49:30.718,0.93385,0.93397,2.70,2.48
2012.11.23 11:49:33.209,0.93385,0.93397,1.95,2.48
2012.11.23 11:49:33.654,0.93383,0.93394,2.03,1.73
2012.11.23 11:49:33.724,0.93383,0.93394,1.95,1.73
2012.11.23 11:49:34.189,0.93382,0.93394,3.75,2.48
2012.11.23 11:49:34.746,0.93382,0.93394,3.00,2.48
2012.11.23 11:49:36.159,0.93382,0.93394,3.08,1.73
2012.11.23 11:49:36.683,0.93382,0.93394,3.08,2.48
2012.11.23 11:49:39.189,0.93382,0.93394,4.28,2.48
2012.11.23 11:49:39.566,0.93384,0.93398,3.45,2.48
2012.11.23 11:49:39.629,0.93384,0.93398,3.45,2.48
2012.11.23 11:49:40.671,0.93384,0.93396,2.63,3.23
2012.11.23 11:49:41.219,0.93382,0.93394,3.15,1.88
2012.11.23 11:49:41.752,0.93382,0.93394,3.15,2.63
2012.11.23 11:49:44.193,0.93383,0.93394,1.50,2.63
2012.11.23 11:49:44.560,0.93385,0.93396,1.50,1.13
2012.11.23 11:49:45.123,0.93382,0.93395,1.73,2.63
2012.11.23 11:49:45.437,0.93383,0.93395,1.13,2.48
2012.11.23 11:49:45.499,0.93382,0.93395,1.73,2.48
2012.11.23 11:49:45.559,0.93382,0.93395,1.73,2.48
2012.11.23 11:49:45.679,0.93382,0.93395,1.73,2.48
2012.11.23 11:49:46.239,0.93382,0.93395,1.65,2.48
2012.11.23 11:49:46.788,0.93383,0.93395,2.40,1.73
2012.11.23 11:49:47.191,0.93383,0.93395,2.40,2.48
2012.11.23 11:49:47.320,0.93383,0.93395,2.40,1.73
2012.11.23 11:49:47.441,0.93386,0.93397,2.25,1.13
2012.11.23 11:49:48.229,0.93386,0.93398,2.33,2.63
2012.11.23 11:49:49.642,0.93387,0.93399,1.65,1.13
2012.11.23 11:49:49.834,0.93387,0.93399,2.40,1.13
2012.11.23 11:49:50.440,0.93387,0.93399,1.65,2.63
2012.11.23 11:49:54.557,0.93385,0.93397,2.70,1.73
2012.11.23 11:49:55.051,0.9339,0.934,1.50,1.73
2012.11.23 11:49:55.360,0.93393,0.93401,1.50,1.50
2012.11.23 11:49:55.870,0.9339,0.93401,3.00,1.50
2012.11.23 11:49:56.229,0.9339,0.93402,2.25,2.48
2012.11.23 11:49:56.768,0.93389,0.93401,2.63,2.48
2012.11.23 11:50:03.669,0.93389,0.93401,2.63,2.48
2012.11.23 11:50:04.180,0.93389,0.93401,2.63,2.48
2012.11.23 11:50:07.460,0.9339,0.93402,2.63,2.25
2012.11.23 11:50:07.900,0.93392,0.93404,1.65,4.88
2012.11.23 11:50:08.499,0.93389,0.93403,1.95,2.48
2012.11.23 11:50:10.980,0.93389,0.93403,3.08,2.48
2012.11.23 11:50:11.311,0.93389,0.93401,1.88,2.48
2012.11.23 11:50:11.379,0.93389,0.93401,1.65,2.63
2012.11.23 11:50:12.020,0.93389,0.93401,1.65,2.63
2012.11.23 11:50:12.580,0.93387,0.93399,2.63,2.48
2012.11.23 11:50:23.339,0.93387,0.93399,1.65,2.63
2012.11.23 11:50:28.570,0.93386,0.93398,1.65,2.48
2012.11.23 11:50:29.573,0.93383,0.93395,2.33,2.63
2012.11.23 11:50:32.453,0.93381,0.93392,1.73,1.50
2012.11.23 11:50:32.998,0.9338,0.93391,1.50,1.50
2012.11.23 11:50:33.519,0.9338,0.93392,3.08,1.73
2012.11.23 11:50:34.914,0.9338,0.93392,2.33,2.48
2012.11.23 11:50:35.340,0.93379,0.93391,1.88,1.73
2012.11.23 11:50:36.069,0.93377,0.9339,1.58,2.48
2012.11.23 11:50:36.191,0.93377,0.9339,1.95,1.73
2012.11.23 11:50:36.499,0.93379,0.93391,4.80,2.40
2012.11.23 11:50:36.740,0.93381,0.93391,1.50,1.13
2012.11.23 11:50:37.041,0.93379,0.9339,1.88,2.48
2012.11.23 11:50:37.352,0.93377,0.93388,1.13,2.48
2012.11.23 11:50:38.204,0.93376,0.93388,1.88,2.48
2012.11.23 11:50:38.781,0.93376,0.93388,2.40,2.48
2012.11.23 11:50:38.909,0.93376,0.93388,2.40,2.48
2012.11.23 11:50:39.330,0.93374,0.93386,3.45,2.48
2012.11.23 11:50:40.044,0.93377,0.93389,1.13,1.50
2012.11.23 11:50:40.235,0.93378,0.9339,2.48,2.25
2012.11.23 11:50:40.740,0.9338,0.93391,1.58,1.73
2012.11.23 11:50:41.919,0.9338,0.93392,1.73,2.48
2012.11.23 11:50:46.741,0.9338,0.93393,1.80,2.48
2012.11.23 11:50:47.280,0.93381,0.93392,2.10,2.48
2012.11.23 11:50:48.329,0.93381,0.93395,3.98,2.63
2012.11.23 11:50:49.355,0.93384,0.93395,1.50,1.13
2012.11.23 11:50:49.422,0.93382,0.93395,4.20,1.13
2012.11.23 11:50:49.976,0.93381,0.93393,2.40,2.48
2012.11.23 11:50:52.621,0.93383,0.93395,1.50,1.13
2012.11.23 11:50:52.929,0.93381,0.93392,1.73,1.73
2012.11.23 11:50:53.302,0.93383,0.93395,1.50,2.63
2012.11.23 11:50:55.717,0.93383,0.93395,1.50,2.63
2012.11.23 11:50:55.927,0.93379,0.93392,3.45,2.48
2012.11.23 11:50:56.530,0.93379,0.93392,2.63,2.48
2012.11.23 11:50:57.032,0.93379,0.93393,3.45,2.48
