2015.04.09 08:00:00.272,0.971,0.97114,3.07,1.00
2015.04.09 08:00:00.780,0.97102,0.97114,1.00,1.00
2015.04.09 08:00:00.831,0.971,0.97114,1.00,1.00
2015.04.09 08:00:01.338,0.971,0.97114,1.17,1.12
2015.04.09 08:00:01.643,0.97098,0.97113,1.10,1.00
2015.04.09 08:00:04.916,0.97101,0.97113,1.10,1.00
2015.04.09 08:00:05.424,0.97101,0.97114,1.10,1.12
2015.04.09 08:00:06.133,0.97101,0.97114,1.10,1.37
2015.04.09 08:00:06.438,0.97103,0.97116,1.10,1.37
2015.04.09 08:00:08.237,0.97103,0.97116,1.47,1.12
2015.04.09 08:00:08.745,0.97105,0.97118,1.00,1.37
2015.04.09 08:00:08.796,0.97105,0.97118,1.00,1.12
2015.04.09 08:00:11.411,0.97109,0.97121,1.87,1.37
2015.04.09 08:00:11.615,0.97111,0.97124,1.27,1.12
2015.04.09 08:00:12.122,0.97111,0.97125,1.27,1.12
2015.04.09 08:00:14.484,0.97113,0.97125,1.57,1.12
2015.04.09 08:00:18.471,0.97111,0.97125,1.00,1.00
2015.04.09 08:00:18.877,0.97113,0.97126,1.00,1.12
2015.04.09 08:00:20.012,0.97113,0.97126,1.00,1.37
2015.04.09 08:00:21.006,0.97113,0.97126,1.00,1.00
2015.04.09 08:00:21.361,0.97114,0.97127,1.37,1.37
2015.04.09 08:00:21.665,0.97118,0.97129,1.00,1.00
2015.04.09 08:00:22.210,0.97117,0.97129,1.00,1.00
2015.04.09 08:00:22.717,0.97118,0.97129,1.00,1.00
2015.04.09 08:00:24.178,0.97116,0.97128,1.60,1.00
2015.04.09 08:00:24.280,0.9712,0.97131,1.10,1.00
2015.04.09 08:00:24.382,0.9712,0.97134,1.20,1.87
2015.04.09 08:00:24.890,0.97119,0.97134,1.17,1.87
2015.04.09 08:00:25.397,0.97121,0.97135,1.00,1.37
2015.04.09 08:00:25.938,0.97121,0.97136,1.00,1.12
2015.04.09 08:00:26.040,0.97129,0.97137,1.00,1.37
2015.04.09 08:00:26.193,0.97124,0.97136,2.32,1.00
2015.04.09 08:00:26.244,0.97123,0.97136,1.17,1.00
2015.04.09 08:00:28.019,0.97123,0.97137,1.17,1.00
2015.04.09 08:00:31.751,0.97123,0.97137,1.17,1.37
2015.04.09 08:00:36.517,0.97123,0.9714,1.65,1.37
2015.04.09 08:00:37.685,0.97123,0.97139,1.17,1.37
2015.04.09 08:00:37.736,0.9712,0.97136,1.00,1.00
2015.04.09 08:00:37.788,0.97118,0.97136,1.00,2.25
2015.04.09 08:00:38.143,0.97116,0.97133,1.87,1.00
2015.04.09 08:00:39.763,0.97116,0.9713,1.00,1.00
2015.04.09 08:00:39.815,0.97114,0.9713,1.00,1.00
2015.04.09 08:00:40.019,0.97112,0.9713,1.12,1.50
2015.04.09 08:00:40.325,0.9711,0.97128,1.87,1.12
2015.04.09 08:00:40.629,0.9711,0.97125,1.87,1.00
2015.04.09 08:00:40.969,0.97109,0.97125,1.10,1.00
2015.04.09 08:00:43.875,0.97107,0.97125,1.57,1.00
2015.04.09 08:00:45.734,0.97107,0.97123,1.57,1.00
2015.04.09 08:00:46.039,0.97105,0.97121,1.00,1.00
2015.04.09 08:00:46.597,0.97104,0.97121,1.57,1.00
2015.04.09 08:00:47.756,0.97104,0.97118,1.57,1.00
2015.04.09 08:01:03.675,0.97104,0.97122,1.57,1.07
2015.04.09 08:01:03.777,0.97105,0.97123,1.65,1.00
2015.04.09 08:01:04.386,0.97106,0.9712,1.10,1.00
2015.04.09 08:01:04.539,0.97104,0.9712,1.57,1.00
2015.04.09 08:01:05.400,0.97103,0.9712,1.00,1.50
2015.04.09 08:01:07.481,0.97103,0.9712,3.45,1.50
2015.04.09 08:01:07.735,0.97106,0.97123,1.10,1.87
2015.04.09 08:01:14.317,0.97105,0.97122,1.00,1.00
2015.04.09 08:01:14.773,0.97103,0.97121,1.57,1.00
2015.04.09 08:01:15.005,0.971,0.97118,1.65,1.50
2015.04.09 08:01:16.700,0.971,0.97117,1.57,1.00
2015.04.09 08:01:18.197,0.97099,0.97117,1.87,2.25
2015.04.09 08:01:19.837,0.97099,0.97117,1.50,2.40
2015.04.09 08:01:20.359,0.97099,0.97117,1.50,2.25
2015.04.09 08:01:24.440,0.971,0.97117,1.00,1.00
2015.04.09 08:01:24.897,0.97099,0.97117,1.87,1.50
2015.04.09 08:01:30.702,0.97099,0.97116,1.37,1.00
2015.04.09 08:01:34.875,0.97098,0.97115,1.47,1.00
2015.04.09 08:01:35.180,0.97097,0.9711,1.00,1.57
2015.04.09 08:01:35.231,0.97091,0.97108,1.37,1.00
2015.04.09 08:01:36.125,0.9709,0.97106,1.47,1.00
2015.04.09 08:01:37.101,0.97087,0.97098,1.37,1.00
2015.04.09 08:01:37.203,0.97082,0.97097,1.52,1.00
2015.04.09 08:01:37.305,0.97079,0.97096,1.47,1.00
2015.04.09 08:01:37.458,0.97079,0.97096,1.47,1.50
2015.04.09 08:01:37.867,0.97077,0.97095,1.47,1.50
2015.04.09 08:01:38.392,0.97077,0.97095,1.20,1.50
2015.04.09 08:01:38.444,0.97077,0.97095,1.47,1.50
2015.04.09 08:01:40.229,0.97077,0.9709,1.47,1.00
2015.04.09 08:01:40.637,0.97077,0.97095,1.65,1.00
2015.04.09 08:01:43.844,0.97079,0.97095,1.27,1.00
2015.04.09 08:01:43.895,0.97081,0.97095,2.25,1.00
2015.04.09 08:01:44.047,0.97082,0.97099,3.07,1.00
2015.04.09 08:01:44.554,0.97083,0.97099,5.25,1.00
2015.04.09 08:01:45.213,0.97085,0.97101,1.15,1.00
2015.04.09 08:01:51.215,0.97085,0.97101,1.00,1.00
2015.04.09 08:01:51.721,0.97085,0.97102,1.00,1.00
2015.04.09 08:01:56.146,0.97084,0.97102,1.10,2.25
2015.04.09 08:01:56.656,0.97082,0.971,1.95,1.00
2015.04.09 08:01:57.416,0.97082,0.971,4.95,1.00
2015.04.09 08:02:02.633,0.97085,0.97099,1.10,1.00
2015.04.09 08:02:02.735,0.97083,0.97099,1.00,1.00
2015.04.09 08:02:03.504,0.97083,0.97099,1.37,1.00
2015.04.09 08:02:04.870,0.97083,0.97098,1.37,1.00
2015.04.09 08:02:08.366,0.9708,0.97097,1.47,1.00
2015.04.09 08:02:08.468,0.9708,0.97097,1.47,1.00
2015.04.09 08:02:11.518,0.97082,0.97098,1.47,1.00
2015.04.09 08:02:12.031,0.97082,0.97097,1.47,1.00
2015.04.09 08:02:15.344,0.97084,0.97097,2.25,1.00
2015.04.09 08:02:15.497,0.97087,0.97101,1.27,1.00
2015.04.09 08:02:16.572,0.97087,0.97102,1.27,1.50
2015.04.09 08:02:16.724,0.97084,0.97101,2.02,1.00
2015.04.09 08:02:16.928,0.97082,0.97099,1.37,1.00
2015.04.09 08:02:20.129,0.97081,0.97098,1.47,1.00
2015.04.09 08:02:25.818,0.97084,0.97101,1.55,1.60
2015.04.09 08:02:25.869,0.97084,0.97091,1.37,1.10
2015.04.09 08:02:26.022,0.97074,0.97086,1.00,1.12
2015.04.09 08:02:26.073,0.97077,0.97087,1.47,1.00
2015.04.09 08:02:26.176,0.9708,0.97093,1.00,1.35
2015.04.09 08:02:26.278,0.97078,0.97093,1.00,1.00
2015.04.09 08:02:26.683,0.97077,0.97095,1.65,1.00
2015.04.09 08:02:29.277,0.97079,0.97095,1.15,1.00
2015.04.09 08:02:29.801,0.97079,0.97097,2.02,1.00
2015.04.09 08:02:29.903,0.97081,0.97097,2.32,1.00
2015.04.09 08:02:30.106,0.97081,0.97099,3.07,1.50
2015.04.09 08:02:33.332,0.97081,0.97095,3.07,1.00
2015.04.09 08:02:33.385,0.97078,0.97095,1.20,1.00
2015.04.09 08:02:33.792,0.97079,0.97097,1.00,1.00
2015.04.09 08:02:34.299,0.97079,0.97097,1.17,1.00
2015.04.09 08:02:38.828,0.97079,0.97096,1.17,1.00
2015.04.09 08:02:39.690,0.97079,0.97095,1.17,1.00
2015.04.09 08:02:40.356,0.97079,0.97096,1.17,1.00
2015.04.09 08:02:40.863,0.97079,0.97095,1.17,1.00
2015.04.09 08:02:44.144,0.97079,0.97095,1.00,1.00
2015.04.09 08:02:44.550,0.9708,0.97097,1.10,1.50
2015.04.09 08:02:44.653,0.9708,0.97095,1.10,1.00
2015.04.09 08:02:44.806,0.97077,0.97094,1.55,1.00
2015.04.09 08:02:59.164,0.97077,0.97095,1.27,1.50
2015.04.09 08:02:59.672,0.97077,0.97094,1.27,1.00
2015.04.09 08:03:02.198,0.97077,0.97095,1.55,1.50
2015.04.09 08:03:02.452,0.97079,0.97095,3.07,1.00
2015.04.09 08:03:02.503,0.97082,0.97099,1.20,1.00
2015.04.09 08:03:02.554,0.97083,0.97099,1.37,1.00
2015.04.09 08:03:06.192,0.97083,0.97099,1.37,1.00
2015.04.09 08:03:09.012,0.97083,0.97098,1.37,1.00
2015.04.09 08:03:09.525,0.97081,0.97097,1.75,1.00
2015.04.09 08:03:09.778,0.97092,0.97108,1.12,1.00
2015.04.09 08:03:09.930,0.97089,0.97107,1.10,1.00
2015.04.09 08:03:09.981,0.97088,0.97104,1.12,1.00
2015.04.09 08:03:10.488,0.97087,0.97103,1.37,1.00
2015.04.09 08:03:13.187,0.97087,0.971,1.37,1.00
2015.04.09 08:03:13.740,0.97084,0.97101,1.75,1.00
2015.04.09 08:03:14.297,0.97084,0.97101,1.75,1.17
2015.04.09 08:03:14.855,0.97084,0.97098,1.37,1.00
2015.04.09 08:03:15.261,0.97084,0.97101,1.47,1.00
2015.04.09 08:03:15.768,0.97083,0.97101,1.87,2.32
2015.04.09 08:03:16.274,0.97083,0.971,1.37,1.50
2015.04.09 08:03:17.542,0.97083,0.971,1.37,1.00
2015.04.09 08:03:18.139,0.97083,0.971,1.37,1.00
2015.04.09 08:03:19.316,0.97083,0.971,1.47,1.00
2015.04.09 08:03:21.022,0.97086,0.97101,1.37,1.10
2015.04.09 08:03:21.073,0.97088,0.97103,1.37,1.50
2015.04.09 08:03:21.580,0.97088,0.97104,1.37,1.00
2015.04.09 08:03:21.833,0.97088,0.97104,1.37,1.12
2015.04.09 08:03:21.885,0.97087,0.97101,1.50,1.00
2015.04.09 08:03:21.988,0.97086,0.97103,1.75,1.50
2015.04.09 08:03:22.039,0.97086,0.97103,1.75,1.50
2015.04.09 08:03:22.546,0.97087,0.97104,1.50,1.00
2015.04.09 08:03:23.053,0.97087,0.97104,1.50,1.00
2015.04.09 08:03:25.692,0.97087,0.97104,1.37,1.00
2015.04.09 08:03:26.532,0.97086,0.97104,2.32,1.50
2015.04.09 08:03:26.997,0.97088,0.97104,1.37,1.00
2015.04.09 08:03:27.048,0.97088,0.97106,1.87,1.57
2015.04.09 08:03:27.556,0.9709,0.97107,1.37,1.00
2015.04.09 08:03:28.492,0.97092,0.97109,1.37,1.10
2015.04.09 08:03:31.313,0.97092,0.97108,1.37,1.00
2015.04.09 08:03:35.070,0.97092,0.9711,1.37,2.32
2015.04.09 08:03:36.229,0.97091,0.97107,1.37,1.17
2015.04.09 08:03:37.222,0.97091,0.97105,1.37,1.00
2015.04.09 08:03:37.679,0.97091,0.97105,1.37,1.00
2015.04.09 08:03:37.987,0.97091,0.97107,1.37,1.65
2015.04.09 08:03:38.191,0.97091,0.97106,1.37,1.00
2015.04.09 08:03:38.242,0.97091,0.97108,1.37,1.10
2015.04.09 08:03:38.749,0.97091,0.97107,1.37,1.00
2015.04.09 08:03:39.371,0.97091,0.97107,1.75,1.37
2015.04.09 08:03:39.898,0.97091,0.97107,2.25,1.37
2015.04.09 08:03:40.202,0.97092,0.97109,1.50,1.37
2015.04.09 08:03:41.105,0.97092,0.9711,2.25,1.85
2015.04.09 08:03:41.624,0.97092,0.97107,1.50,1.37
2015.04.09 08:03:42.407,0.97091,0.97107,1.50,1.37
2015.04.09 08:03:42.509,0.97093,0.97107,1.37,1.37
2015.04.09 08:03:44.218,0.97093,0.97107,1.37,1.37
2015.04.09 08:03:50.611,0.97093,0.97107,1.37,1.37
2015.04.09 08:03:50.713,0.97093,0.97109,1.47,1.75
2015.04.09 08:03:52.027,0.97093,0.97108,1.37,1.37
2015.04.09 08:03:52.342,0.97091,0.97108,1.75,1.37
2015.04.09 08:03:52.849,0.97093,0.97107,1.37,1.37
2015.04.09 08:03:54.251,0.97093,0.97108,1.37,1.00
2015.04.09 08:03:54.302,0.97093,0.97109,1.37,1.12
2015.04.09 08:03:54.810,0.97093,0.97109,1.37,1.12
2015.04.09 08:03:55.428,0.97095,0.97109,1.37,1.37
2015.04.09 08:03:55.733,0.97095,0.97109,1.37,1.37
2015.04.09 08:03:57.124,0.97096,0.97109,1.37,1.00
2015.04.09 08:03:57.343,0.971,0.97114,1.37,1.00
2015.04.09 08:03:57.394,0.971,0.97116,1.37,1.10
2015.04.09 08:03:57.496,0.97101,0.97118,1.87,1.10
2015.04.09 08:03:58.167,0.97102,0.97117,1.37,1.00
2015.04.09 08:03:59.570,0.97102,0.97117,1.37,1.37
2015.04.09 08:04:00.113,0.97102,0.97117,1.37,1.37
2015.04.09 08:04:00.640,0.97102,0.97117,1.37,1.37
2015.04.09 08:04:03.769,0.97102,0.97119,1.37,1.55
2015.04.09 08:04:04.120,0.97108,0.97119,1.87,1.00
2015.04.09 08:04:04.172,0.97108,0.97125,1.37,1.37
2015.04.09 08:04:04.954,0.97109,0.97126,1.37,1.37
2015.04.09 08:04:05.056,0.97109,0.97126,1.37,1.37
2015.04.09 08:04:05.564,0.97109,0.97126,1.87,1.37
2015.04.09 08:04:05.667,0.97109,0.97126,1.87,1.12
2015.04.09 08:04:06.174,0.97111,0.97126,1.50,1.37
2015.04.09 08:04:07.275,0.97111,0.97126,1.50,1.37
2015.04.09 08:04:10.754,0.9711,0.97126,1.50,1.37
2015.04.09 08:04:12.682,0.9711,0.97125,1.37,1.37
2015.04.09 08:04:13.896,0.9711,0.97128,1.37,2.70
2015.04.09 08:04:14.403,0.9711,0.97128,1.37,2.32
2015.04.09 08:04:14.910,0.9711,0.97127,1.37,1.37
2015.04.09 08:04:15.165,0.9711,0.97127,1.37,1.50
2015.04.09 08:04:15.696,0.9711,0.97126,1.37,1.37
2015.04.09 08:04:16.792,0.9711,0.97127,1.37,1.37
2015.04.09 08:04:17.672,0.9711,0.97127,1.37,1.37
2015.04.09 08:04:20.884,0.9711,0.97127,1.50,2.25
2015.04.09 08:04:22.196,0.9711,0.97127,1.50,2.40
2015.04.09 08:04:25.701,0.9711,0.97126,1.50,1.45
2015.04.09 08:04:26.788,0.9711,0.97126,1.50,1.45
2015.04.09 08:04:26.840,0.9711,0.97126,1.50,1.45
2015.04.09 08:04:28.216,0.9711,0.97127,1.50,1.55
2015.04.09 08:04:28.893,0.9711,0.97127,1.50,1.55
2015.04.09 08:04:28.945,0.97113,0.97128,1.37,3.07
2015.04.09 08:04:29.250,0.97113,0.9713,1.37,2.02
2015.04.09 08:04:29.756,0.97113,0.9713,1.87,1.55
2015.04.09 08:04:31.439,0.97115,0.97131,1.50,1.52
2015.04.09 08:04:32.117,0.97115,0.97132,1.50,1.55
2015.04.09 08:04:32.358,0.97115,0.97132,1.50,1.65
2015.04.09 08:04:33.407,0.97115,0.97133,2.25,2.77
2015.04.09 08:04:33.611,0.97115,0.97132,1.75,4.20
2015.04.09 08:04:33.663,0.97115,0.9713,1.37,1.65
2015.04.09 08:04:34.242,0.97113,0.9713,1.12,2.02
2015.04.09 08:04:34.821,0.97113,0.9713,1.12,2.32
2015.04.09 08:04:36.095,0.97114,0.9713,1.00,1.75
2015.04.09 08:04:36.349,0.97114,0.97131,1.50,1.10
2015.04.09 08:04:37.725,0.97114,0.97131,1.50,1.20
2015.04.09 08:04:38.352,0.97115,0.97131,1.00,1.20
2015.04.09 08:04:38.403,0.97116,0.97133,1.37,1.27
2015.04.09 08:04:38.913,0.97117,0.97134,1.37,1.55
2015.04.09 08:04:41.682,0.97117,0.97134,1.37,1.17
2015.04.09 08:04:41.986,0.97119,0.97136,1.87,2.25
2015.04.09 08:04:42.037,0.97122,0.97137,1.00,1.17
2015.04.09 08:04:42.392,0.9712,0.97137,1.00,1.17
2015.04.09 08:04:42.899,0.9712,0.97137,1.00,1.00
2015.04.09 08:04:44.228,0.9712,0.97137,1.37,1.00
2015.04.09 08:04:45.432,0.9712,0.97137,1.37,1.57
2015.04.09 08:04:45.534,0.9712,0.97135,1.37,1.17
2015.04.09 08:04:46.400,0.9712,0.97135,1.37,3.07
2015.04.09 08:04:46.452,0.97118,0.97134,1.00,3.07
2015.04.09 08:04:46.605,0.97115,0.97132,1.12,1.17
2015.04.09 08:04:47.315,0.97115,0.97131,1.12,1.17
2015.04.09 08:04:47.822,0.97115,0.97131,1.12,1.10
2015.04.09 08:04:49.491,0.97114,0.97129,1.37,1.95
2015.04.09 08:04:49.897,0.97109,0.97125,3.00,1.00
2015.04.09 08:04:50.404,0.97109,0.97126,2.25,1.00
2015.04.09 08:04:51.859,0.97108,0.97126,1.50,1.00
2015.04.09 08:04:53.532,0.97108,0.97125,1.50,1.00
2015.04.09 08:04:55.982,0.97108,0.97126,1.57,1.10
2015.04.09 08:04:56.236,0.9711,0.97128,3.45,1.00
2015.04.09 08:04:56.743,0.9711,0.97128,1.37,1.00
2015.04.09 08:05:02.536,0.97112,0.9713,1.12,1.00
2015.04.09 08:05:05.827,0.97111,0.97129,1.47,1.00
2015.04.09 08:05:10.027,0.97112,0.9713,1.12,1.00
2015.04.09 08:05:10.536,0.97113,0.97131,1.00,1.10
2015.04.09 08:05:26.309,0.97115,0.97133,1.00,1.10
2015.04.09 08:05:29.488,0.97116,0.97134,1.10,1.10
2015.04.09 08:05:29.793,0.97122,0.97138,1.50,1.10
2015.04.09 08:05:30.098,0.97123,0.9714,1.12,1.00
2015.04.09 08:05:30.857,0.97123,0.9714,1.37,1.00
2015.04.09 08:05:31.060,0.97125,0.97142,1.12,1.00
2015.04.09 08:05:31.567,0.97126,0.97142,1.00,1.00
2015.04.09 08:05:31.922,0.97131,0.97143,1.00,1.00
2015.04.09 08:05:31.973,0.97131,0.97146,1.00,1.00
2015.04.09 08:05:32.485,0.9713,0.97147,1.10,1.50
2015.04.09 08:05:32.993,0.97128,0.97147,1.37,3.07
2015.04.09 08:05:33.501,0.97128,0.97147,1.37,3.07
2015.04.09 08:05:34.774,0.97131,0.97147,1.00,1.00
2015.04.09 08:05:35.369,0.9713,0.97147,1.12,1.10
2015.04.09 08:05:35.878,0.97131,0.97147,1.07,1.00
2015.04.09 08:05:35.929,0.97131,0.97149,1.57,1.00
2015.04.09 08:05:36.082,0.97134,0.9715,1.10,1.00
2015.04.09 08:05:36.134,0.97134,0.97152,1.57,1.00
2015.04.09 08:05:36.186,0.97134,0.97152,1.65,1.00
2015.04.09 08:05:36.745,0.97136,0.97154,1.10,2.25
2015.04.09 08:05:39.254,0.97137,0.97154,1.00,1.50
2015.04.09 08:05:39.355,0.97138,0.97156,1.00,1.57
2015.04.09 08:05:40.014,0.97139,0.97156,1.00,1.00
2015.04.09 08:05:40.520,0.97138,0.97156,1.10,1.00
2015.04.09 08:05:41.113,0.97139,0.97156,1.00,1.00
2015.04.09 08:05:41.622,0.97138,0.97156,1.10,1.00
2015.04.09 08:05:42.455,0.97138,0.97156,1.47,1.00
2015.04.09 08:05:43.215,0.97138,0.97155,1.37,1.17
2015.04.09 08:05:44.231,0.97139,0.97156,1.12,1.00
2015.04.09 08:05:44.535,0.97139,0.97158,1.87,1.00
2015.04.09 08:05:45.302,0.97139,0.97159,1.87,1.65
2015.04.09 08:05:46.063,0.97139,0.97158,1.87,1.00
2015.04.09 08:05:49.218,0.97139,0.97158,1.12,1.15
2015.04.09 08:05:49.958,0.97141,0.97159,1.00,3.82
2015.04.09 08:05:50.059,0.97142,0.9716,1.00,1.65
2015.04.09 08:05:50.313,0.97142,0.9716,1.00,1.00
2015.04.09 08:05:50.415,0.97144,0.97161,1.00,1.10
2015.04.09 08:05:50.871,0.97145,0.97163,1.00,1.10
2015.04.09 08:05:52.112,0.97145,0.97162,1.00,1.00
2015.04.09 08:05:52.621,0.97145,0.97162,1.00,1.17
2015.04.09 08:05:53.201,0.97144,0.97161,1.00,1.10
2015.04.09 08:05:54.638,0.97144,0.97161,1.00,3.07
2015.04.09 08:05:55.144,0.97143,0.9716,1.00,1.15
2015.04.09 08:05:55.906,0.97141,0.97159,1.00,1.17
2015.04.09 08:06:00.081,0.97141,0.97158,1.00,4.20
2015.04.09 08:06:00.386,0.97136,0.97152,1.00,1.00
2015.04.09 08:06:00.538,0.97137,0.97155,1.37,1.10
2015.04.09 08:06:01.400,0.97137,0.97154,1.37,1.00
2015.04.09 08:06:02.662,0.97137,0.97154,1.12,1.00
2015.04.09 08:06:03.171,0.97136,0.97153,1.12,1.10
2015.04.09 08:06:04.692,0.97136,0.97154,1.12,1.00
2015.04.09 08:06:06.359,0.97139,0.97156,1.00,1.65
2015.04.09 08:06:06.664,0.97134,0.97152,1.82,1.50
2015.04.09 08:06:10.173,0.97135,0.97153,1.37,1.57
2015.04.09 08:06:10.581,0.97137,0.97153,1.50,1.00
2015.04.09 08:06:10.632,0.97137,0.97155,1.50,1.00
2015.04.09 08:06:10.734,0.97139,0.97157,2.02,1.00
2015.04.09 08:06:12.736,0.97138,0.97156,1.57,1.00
2015.04.09 08:06:13.319,0.97138,0.97156,1.20,1.00
2015.04.09 08:06:19.746,0.97137,0.97155,2.02,1.00
2015.04.09 08:06:22.337,0.97137,0.97155,1.00,1.00
2015.04.09 08:06:25.492,0.97137,0.97151,1.00,2.62
2015.04.09 08:06:25.644,0.97136,0.97149,1.00,1.50
2015.04.09 08:06:25.695,0.97136,0.97153,1.12,1.07
2015.04.09 08:06:25.746,0.97136,0.97153,1.12,1.00
2015.04.09 08:06:26.253,0.97136,0.97156,1.57,2.32
2015.04.09 08:06:27.345,0.97136,0.97154,1.57,1.00
2015.04.09 08:06:27.650,0.97134,0.97151,1.37,1.00
2015.04.09 08:06:28.409,0.97134,0.97151,1.00,1.00
2015.04.09 08:06:32.863,0.97135,0.97153,1.10,1.50
2015.04.09 08:06:32.914,0.97135,0.97153,2.02,1.00
2015.04.09 08:06:32.965,0.97137,0.97155,1.12,1.00
2015.04.09 08:06:33.067,0.97135,0.97153,2.02,1.00
2015.04.09 08:06:33.371,0.97135,0.97153,2.02,1.00
2015.04.09 08:06:33.524,0.97136,0.97156,1.12,3.22
2015.04.09 08:06:33.626,0.97135,0.97152,1.37,1.00
2015.04.09 08:06:34.135,0.97134,0.97151,1.37,1.00
2015.04.09 08:06:35.939,0.97134,0.97151,1.37,1.00
2015.04.09 08:06:40.989,0.97134,0.97151,1.00,1.00
2015.04.09 08:06:41.497,0.97133,0.97151,1.00,1.50
2015.04.09 08:06:44.011,0.97134,0.97151,1.00,1.00
2015.04.09 08:06:44.315,0.97135,0.97153,1.17,1.50
2015.04.09 08:06:45.079,0.97139,0.97156,1.00,1.20
2015.04.09 08:06:45.691,0.9714,0.97157,1.57,1.00
2015.04.09 08:06:47.867,0.9714,0.97157,1.57,1.00
2015.04.09 08:06:48.375,0.97141,0.97158,1.00,1.00
2015.04.09 08:06:49.513,0.9714,0.97158,1.20,1.50
2015.04.09 08:06:51.660,0.9714,0.97157,1.12,1.10
2015.04.09 08:06:51.966,0.97139,0.97154,1.12,1.00
2015.04.09 08:06:52.372,0.97135,0.97153,1.37,2.32
2015.04.09 08:06:53.120,0.97134,0.97152,1.50,1.00
2015.04.09 08:06:53.832,0.97134,0.97152,1.87,1.00
2015.04.09 08:06:55.823,0.97135,0.9715,1.00,1.00
2015.04.09 08:06:56.330,0.97132,0.9715,3.37,1.17
2015.04.09 08:07:08.426,0.97133,0.97151,1.95,1.50
2015.04.09 08:07:08.477,0.97133,0.97151,1.95,1.00
2015.04.09 08:07:08.986,0.97135,0.97152,1.00,1.00
2015.04.09 08:07:09.493,0.97136,0.97154,1.12,1.65
2015.04.09 08:07:11.778,0.97135,0.97152,1.37,1.00
2015.04.09 08:07:12.365,0.97135,0.97152,1.37,1.07
2015.04.09 08:07:12.619,0.97133,0.97151,1.87,1.10
2015.04.09 08:07:13.154,0.97133,0.97151,1.87,1.10
2015.04.09 08:07:21.563,0.97135,0.9715,1.00,1.57
2015.04.09 08:07:21.867,0.97135,0.97148,1.00,1.15
2015.04.09 08:07:27.219,0.97131,0.97148,1.37,1.10
2015.04.09 08:07:27.321,0.97132,0.9715,1.37,1.50
2015.04.09 08:07:27.524,0.97132,0.9715,1.37,1.65
2015.04.09 08:07:28.032,0.97126,0.97146,2.77,1.00
2015.04.09 08:07:28.083,0.97126,0.97146,2.70,1.00
2015.04.09 08:07:29.755,0.97126,0.97146,1.57,1.57
2015.04.09 08:07:31.339,0.97126,0.97144,1.57,1.00
2015.04.09 08:07:33.797,0.97126,0.97144,1.47,1.10
2015.04.09 08:07:34.103,0.97121,0.97138,1.12,1.65
2015.04.09 08:07:34.306,0.9712,0.97138,1.37,1.15
2015.04.09 08:07:34.408,0.97118,0.97138,1.37,1.15
2015.04.09 08:07:34.460,0.97118,0.97135,1.37,1.00
2015.04.09 08:07:34.764,0.97116,0.97134,1.37,1.17
2015.04.09 08:07:35.120,0.97114,0.97131,1.37,1.10
2015.04.09 08:07:35.627,0.97113,0.97131,1.37,1.65
2015.04.09 08:07:36.287,0.97112,0.97128,1.37,1.00
2015.04.09 08:07:36.819,0.97112,0.97127,1.37,3.00
2015.04.09 08:07:37.464,0.97112,0.97126,1.37,3.00
2015.04.09 08:07:37.970,0.97112,0.97126,1.37,3.00
2015.04.09 08:07:38.477,0.97112,0.97126,1.37,3.75
2015.04.09 08:07:38.934,0.97112,0.97126,1.37,1.00
2015.04.09 08:07:40.223,0.97112,0.97128,1.37,1.50
2015.04.09 08:07:41.634,0.97112,0.97129,1.37,1.20
2015.04.09 08:07:41.685,0.97112,0.97129,1.37,1.20
2015.04.09 08:07:42.194,0.97113,0.97129,1.37,1.00
2015.04.09 08:07:43.350,0.97113,0.97129,1.37,1.00
2015.04.09 08:07:44.618,0.97113,0.97128,1.37,1.00
2015.04.09 08:07:44.922,0.97111,0.97128,1.37,1.15
2015.04.09 08:07:45.429,0.97111,0.97128,1.37,1.17
2015.04.09 08:07:50.210,0.97111,0.97128,1.37,1.10
2015.04.09 08:08:00.587,0.97112,0.97128,1.37,1.07
2015.04.09 08:08:01.094,0.97111,0.97128,1.37,1.00
2015.04.09 08:08:01.601,0.97112,0.97128,1.37,1.00
2015.04.09 08:08:02.011,0.97112,0.9713,1.87,1.00
2015.04.09 08:08:06.217,0.97112,0.9713,1.87,1.00
2015.04.09 08:08:06.977,0.97112,0.9713,1.87,1.00
2015.04.09 08:08:07.481,0.97112,0.97129,1.37,1.00
2015.04.09 08:08:07.838,0.9711,0.97127,1.37,1.00
2015.04.09 08:08:07.991,0.9711,0.97127,1.37,1.00
2015.04.09 08:08:10.084,0.9711,0.97127,1.12,1.00
2015.04.09 08:08:12.046,0.97109,0.97127,1.20,1.50
2015.04.09 08:08:16.687,0.97108,0.97127,2.40,1.50
2015.04.09 08:08:16.738,0.97111,0.97129,1.00,1.10
2015.04.09 08:08:17.612,0.97111,0.97128,1.50,1.20
2015.04.09 08:08:17.714,0.97111,0.97127,1.00,1.15
2015.04.09 08:08:17.816,0.97109,0.97128,1.95,1.00
2015.04.09 08:08:18.322,0.97109,0.97128,1.57,1.00
2015.04.09 08:08:18.716,0.97109,0.97125,1.00,1.00
2015.04.09 08:08:23.929,0.97109,0.97125,1.37,1.10
2015.04.09 08:08:24.436,0.97109,0.97126,1.37,1.00
2015.04.09 08:08:24.741,0.9711,0.97128,1.37,1.00
2015.04.09 08:08:26.191,0.97109,0.97126,1.47,1.00
2015.04.09 08:08:27.705,0.97111,0.97128,1.37,1.10
2015.04.09 08:08:28.010,0.97111,0.97126,1.37,1.00
2015.04.09 08:08:28.112,0.97111,0.97125,1.12,1.00
2015.04.09 08:08:30.543,0.97111,0.97124,1.12,1.50
2015.04.09 08:08:30.595,0.97111,0.9712,1.12,1.00
2015.04.09 08:08:30.696,0.97108,0.97122,1.37,1.00
2015.04.09 08:08:30.748,0.97107,0.97122,1.12,1.65
2015.04.09 08:08:31.305,0.97103,0.97119,1.37,1.00
2015.04.09 08:08:31.811,0.97103,0.9712,1.37,1.57
2015.04.09 08:08:32.856,0.97103,0.9712,1.37,1.57
2015.04.09 08:08:34.572,0.97099,0.97116,1.75,1.10
2015.04.09 08:08:34.876,0.97099,0.97111,1.75,1.00
2015.04.09 08:08:35.924,0.97099,0.97111,1.37,1.00
2015.04.09 08:08:37.350,0.97098,0.9711,1.50,1.00
2015.04.09 08:08:37.454,0.97099,0.9711,1.37,1.00
2015.04.09 08:08:37.606,0.97098,0.97106,1.12,1.37
2015.04.09 08:08:37.709,0.97096,0.97101,1.00,1.00
2015.04.09 08:08:37.760,0.97088,0.97101,1.12,1.00
2015.04.09 08:08:37.912,0.97087,0.97099,1.12,1.00
2015.04.09 08:08:38.470,0.97086,0.97098,2.25,1.00
2015.04.09 08:08:38.674,0.97081,0.97098,2.77,1.00
2015.04.09 08:08:38.990,0.97081,0.97096,1.87,1.00
2015.04.09 08:08:40.108,0.97081,0.97092,1.87,1.00
2015.04.09 08:08:40.211,0.97078,0.9709,1.37,1.00
2015.04.09 08:08:40.667,0.97076,0.97092,1.77,1.00
2015.04.09 08:08:40.718,0.97078,0.97097,1.57,1.00
2015.04.09 08:08:40.769,0.97081,0.97098,2.25,1.00
2015.04.09 08:08:43.800,0.97082,0.971,1.34,1.00
2015.04.09 08:08:46.519,0.97086,0.971,1.00,1.00
2015.04.09 08:08:47.250,0.97086,0.97101,1.00,1.00
2015.04.09 08:08:48.803,0.97086,0.97101,1.07,1.00
2015.04.09 08:08:49.310,0.97086,0.97101,1.00,1.00
2015.04.09 08:08:52.624,0.97092,0.97101,1.00,1.00
2015.04.09 08:08:52.725,0.97092,0.97106,1.00,1.00
2015.04.09 08:08:52.877,0.97097,0.97106,1.00,1.00
2015.04.09 08:08:52.928,0.97097,0.97111,1.50,1.00
2015.04.09 08:08:53.030,0.97098,0.97114,1.00,1.10
2015.04.09 08:08:53.283,0.971,0.97114,1.00,1.10
2015.04.09 08:08:53.588,0.97102,0.97114,1.37,1.00
2015.04.09 08:08:53.791,0.97102,0.97116,1.37,1.10
2015.04.09 08:08:54.404,0.97102,0.97116,1.37,1.00
2015.04.09 08:08:54.455,0.97102,0.9712,1.37,3.90
2015.04.09 08:08:55.926,0.97104,0.9712,1.37,1.65
2015.04.09 08:08:56.802,0.97104,0.9712,1.37,1.00
2015.04.09 08:08:57.309,0.97104,0.9712,1.37,2.40
2015.04.09 08:08:59.600,0.97102,0.97119,1.37,1.15
2015.04.09 08:09:03.161,0.97104,0.97119,1.37,1.10
2015.04.09 08:09:03.758,0.97104,0.97119,1.37,1.00
2015.04.09 08:09:04.259,0.97103,0.9712,1.37,1.00
2015.04.09 08:09:06.548,0.97107,0.9712,3.07,1.00
2015.04.09 08:09:06.700,0.97112,0.97129,1.12,1.00
2015.04.09 08:09:06.802,0.97109,0.97127,1.47,1.00
2015.04.09 08:09:07.106,0.97107,0.97124,1.37,1.00
2015.04.09 08:09:09.671,0.97107,0.97122,1.37,1.00
2015.04.09 08:09:11.778,0.97106,0.97122,1.37,1.50
2015.04.09 08:09:12.899,0.97104,0.97122,1.87,2.25
2015.04.09 08:09:12.950,0.97102,0.97119,1.55,1.00
2015.04.09 08:09:23.520,0.97102,0.97117,1.37,1.00
2015.04.09 08:09:23.775,0.97109,0.97125,1.52,1.00
2015.04.09 08:09:23.877,0.97109,0.97124,1.00,1.00
2015.04.09 08:09:23.979,0.97109,0.97121,1.00,1.00
2015.04.09 08:09:24.182,0.97106,0.97124,1.10,1.00
2015.04.09 08:09:24.233,0.97106,0.97124,1.55,1.00
2015.04.09 08:09:24.575,0.97105,0.97122,4.20,1.00
2015.04.09 08:09:28.792,0.97106,0.97124,1.15,1.00
2015.04.09 08:09:35.356,0.97107,0.97124,1.55,1.00
2015.04.09 08:09:37.413,0.97107,0.97125,4.20,1.00
2015.04.09 08:09:42.648,0.97109,0.97127,1.55,1.00
2015.04.09 08:09:43.155,0.9711,0.97128,2.77,1.00
2015.04.09 08:09:47.957,0.97112,0.9713,1.12,1.00
2015.04.09 08:09:48.008,0.97112,0.9713,1.95,1.00
2015.04.09 08:09:48.518,0.97114,0.97132,1.57,1.00
2015.04.09 08:09:49.278,0.97114,0.97132,1.95,1.00
2015.04.09 08:09:49.583,0.97124,0.9714,1.10,1.00
2015.04.09 08:09:49.887,0.97127,0.97143,1.17,1.00
2015.04.09 08:09:50.141,0.97126,0.97143,1.00,1.00
2015.04.09 08:09:50.648,0.97125,0.97143,1.65,1.00
2015.04.09 08:09:51.870,0.97127,0.97143,1.00,1.00
2015.04.09 08:09:52.124,0.97132,0.9715,1.10,1.00
2015.04.09 08:09:52.633,0.97132,0.9715,1.47,1.00
2015.04.09 08:09:53.141,0.97133,0.9715,1.45,1.00
2015.04.09 08:09:54.554,0.97132,0.9715,1.95,1.00
2015.04.09 08:09:57.865,0.97133,0.97151,1.87,1.00
2015.04.09 08:09:57.916,0.97133,0.97151,1.95,1.00
2015.04.09 08:09:58.221,0.97137,0.97153,1.07,1.00
2015.04.09 08:09:58.272,0.97137,0.97155,1.15,1.00
2015.04.09 08:09:58.424,0.97144,0.97155,1.10,1.00
2015.04.09 08:09:58.526,0.97144,0.97159,1.10,1.00
2015.04.09 08:09:58.628,0.97144,0.97161,1.10,1.00
2015.04.09 08:09:59.287,0.97144,0.97161,1.47,1.00
2015.04.09 08:10:02.282,0.97144,0.97161,1.65,1.00
2015.04.09 08:10:12.180,0.97143,0.97161,4.20,1.00
2015.04.09 08:10:13.041,0.97142,0.9716,1.55,1.00
2015.04.09 08:10:13.347,0.97142,0.9716,1.37,1.07
2015.04.09 08:10:13.398,0.97142,0.9716,1.37,1.00
2015.04.09 08:10:13.703,0.9714,0.97158,1.37,1.00
2015.04.09 08:10:14.007,0.97139,0.97156,1.47,1.00
2015.04.09 08:10:14.311,0.97139,0.97156,1.47,1.00
2015.04.09 08:10:18.658,0.97138,0.97156,1.95,1.00
2015.04.09 08:10:18.964,0.97138,0.97154,1.45,1.00
2015.04.09 08:10:19.319,0.97137,0.97155,1.37,1.10
2015.04.09 08:10:20.183,0.97136,0.97153,1.87,1.00
2015.04.09 08:10:20.487,0.97134,0.97151,1.37,1.00
2015.04.09 08:10:20.538,0.97133,0.97151,2.70,1.00
2015.04.09 08:10:21.197,0.97133,0.97151,3.45,1.00
2015.04.09 08:10:21.299,0.97136,0.97152,1.37,1.00
2015.04.09 08:10:21.654,0.97134,0.97151,1.55,1.00
2015.04.09 08:10:26.355,0.97134,0.97151,1.37,1.00
2015.04.09 08:10:27.902,0.97139,0.97153,1.47,1.00
2015.04.09 08:10:28.004,0.97139,0.97154,1.95,1.00
2015.04.09 08:10:28.106,0.97138,0.97156,1.37,1.00
2015.04.09 08:10:28.259,0.97142,0.97156,1.00,1.00
2015.04.09 08:10:28.411,0.97145,0.97163,1.17,1.00
2015.04.09 08:10:31.678,0.97145,0.97163,1.27,1.00
2015.04.09 08:10:31.931,0.97147,0.97165,1.17,1.00
2015.04.09 08:10:32.439,0.97147,0.97165,1.00,1.00
2015.04.09 08:10:58.489,0.97147,0.97165,1.95,1.00
2015.04.09 08:11:00.660,0.97149,0.97166,1.20,1.00
2015.04.09 08:11:01.470,0.97149,0.97166,1.47,1.00
2015.04.09 08:11:02.213,0.97151,0.97167,1.57,1.00
2015.04.09 08:11:02.517,0.97151,0.97167,1.57,1.00
2015.04.09 08:11:03.075,0.97153,0.9717,1.37,1.00
2015.04.09 08:11:07.808,0.97154,0.97172,1.95,1.00
2015.04.09 08:11:07.910,0.97158,0.97175,1.07,1.10
2015.04.09 08:11:08.214,0.9716,0.97176,1.07,1.00
2015.04.09 08:11:08.366,0.9716,0.97178,1.65,1.00
2015.04.09 08:11:09.120,0.97168,0.97179,1.00,1.00
2015.04.09 08:11:09.222,0.97168,0.97182,1.00,1.00
2015.04.09 08:11:09.374,0.97166,0.97181,1.00,1.00
2015.04.09 08:11:09.892,0.97165,0.97181,1.20,1.00
2015.04.09 08:11:10.398,0.97164,0.97182,1.55,1.00
2015.04.09 08:11:11.095,0.97167,0.97185,1.00,1.20
2015.04.09 08:11:11.147,0.9717,0.97185,1.00,1.20
2015.04.09 08:11:11.453,0.97166,0.97183,1.00,1.00
2015.04.09 08:11:11.961,0.97165,0.97183,1.20,1.00
2015.04.09 08:11:12.470,0.97165,0.97183,2.32,1.00
2015.04.09 08:11:15.830,0.97166,0.97184,1.95,1.00
2015.04.09 08:11:16.134,0.97166,0.97184,4.57,1.00
2015.04.09 08:11:16.489,0.97168,0.97186,1.00,1.00
2015.04.09 08:11:16.996,0.97167,0.97185,1.95,1.00
2015.04.09 08:11:18.928,0.97167,0.97185,2.70,1.00
2015.04.09 08:11:19.029,0.97169,0.97187,1.57,1.00
2015.04.09 08:11:30.925,0.97169,0.97187,1.17,1.00
2015.04.09 08:11:31.439,0.97169,0.97187,1.65,1.00
2015.04.09 08:11:36.646,0.97169,0.97186,1.23,1.00
2015.04.09 08:11:37.003,0.97168,0.97186,1.73,1.00
2015.04.09 08:11:37.548,0.97168,0.97186,1.73,1.00
2015.04.09 08:11:49.257,0.97168,0.97186,1.65,1.00
2015.04.09 08:11:49.915,0.97168,0.97186,1.57,1.00
2015.04.09 08:11:50.422,0.97167,0.97185,1.47,1.50
2015.04.09 08:11:50.473,0.97165,0.97183,1.52,1.00
2015.04.09 08:11:52.686,0.97163,0.97183,1.45,1.07
2015.04.09 08:11:53.919,0.97164,0.97181,1.37,1.00
2015.04.09 08:12:00.764,0.97164,0.97181,1.37,1.57
2015.04.09 08:12:01.274,0.97163,0.9718,1.37,1.17
2015.04.09 08:12:01.629,0.97163,0.9718,1.37,1.17
2015.04.09 08:12:02.140,0.97163,0.9718,1.37,1.00
2015.04.09 08:12:12.941,0.97163,0.9718,1.37,1.00
2015.04.09 08:12:14.810,0.97161,0.97178,1.47,1.00
2015.04.09 08:12:18.235,0.97161,0.97178,1.10,1.00
2015.04.09 08:12:34.357,0.97159,0.97175,1.52,1.00
2015.04.09 08:12:34.661,0.9716,0.97173,1.17,1.00
2015.04.09 08:12:35.604,0.9716,0.97172,1.00,1.00
2015.04.09 08:12:35.706,0.97153,0.97168,2.02,1.00
2015.04.09 08:12:37.544,0.97155,0.97166,1.10,1.00
2015.04.09 08:12:38.050,0.97153,0.97166,1.47,1.00
2015.04.09 08:12:39.449,0.97153,0.97166,1.10,1.00
2015.04.09 08:12:39.551,0.97161,0.97168,1.12,1.00
2015.04.09 08:12:39.602,0.97161,0.97168,1.50,1.00
2015.04.09 08:12:39.653,0.97161,0.97173,1.50,1.00
2015.04.09 08:12:39.755,0.97154,0.97169,1.95,1.00
2015.04.09 08:12:40.268,0.97154,0.97168,1.20,1.00
2015.04.09 08:12:40.500,0.97153,0.97168,1.55,1.00
2015.04.09 08:12:48.280,0.97153,0.97168,1.55,1.00
2015.04.09 08:12:53.461,0.97154,0.97168,1.47,1.00
2015.04.09 08:12:56.493,0.97154,0.97168,1.47,1.00
2015.04.09 08:13:02.468,0.97153,0.97168,1.55,1.00
2015.04.09 08:13:04.933,0.97156,0.97169,1.55,1.00
2015.04.09 08:13:05.034,0.97156,0.97171,1.55,1.00
2015.04.09 08:13:06.797,0.97156,0.97169,1.47,1.00
2015.04.09 08:13:07.202,0.97155,0.97168,1.37,1.50
2015.04.09 08:13:07.709,0.97155,0.97167,1.37,1.00
2015.04.09 08:13:11.563,0.97155,0.97167,1.37,1.00
2015.04.09 08:13:13.740,0.97153,0.97166,1.47,1.00
2015.04.09 08:13:15.639,0.97153,0.97164,1.37,1.00
2015.04.09 08:13:15.791,0.97153,0.97164,1.37,1.00
2015.04.09 08:13:18.637,0.97153,0.97164,1.37,1.00
2015.04.09 08:13:23.357,0.97153,0.97164,1.37,1.00
2015.04.09 08:13:25.176,0.97151,0.97165,1.37,1.00
2015.04.09 08:13:25.227,0.97149,0.97162,2.77,1.00
2015.04.09 08:13:25.279,0.97149,0.97157,1.87,1.00
2015.04.09 08:13:25.533,0.97141,0.97153,2.70,1.00
2015.04.09 08:13:25.635,0.97141,0.97151,1.95,1.00
2015.04.09 08:13:25.686,0.97141,0.97151,1.50,1.00
2015.04.09 08:13:25.737,0.97137,0.97148,1.52,1.00
2015.04.09 08:13:25.991,0.97135,0.97147,1.37,1.00
2015.04.09 08:13:26.093,0.97135,0.97147,1.37,1.00
2015.04.09 08:13:26.347,0.97133,0.97148,1.37,1.00
2015.04.09 08:13:26.662,0.97131,0.97148,1.57,1.00
2015.04.09 08:13:27.199,0.97131,0.97148,1.82,1.00
2015.04.09 08:13:27.951,0.97131,0.97148,1.82,1.00
2015.04.09 08:13:31.431,0.9713,0.97146,1.65,1.00
2015.04.09 08:13:33.091,0.9713,0.97143,1.57,1.00
2015.04.09 08:13:33.142,0.97129,0.97142,1.75,1.00
2015.04.09 08:13:33.193,0.97129,0.97139,1.75,1.00
2015.04.09 08:13:33.497,0.97125,0.97137,1.37,1.00
2015.04.09 08:13:34.004,0.97124,0.97137,1.65,1.00
2015.04.09 08:13:34.208,0.97126,0.9714,1.52,1.00
2015.04.09 08:13:34.411,0.97127,0.97143,1.55,1.00
2015.04.09 08:13:34.977,0.97127,0.97141,1.55,1.00
2015.04.09 08:13:36.643,0.97127,0.9714,1.55,1.00
2015.04.09 08:13:37.237,0.97127,0.9714,1.55,1.00
2015.04.09 08:13:37.745,0.97127,0.9714,1.55,1.00
2015.04.09 08:13:43.855,0.97127,0.97139,1.55,1.00
2015.04.09 08:13:43.907,0.97127,0.97138,1.47,1.00
2015.04.09 08:13:44.059,0.97123,0.97138,3.07,1.00
2015.04.09 08:13:44.363,0.97129,0.97142,1.47,1.00
2015.04.09 08:13:44.921,0.97129,0.97142,1.47,1.00
2015.04.09 08:13:45.124,0.97127,0.97142,2.32,1.00
2015.04.09 08:13:45.580,0.97128,0.97142,1.37,1.00
2015.04.09 08:13:46.440,0.97127,0.97142,2.32,1.00
2015.04.09 08:13:46.896,0.97128,0.97142,1.37,1.00
2015.04.09 08:13:56.560,0.97126,0.97139,2.77,1.00
2015.04.09 08:13:57.075,0.97126,0.97138,1.87,1.00
2015.04.09 08:14:01.378,0.97131,0.97139,1.37,1.00
2015.04.09 08:14:04.830,0.97131,0.97139,1.37,1.00
2015.04.09 08:14:06.559,0.9713,0.9714,1.37,1.00
2015.04.09 08:14:07.914,0.9713,0.9714,1.37,1.00
2015.04.09 08:14:08.423,0.97131,0.97141,1.37,1.00
2015.04.09 08:14:10.284,0.97131,0.9714,1.37,1.00
2015.04.09 08:14:10.588,0.9713,0.97138,1.47,1.00
2015.04.09 08:14:13.371,0.9713,0.97138,1.10,1.00
2015.04.09 08:14:18.552,0.97127,0.97137,1.55,1.00
2015.04.09 08:14:26.070,0.97127,0.97139,1.55,1.00
2015.04.09 08:14:27.901,0.97126,0.97135,1.37,1.00
2015.04.09 08:14:28.205,0.97126,0.97138,1.47,1.00
2015.04.09 08:14:40.970,0.97123,0.97135,1.92,1.00
2015.04.09 08:14:41.021,0.97121,0.97135,5.32,1.00
2015.04.09 08:14:41.072,0.97121,0.97133,1.45,1.00
2015.04.09 08:14:41.377,0.97126,0.97136,1.37,1.00
2015.04.09 08:14:41.428,0.97126,0.97138,1.37,1.00
2015.04.09 08:14:47.451,0.97128,0.9714,1.37,1.00
2015.04.09 08:14:48.156,0.97128,0.9714,1.87,1.00
2015.04.09 08:14:48.360,0.97137,0.97147,1.00,1.00
2015.04.09 08:14:49.150,0.97135,0.97147,1.12,1.00
2015.04.09 08:14:51.188,0.97135,0.97147,2.70,1.00
2015.04.09 08:14:51.695,0.97138,0.97148,1.00,1.00
2015.04.09 08:14:52.303,0.9714,0.9715,1.00,1.00
2015.04.09 08:14:52.608,0.97142,0.97152,1.37,1.00
2015.04.09 08:14:52.660,0.97142,0.97155,1.37,1.00
2015.04.09 08:14:54.608,0.97145,0.97156,1.87,1.00
2015.04.09 08:14:55.298,0.97145,0.97156,1.37,1.00
2015.04.09 08:14:56.473,0.97147,0.97157,1.50,1.00
2015.04.09 08:14:56.977,0.97148,0.97157,1.00,1.00
2015.04.09 08:14:57.485,0.97151,0.97159,1.00,1.00
2015.04.09 08:14:57.790,0.97149,0.97158,1.00,1.00
2015.04.09 08:14:59.137,0.97149,0.9716,1.10,1.00
2015.04.09 08:14:59.339,0.97149,0.97163,1.00,1.00
2015.04.09 08:14:59.796,0.97151,0.97163,1.00,1.00
2015.04.09 08:15:00.253,0.97149,0.97163,1.00,1.00
2015.04.09 08:15:06.607,0.97151,0.97163,1.00,1.00
2015.04.09 08:15:06.911,0.97149,0.97161,3.00,1.00
2015.04.09 08:15:07.419,0.97148,0.9716,3.00,1.00
2015.04.09 08:15:07.723,0.97147,0.97158,3.00,1.00
2015.04.09 08:15:08.050,0.97144,0.97157,3.00,1.00
2015.04.09 08:15:09.050,0.97141,0.97157,1.95,1.00
2015.04.09 08:15:10.284,0.9714,0.97157,1.87,1.00
2015.04.09 08:15:10.335,0.97142,0.97154,1.12,1.00
2015.04.09 08:15:10.843,0.97142,0.97153,1.00,1.00
2015.04.09 08:15:11.366,0.97139,0.97152,1.37,1.00
2015.04.09 08:15:15.595,0.97138,0.9715,1.00,1.00
2015.04.09 08:15:15.647,0.97131,0.97148,2.40,1.00
2015.04.09 08:15:16.055,0.97131,0.97144,1.45,1.00
2015.04.09 08:15:16.359,0.97127,0.97142,1.37,1.00
2015.04.09 08:15:16.563,0.97127,0.97142,1.37,1.00
2015.04.09 08:15:20.120,0.97127,0.9714,1.37,1.00
2015.04.09 08:15:20.171,0.97124,0.9714,1.47,1.00
2015.04.09 08:15:20.223,0.97124,0.97138,1.47,1.00
2015.04.09 08:15:20.274,0.97124,0.97138,1.22,1.00
2015.04.09 08:15:20.782,0.97124,0.97138,1.30,1.00
2015.04.09 08:15:21.288,0.97124,0.97138,1.20,1.00
2015.04.09 08:15:22.244,0.97124,0.9714,1.20,1.00
2015.04.09 08:15:23.258,0.97124,0.9714,1.47,1.00
2015.04.09 08:15:28.368,0.97126,0.97139,1.37,1.00
2015.04.09 08:15:28.617,0.97123,0.97139,1.37,1.00
2015.04.09 08:15:28.719,0.97121,0.97136,1.57,1.00
2015.04.09 08:15:28.770,0.97121,0.97136,1.57,1.00
2015.04.09 08:15:28.923,0.97119,0.97134,1.37,1.00
2015.04.09 08:15:31.516,0.9712,0.97134,1.37,1.00
2015.04.09 08:15:31.668,0.9712,0.97137,4.20,1.00
2015.04.09 08:15:31.820,0.97125,0.97138,1.00,1.00
2015.04.09 08:15:32.377,0.97125,0.97134,1.00,1.37
2015.04.09 08:15:32.479,0.97118,0.97135,2.02,1.00
2015.04.09 08:15:32.580,0.97121,0.97133,1.47,1.00
2015.04.09 08:15:32.682,0.97121,0.97136,1.55,1.00
2015.04.09 08:15:33.189,0.97121,0.97136,1.55,1.00
2015.04.09 08:15:33.740,0.97121,0.97137,1.47,1.00
2015.04.09 08:15:34.248,0.97124,0.97137,1.00,1.00
2015.04.09 08:15:34.452,0.97125,0.97139,1.20,1.00
2015.04.09 08:15:35.740,0.97125,0.97141,1.20,1.00
2015.04.09 08:15:36.891,0.97127,0.97141,1.00,1.00
2015.04.09 08:15:39.864,0.97126,0.97141,1.00,1.00
2015.04.09 08:15:40.372,0.97125,0.97141,1.00,1.00
2015.04.09 08:15:43.647,0.97126,0.97141,1.00,1.00
2015.04.09 08:15:44.457,0.97128,0.97141,1.50,1.00
2015.04.09 08:15:44.812,0.97126,0.97141,1.00,1.00
2015.04.09 08:15:51.253,0.97126,0.9714,1.00,1.00
2015.04.09 08:15:59.960,0.97126,0.97139,1.10,1.00
2015.04.09 08:16:00.468,0.97126,0.97138,1.00,1.00
2015.04.09 08:16:12.951,0.97123,0.97138,1.10,1.50
2015.04.09 08:16:13.053,0.97123,0.97135,1.00,1.00
2015.04.09 08:16:13.560,0.97123,0.97134,1.00,1.00
2015.04.09 08:16:14.066,0.97123,0.9713,1.00,1.00
2015.04.09 08:16:14.168,0.97118,0.97132,1.55,1.00
2015.04.09 08:16:14.977,0.97118,0.97132,1.00,1.00
2015.04.09 08:16:15.642,0.97118,0.97133,1.12,1.00
2015.04.09 08:16:15.796,0.97123,0.97134,1.00,1.00
2015.04.09 08:16:15.898,0.97123,0.97137,1.00,1.00
2015.04.09 08:16:16.456,0.97124,0.97137,1.10,1.00
2015.04.09 08:16:19.632,0.97124,0.97138,1.10,1.00
2015.04.09 08:16:19.886,0.97125,0.97138,1.17,1.00
2015.04.09 08:16:20.544,0.97125,0.97138,1.00,1.00
2015.04.09 08:16:24.810,0.97124,0.97138,1.00,1.00
2015.04.09 08:16:29.781,0.97124,0.97136,1.00,1.00
2015.04.09 08:16:29.935,0.97121,0.97135,1.37,1.00
2015.04.09 08:16:30.442,0.97121,0.97134,1.37,1.00
2015.04.09 08:16:34.807,0.97121,0.97132,1.37,1.50
2015.04.09 08:16:34.858,0.97119,0.97132,1.20,1.50
2015.04.09 08:16:35.314,0.97119,0.97132,1.37,1.00
2015.04.09 08:16:35.517,0.97119,0.97132,1.00,1.00
2015.04.09 08:16:36.090,0.97119,0.97133,1.00,1.00
2015.04.09 08:16:37.683,0.97119,0.97134,1.00,1.50
2015.04.09 08:16:39.803,0.97118,0.97134,1.12,1.50
2015.04.09 08:16:40.107,0.97118,0.97132,1.12,1.00
2015.04.09 08:16:41.496,0.97118,0.9713,1.00,1.00
2015.04.09 08:16:41.648,0.97116,0.9713,1.20,1.00
2015.04.09 08:16:42.157,0.97116,0.97129,1.12,1.00
2015.04.09 08:16:42.920,0.97116,0.9713,1.12,1.00
2015.04.09 08:16:42.971,0.97118,0.9713,1.00,1.00
2015.04.09 08:16:45.528,0.97118,0.97128,1.00,1.00
2015.04.09 08:16:46.035,0.97116,0.97131,1.37,1.50
2015.04.09 08:16:46.391,0.97117,0.97131,1.47,1.50
2015.04.09 08:16:46.704,0.97121,0.97133,1.00,1.00
2015.04.09 08:16:47.211,0.97121,0.97133,1.17,1.00
2015.04.09 08:16:47.764,0.97121,0.97136,1.15,1.50
2015.04.09 08:16:48.473,0.97121,0.97137,1.15,1.00
2015.04.09 08:16:49.336,0.97121,0.97135,1.65,1.00
2015.04.09 08:16:53.525,0.9712,0.97133,2.70,1.00
2015.04.09 08:16:53.576,0.97119,0.97133,1.65,1.00
2015.04.09 08:16:55.752,0.97118,0.97131,3.45,1.00
2015.04.09 08:16:56.323,0.97118,0.97131,1.27,1.00
2015.04.09 08:16:57.358,0.97118,0.97131,1.55,1.00
2015.04.09 08:16:58.974,0.97118,0.97131,1.10,1.00
2015.04.09 08:17:00.576,0.97117,0.97129,1.17,1.00
2015.04.09 08:17:00.907,0.97117,0.97125,1.00,1.00
2015.04.09 08:17:05.147,0.97112,0.97121,1.37,1.00
2015.04.09 08:17:05.249,0.9711,0.97121,1.50,1.00
2015.04.09 08:17:05.351,0.97105,0.97118,1.20,1.00
2015.04.09 08:17:05.503,0.97105,0.97118,1.57,1.00
2015.04.09 08:17:06.316,0.97105,0.97118,1.57,1.00
2015.04.09 08:17:08.646,0.97105,0.97118,1.57,1.50
2015.04.09 08:17:12.277,0.97103,0.97117,1.92,1.00
2015.04.09 08:17:15.378,0.97103,0.97118,1.90,1.50
2015.04.09 08:17:17.785,0.97103,0.97118,1.15,1.00
2015.04.09 08:17:22.465,0.97106,0.97118,1.00,1.50
2015.04.09 08:17:22.618,0.97106,0.97118,1.15,1.50
2015.04.09 08:17:23.328,0.9711,0.97118,1.00,1.00
2015.04.09 08:17:23.633,0.97108,0.97118,1.10,1.00
2015.04.09 08:17:23.734,0.9711,0.97118,1.00,1.00
2015.04.09 08:17:24.864,0.97109,0.97118,1.00,1.00
2015.04.09 08:17:25.523,0.97109,0.97119,1.10,1.00
2015.04.09 08:17:29.958,0.97107,0.97119,1.10,1.00
2015.04.09 08:17:30.467,0.97107,0.97118,1.10,1.00
2015.04.09 08:17:31.734,0.97106,0.97118,2.02,1.00
2015.04.09 08:17:40.474,0.97106,0.97119,2.02,1.00
2015.04.09 08:17:43.347,0.97107,0.97118,1.47,1.00
2015.04.09 08:17:44.617,0.97109,0.97118,1.00,1.00
2015.04.09 08:17:47.111,0.9711,0.97118,1.00,1.00
2015.04.09 08:17:47.618,0.97109,0.97119,1.20,1.00
2015.04.09 08:17:48.124,0.9711,0.97119,1.00,1.00
2015.04.09 08:17:49.522,0.97109,0.97119,1.20,1.00
2015.04.09 08:17:49.623,0.97111,0.97119,1.00,1.00
2015.04.09 08:17:49.826,0.97114,0.97124,1.00,1.00
2015.04.09 08:17:50.080,0.97114,0.97126,1.00,1.00
2015.04.09 08:17:50.182,0.97117,0.97126,1.50,1.00
2015.04.09 08:17:50.486,0.97117,0.97127,1.17,1.00
2015.04.09 08:17:50.842,0.97117,0.97129,1.65,1.00
2015.04.09 08:17:53.282,0.97121,0.97129,2.25,1.00
2015.04.09 08:17:53.333,0.97125,0.97131,1.00,1.00
2015.04.09 08:17:53.434,0.97128,0.97141,1.00,1.00
2015.04.09 08:17:53.485,0.97128,0.97137,1.10,1.00
2015.04.09 08:17:53.637,0.97131,0.97138,1.00,1.00
2015.04.09 08:17:53.790,0.97134,0.97145,1.20,1.00
2015.04.09 08:17:53.992,0.97134,0.97142,1.57,1.00
2015.04.09 08:17:54.449,0.97134,0.97149,1.57,1.50
2015.04.09 08:17:56.433,0.97134,0.97149,2.32,1.50
2015.04.09 08:17:56.839,0.97134,0.97145,1.00,1.00
2015.04.09 08:17:56.890,0.97131,0.97144,1.07,1.00
2015.04.09 08:17:57.397,0.97131,0.97144,1.10,1.00
2015.04.09 08:17:59.073,0.97133,0.97144,1.00,1.00
2015.04.09 08:17:59.329,0.97139,0.97151,1.10,1.00
2015.04.09 08:17:59.684,0.97143,0.97151,1.00,1.00
2015.04.09 08:17:59.837,0.97143,0.97155,1.65,1.00
2015.04.09 08:18:00.344,0.97143,0.97156,1.15,1.00
2015.04.09 08:18:04.216,0.97141,0.97156,2.02,1.00
2015.04.09 08:18:10.023,0.97144,0.97156,1.00,1.12
2015.04.09 08:18:10.581,0.97143,0.97157,1.65,1.00
2015.04.09 08:18:12.243,0.97145,0.97157,1.00,1.00
2015.04.09 08:18:12.295,0.97146,0.97159,1.12,1.50
2015.04.09 08:18:12.346,0.97147,0.97159,1.17,1.00
2015.04.09 08:18:12.398,0.97149,0.97162,1.10,1.37
2015.04.09 08:18:12.449,0.97152,0.97163,1.15,1.00
2015.04.09 08:18:12.500,0.97153,0.97169,1.17,1.37
2015.04.09 08:18:12.551,0.97156,0.97169,1.00,1.00
2015.04.09 08:18:12.602,0.97156,0.97172,1.00,1.00
2015.04.09 08:18:12.653,0.97156,0.97172,1.65,1.00
2015.04.09 08:18:12.958,0.97161,0.97174,1.00,1.00
2015.04.09 08:18:13.894,0.9716,0.97174,1.00,1.00
2015.04.09 08:18:14.401,0.97159,0.97174,1.12,1.00
2015.04.09 08:18:14.909,0.9716,0.97174,1.00,1.00
2015.04.09 08:18:15.873,0.97159,0.97174,1.20,1.00
2015.04.09 08:18:16.380,0.97159,0.97174,1.37,1.00
2015.04.09 08:18:17.729,0.97161,0.97174,1.00,1.00
2015.04.09 08:18:19.180,0.97162,0.97174,1.00,1.00
2015.04.09 08:18:21.069,0.97163,0.97176,1.00,1.00
2015.04.09 08:18:21.171,0.97171,0.97178,1.00,1.00
2015.04.09 08:18:21.272,0.97171,0.97183,1.10,1.00
2015.04.09 08:18:21.374,0.97173,0.97185,1.00,1.00
2015.04.09 08:18:21.882,0.97173,0.97184,1.37,1.00
2015.04.09 08:18:22.541,0.97173,0.97184,1.00,1.00
2015.04.09 08:18:23.163,0.97173,0.97182,1.00,1.00
2015.04.09 08:18:23.366,0.97171,0.97182,1.20,1.00
2015.04.09 08:18:23.771,0.97173,0.97182,1.00,1.00
2015.04.09 08:18:24.396,0.97172,0.97183,1.00,1.00
2015.04.09 08:18:24.903,0.97171,0.97183,1.10,1.00
2015.04.09 08:18:25.461,0.9717,0.97183,1.10,1.00
2015.04.09 08:18:25.614,0.97164,0.9718,1.52,1.00
2015.04.09 08:18:31.448,0.97166,0.9718,1.47,1.00
2015.04.09 08:18:31.956,0.97166,0.9718,1.10,1.00
2015.04.09 08:18:32.057,0.97168,0.97181,1.00,1.00
2015.04.09 08:18:32.159,0.97168,0.97183,1.00,1.00
2015.04.09 08:18:32.615,0.9717,0.97185,1.00,1.50
2015.04.09 08:18:34.488,0.97169,0.97185,1.10,1.50
2015.04.09 08:18:44.894,0.97168,0.97185,1.17,1.50
2015.04.09 08:19:00.273,0.97168,0.97185,1.52,1.00
2015.04.09 08:19:00.627,0.97168,0.97185,1.52,1.00
2015.04.09 08:19:00.882,0.97167,0.97182,1.37,1.00
2015.04.09 08:19:01.405,0.97164,0.97181,2.02,1.00
2015.04.09 08:19:02.035,0.97164,0.97181,2.02,1.00
2015.04.09 08:19:03.690,0.97164,0.97181,2.02,1.00
2015.04.09 08:19:04.197,0.97164,0.97181,2.02,1.00
2015.04.09 08:19:07.447,0.97164,0.97181,2.02,1.00
2015.04.09 08:19:07.958,0.97164,0.97181,2.02,1.00
2015.04.09 08:19:09.020,0.97164,0.9718,1.52,1.00
2015.04.09 08:19:09.527,0.97164,0.9718,1.10,1.00
2015.04.09 08:19:11.666,0.97163,0.9718,1.10,1.00
2015.04.09 08:19:12.910,0.9716,0.97179,1.65,1.12
2015.04.09 08:19:12.961,0.9716,0.97171,1.15,1.00
2015.04.09 08:19:13.012,0.97155,0.9717,1.00,1.00
2015.04.09 08:19:13.063,0.97155,0.97168,1.00,1.00
2015.04.09 08:19:13.266,0.97153,0.97168,1.00,1.00
2015.04.09 08:19:13.317,0.97153,0.9717,1.00,1.00
2015.04.09 08:19:13.521,0.97155,0.97172,1.00,1.00
2015.04.09 08:19:15.250,0.97155,0.97172,1.47,1.00
2015.04.09 08:19:16.542,0.97155,0.97172,1.10,1.00
2015.04.09 08:19:19.825,0.97156,0.97172,1.00,1.00
2015.04.09 08:19:20.130,0.97157,0.97174,1.57,1.00
2015.04.09 08:19:20.434,0.97156,0.97172,1.27,1.00
2015.04.09 08:19:20.536,0.97156,0.97172,1.00,1.00
2015.04.09 08:19:21.812,0.97156,0.97172,1.07,1.00
2015.04.09 08:19:25.554,0.97156,0.97173,1.65,1.00
2015.04.09 08:19:26.082,0.97156,0.97172,1.65,1.00
2015.04.09 08:19:26.289,0.97156,0.97174,1.65,1.00
2015.04.09 08:19:26.542,0.97156,0.97172,1.17,1.00
2015.04.09 08:19:30.819,0.97159,0.97175,1.00,1.00
2015.04.09 08:19:30.921,0.9716,0.97177,1.50,1.20
2015.04.09 08:19:30.972,0.97161,0.97177,1.15,1.00
2015.04.09 08:19:31.217,0.97163,0.9718,1.10,1.12
2015.04.09 08:19:31.268,0.97162,0.9718,3.07,1.12
2015.04.09 08:19:32.130,0.97164,0.97181,1.65,1.00
2015.04.09 08:19:32.636,0.97164,0.97181,2.40,1.00
2015.04.09 08:19:34.881,0.97165,0.97182,1.15,1.12
2015.04.09 08:19:35.743,0.97166,0.97183,1.20,1.00
2015.04.09 08:19:37.998,0.97166,0.97183,1.20,1.37
2015.04.09 08:19:41.361,0.97164,0.97181,1.65,1.00
2015.04.09 08:19:41.513,0.97164,0.97181,1.00,1.00
2015.04.09 08:19:42.395,0.97166,0.97181,1.00,1.00
2015.04.09 08:19:42.699,0.97168,0.97181,1.00,1.00
2015.04.09 08:19:43.747,0.97164,0.97181,1.15,1.00
2015.04.09 08:19:46.829,0.97164,0.9718,1.15,1.00
2015.04.09 08:19:46.880,0.97162,0.97177,3.00,1.00
2015.04.09 08:19:46.932,0.9716,0.97175,1.57,1.12
2015.04.09 08:19:46.983,0.9716,0.97171,1.00,1.00
2015.04.09 08:19:47.034,0.97154,0.97171,1.57,1.00
2015.04.09 08:19:47.338,0.97154,0.9717,1.57,1.37
2015.04.09 08:19:48.361,0.97154,0.97169,1.57,1.37
2015.04.09 08:19:48.463,0.97152,0.97169,1.00,1.37
2015.04.09 08:19:48.616,0.97152,0.97164,1.00,1.00
2015.04.09 08:19:48.718,0.97148,0.97164,1.00,1.87
2015.04.09 08:19:48.870,0.97146,0.97161,1.00,1.37
2015.04.09 08:19:49.631,0.97144,0.97161,1.57,1.37
2015.04.09 08:19:50.139,0.97144,0.97161,1.57,1.37
2015.04.09 08:19:55.999,0.97146,0.97163,1.00,1.87
2015.04.09 08:19:56.152,0.97146,0.97163,4.20,1.87
2015.04.09 08:19:57.020,0.97147,0.97164,1.07,1.37
2015.04.09 08:19:57.122,0.97146,0.97163,1.10,1.37
2015.04.09 08:19:58.126,0.97145,0.97162,1.10,1.37
2015.04.09 08:19:58.633,0.97145,0.97162,1.00,1.00
2015.04.09 08:19:59.090,0.97143,0.9716,1.57,1.00
2015.04.09 08:19:59.394,0.97143,0.97158,1.00,1.12
2015.04.09 08:19:59.698,0.97143,0.97158,1.00,1.37
2015.04.09 08:20:02.889,0.97143,0.97158,1.00,1.37
2015.04.09 08:20:03.657,0.97143,0.97154,1.00,1.00
2015.04.09 08:20:03.710,0.9714,0.97154,1.10,1.00
2015.04.09 08:20:03.812,0.97138,0.97155,1.00,1.87
2015.04.09 08:20:04.340,0.97139,0.97155,1.00,1.37
2015.04.09 08:20:04.847,0.97139,0.97155,1.17,1.37
2015.04.09 08:20:08.055,0.97139,0.97157,1.65,1.37
2015.04.09 08:20:08.562,0.97139,0.97154,1.00,1.00
2015.04.09 08:20:12.484,0.97136,0.97154,1.57,1.00
2015.04.09 08:20:14.054,0.97138,0.97155,1.50,1.00
2015.04.09 08:20:14.360,0.97142,0.97159,1.57,1.37
2015.04.09 08:20:14.878,0.97142,0.97159,1.57,1.37
2015.04.09 08:20:15.731,0.97142,0.97159,1.57,1.37
2015.04.09 08:20:18.361,0.97142,0.97156,1.00,1.37
2015.04.09 08:20:18.514,0.97137,0.97155,1.57,1.37
2015.04.09 08:20:19.021,0.97137,0.97155,1.50,1.37
2015.04.09 08:20:21.104,0.97137,0.97147,3.00,1.00
2015.04.09 08:20:21.205,0.97138,0.97153,1.50,1.00
2015.04.09 08:20:26.639,0.97137,0.97152,1.00,1.00
2015.04.09 08:20:27.703,0.97135,0.97152,1.00,2.32
2015.04.09 08:20:28.231,0.97135,0.97152,1.00,2.32
2015.04.09 08:20:43.770,0.97135,0.97151,1.00,1.27
2015.04.09 08:20:44.296,0.97135,0.97151,1.00,1.27
2015.04.09 08:20:45.614,0.97134,0.97151,1.00,2.02
2015.04.09 08:21:11.968,0.97136,0.97151,1.00,1.17
2015.04.09 08:21:12.070,0.97138,0.97153,1.00,1.12
2015.04.09 08:21:12.577,0.97139,0.97156,1.00,1.95
2015.04.09 08:21:12.680,0.97136,0.97153,1.50,1.07
2015.04.09 08:21:19.398,0.97136,0.97153,1.00,1.57
2015.04.09 08:21:19.501,0.97137,0.97154,3.37,1.12
2015.04.09 08:21:19.603,0.97141,0.97158,1.57,1.12
2015.04.09 08:21:20.110,0.97143,0.97158,1.00,1.12
2015.04.09 08:21:20.465,0.97141,0.97158,1.00,1.12
2015.04.09 08:21:22.730,0.97141,0.97158,1.00,1.37
2015.04.09 08:21:26.483,0.97143,0.97158,1.00,1.37
2015.04.09 08:21:26.992,0.97144,0.97159,1.00,1.37
2015.04.09 08:21:44.550,0.97141,0.97158,1.12,1.37
2015.04.09 08:21:45.267,0.9714,0.97157,1.00,1.95
2015.04.09 08:21:48.997,0.9714,0.97157,1.00,1.57
2015.04.09 08:21:51.678,0.97139,0.97156,1.87,1.10
2015.04.09 08:21:55.154,0.97139,0.97156,1.50,1.17
2015.04.09 08:21:55.677,0.97138,0.97155,1.00,1.65
2015.04.09 08:22:15.600,0.97139,0.97155,1.00,1.15
2015.04.09 08:22:15.651,0.97139,0.97156,1.00,1.57
2015.04.09 08:22:15.803,0.97142,0.97156,1.00,1.00
2015.04.09 08:22:16.304,0.97142,0.97158,1.00,1.95
2015.04.09 08:22:20.141,0.97146,0.97159,2.25,1.87
2015.04.09 08:22:20.294,0.97145,0.97159,1.17,1.87
2015.04.09 08:22:22.153,0.97143,0.97159,1.15,1.87
2015.04.09 08:22:22.656,0.97143,0.97159,1.17,1.87
2015.04.09 08:22:33.257,0.97143,0.97159,1.10,1.37
2015.04.09 08:22:34.704,0.97143,0.97156,1.00,1.00
2015.04.09 08:22:34.856,0.97143,0.97154,1.00,1.00
2015.04.09 08:22:36.182,0.97143,0.97153,1.00,1.00
2015.04.09 08:22:36.233,0.97139,0.97153,1.17,1.00
2015.04.09 08:22:36.284,0.97138,0.97149,1.07,1.00
2015.04.09 08:22:36.488,0.97138,0.97151,1.00,1.00
2015.04.09 08:22:36.994,0.9714,0.97151,1.10,1.00
2015.04.09 08:22:37.045,0.9714,0.97153,1.10,1.00
2015.04.09 08:22:38.506,0.97141,0.97153,1.10,1.00
2015.04.09 08:22:39.676,0.97141,0.97156,1.10,1.00
2015.04.09 08:22:39.778,0.9714,0.97154,2.32,1.00
2015.04.09 08:22:39.931,0.97139,0.97154,2.02,1.00
2015.04.09 08:22:39.981,0.97152,0.97159,2.25,1.12
2015.04.09 08:22:40.032,0.97152,0.97158,2.32,1.00
2015.04.09 08:22:40.135,0.97149,0.97163,3.45,1.00
2015.04.09 08:22:40.236,0.97151,0.97157,1.20,1.00
2015.04.09 08:22:40.338,0.97143,0.97159,1.90,1.00
2015.04.09 08:22:40.693,0.97143,0.97162,2.40,1.12
2015.04.09 08:22:41.049,0.97144,0.97162,1.17,1.12
2015.04.09 08:22:41.869,0.97144,0.97162,1.20,1.12
2015.04.09 08:22:43.804,0.97144,0.97162,1.07,1.12
2015.04.09 08:22:47.719,0.97145,0.97162,2.25,1.12
2015.04.09 08:22:48.226,0.97144,0.97162,2.32,1.12
2015.04.09 08:22:49.670,0.97144,0.97161,3.07,1.00
2015.04.09 08:22:50.889,0.97144,0.97161,2.02,1.00
2015.04.09 08:22:51.447,0.97145,0.97162,1.65,1.00
2015.04.09 08:22:52.258,0.97145,0.97162,2.02,1.00
2015.04.09 08:22:52.309,0.97148,0.97165,1.20,1.37
2015.04.09 08:22:52.360,0.97148,0.97165,1.20,1.37
2015.04.09 08:22:52.867,0.97146,0.97163,2.02,1.00
2015.04.09 08:22:53.382,0.97145,0.97162,2.77,1.00
2015.04.09 08:22:54.503,0.97145,0.97162,2.40,1.00
2015.04.09 08:23:03.550,0.97147,0.97166,1.17,1.37
2015.04.09 08:23:04.280,0.97147,0.97166,1.17,1.37
2015.04.09 08:23:04.788,0.97146,0.97163,1.17,1.37
2015.04.09 08:23:05.752,0.97148,0.97165,1.00,1.37
2015.04.09 08:23:07.291,0.97146,0.97163,1.17,1.37
2015.04.09 08:23:07.444,0.97145,0.97162,1.10,1.12
2015.04.09 08:23:08.409,0.97143,0.9716,1.07,1.00
2015.04.09 08:23:08.460,0.97143,0.9716,1.10,1.00
2015.04.09 08:23:09.037,0.97142,0.97159,1.65,1.00
2015.04.09 08:23:10.272,0.97141,0.97158,1.65,1.00
2015.04.09 08:23:10.820,0.97141,0.97158,1.65,1.00
2015.04.09 08:23:13.538,0.9714,0.97158,1.10,1.00
2015.04.09 08:23:13.589,0.97138,0.97155,1.17,1.00
2015.04.09 08:23:13.742,0.97137,0.97154,1.10,1.00
2015.04.09 08:23:14.249,0.97136,0.97153,1.10,1.00
2015.04.09 08:23:14.757,0.97135,0.97151,1.17,1.00
2015.04.09 08:23:14.859,0.97132,0.97149,1.10,1.00
2015.04.09 08:23:18.619,0.97131,0.97148,1.50,1.00
2015.04.09 08:23:18.822,0.97127,0.97143,1.07,1.00
2015.04.09 08:23:18.873,0.97127,0.97142,1.00,1.12
2015.04.09 08:23:18.924,0.97123,0.9714,1.07,1.00
2015.04.09 08:23:19.079,0.97118,0.97135,1.52,1.00
2015.04.09 08:23:19.587,0.97117,0.97134,1.57,1.00
2015.04.09 08:23:20.310,0.97117,0.97134,1.27,1.00
2015.04.09 08:23:21.964,0.97117,0.97134,2.40,1.00
2015.04.09 08:23:22.473,0.97119,0.97135,1.55,1.00
2015.04.09 08:23:22.834,0.97118,0.97135,1.15,1.00
2015.04.09 08:23:23.341,0.97119,0.97136,1.17,1.00
2015.04.09 08:23:26.607,0.97119,0.97136,1.55,1.00
2015.04.09 08:23:27.165,0.97121,0.97138,1.37,1.00
2015.04.09 08:23:27.418,0.97124,0.9714,1.55,1.00
2015.04.09 08:23:27.900,0.97126,0.97141,1.17,1.00
2015.04.09 08:23:32.869,0.97126,0.97141,1.12,1.00
2015.04.09 08:23:33.378,0.97123,0.9714,2.02,1.00
2015.04.09 08:23:33.783,0.97122,0.97138,3.82,1.00
2015.04.09 08:23:33.885,0.97122,0.97138,1.00,1.00
2015.04.09 08:23:34.391,0.97121,0.97138,1.57,1.00
2015.04.09 08:23:34.896,0.97122,0.97138,1.00,1.00
2015.04.09 08:23:35.404,0.97122,0.97137,1.00,1.00
2015.04.09 08:23:36.138,0.97121,0.97137,1.10,1.00
2015.04.09 08:23:36.737,0.97121,0.97138,1.57,1.00
2015.04.09 08:23:37.245,0.97122,0.97137,1.00,1.00
2015.04.09 08:23:37.752,0.97121,0.97138,1.50,1.00
2015.04.09 08:23:38.616,0.97122,0.97139,1.00,1.00
2015.04.09 08:23:39.124,0.97121,0.97138,1.95,1.00
2015.04.09 08:23:39.175,0.97121,0.9714,1.95,1.00
2015.04.09 08:23:41.172,0.97121,0.97138,1.95,1.00
2015.04.09 08:23:42.373,0.97122,0.97139,1.10,1.00
2015.04.09 08:23:42.887,0.97123,0.97139,1.00,1.00
2015.04.09 08:23:43.894,0.97123,0.97139,1.07,1.00
2015.04.09 08:23:46.559,0.97124,0.97141,1.17,1.00
2015.04.09 08:23:46.762,0.97123,0.97139,1.15,1.00
2015.04.09 08:23:46.865,0.97122,0.97139,1.65,1.00
2015.04.09 08:23:47.414,0.97121,0.97138,1.65,1.00
2015.04.09 08:23:49.968,0.9712,0.97137,3.07,1.00
2015.04.09 08:23:50.272,0.9712,0.97137,1.10,1.00
2015.04.09 08:23:51.285,0.97119,0.97136,1.27,1.00
2015.04.09 08:23:53.592,0.9712,0.97133,1.10,1.00
2015.04.09 08:23:53.795,0.97118,0.97133,1.10,1.00
2015.04.09 08:23:53.998,0.97116,0.97132,1.00,1.00
2015.04.09 08:23:54.988,0.97115,0.97132,1.00,1.00
2015.04.09 08:23:55.495,0.97114,0.97131,1.50,1.00
2015.04.09 08:23:57.537,0.97116,0.97131,1.00,1.00
2015.04.09 08:23:57.842,0.97118,0.97132,1.10,1.12
2015.04.09 08:24:04.780,0.97118,0.97131,1.10,1.00
2015.04.09 08:24:10.752,0.97115,0.97129,1.57,1.00
2015.04.09 08:24:20.371,0.97116,0.97129,1.07,1.00
2015.04.09 08:24:20.897,0.97117,0.9713,1.17,1.00
2015.04.09 08:24:29.208,0.97117,0.9713,1.00,1.00
2015.04.09 08:24:32.929,0.97115,0.97129,1.10,1.00
2015.04.09 08:24:34.799,0.97115,0.97129,1.65,1.00
2015.04.09 08:24:40.927,0.97115,0.97129,1.00,1.00
2015.04.09 08:24:41.909,0.97115,0.97129,1.65,1.00
2015.04.09 08:24:42.416,0.97116,0.9713,1.17,1.00
2015.04.09 08:24:43.306,0.97117,0.9713,1.15,1.00
2015.04.09 08:24:43.693,0.97119,0.97131,2.40,1.00
2015.04.09 08:24:43.846,0.9712,0.97136,1.17,1.12
2015.04.09 08:24:44.352,0.9712,0.97136,1.65,1.12
2015.04.09 08:24:48.748,0.97124,0.97136,1.07,1.00
2015.04.09 08:24:48.900,0.9713,0.97146,1.10,1.12
2015.04.09 08:24:49.053,0.97134,0.97147,1.00,1.00
2015.04.09 08:24:49.206,0.97134,0.97149,1.00,1.12
2015.04.09 08:24:49.308,0.97137,0.9715,1.00,1.87
2015.04.09 08:24:49.511,0.97134,0.97148,1.17,1.00
2015.04.09 08:24:49.664,0.97131,0.97147,1.10,1.00
2015.04.09 08:24:51.315,0.97129,0.97147,1.65,1.07
2015.04.09 08:24:51.467,0.97129,0.97145,1.00,1.00
2015.04.09 08:24:51.771,0.97128,0.97143,1.00,1.00
2015.04.09 08:24:52.076,0.97126,0.97142,1.00,1.00
2015.04.09 08:24:54.654,0.97126,0.97142,1.07,1.00
2015.04.09 08:24:55.185,0.97126,0.97142,1.00,1.00
2015.04.09 08:24:55.541,0.97127,0.97144,1.00,1.00
2015.04.09 08:24:55.643,0.97127,0.97142,1.00,1.00
2015.04.09 08:24:59.579,0.97129,0.97142,1.07,1.00
2015.04.09 08:24:59.681,0.97131,0.97144,1.10,1.00
2015.04.09 08:24:59.833,0.97131,0.97148,2.32,1.00
2015.04.09 08:25:00.239,0.97132,0.97148,1.17,1.05
2015.04.09 08:25:00.748,0.97132,0.97148,1.10,1.05
2015.04.09 08:25:01.358,0.97131,0.97146,1.00,1.00
2015.04.09 08:25:05.249,0.97131,0.97146,1.37,1.07
2015.04.09 08:25:13.297,0.97132,0.97146,4.50,1.00
2015.04.09 08:25:13.450,0.97136,0.97151,1.55,1.00
2015.04.09 08:25:13.957,0.97137,0.97152,1.55,1.00
2015.04.09 08:25:14.515,0.97137,0.97152,1.55,1.00
2015.04.09 08:25:22.492,0.97136,0.97148,1.87,1.00
2015.04.09 08:25:23.695,0.97136,0.97149,3.37,1.00
2015.04.09 08:25:23.797,0.97139,0.97152,1.52,1.00
2015.04.09 08:25:27.315,0.97138,0.97151,1.37,1.00
2015.04.09 08:25:27.825,0.97136,0.9715,3.07,1.00
2015.04.09 08:25:29.335,0.97136,0.9715,2.70,1.00
2015.04.09 08:25:30.924,0.97137,0.97153,1.95,1.00
2015.04.09 08:25:39.754,0.97138,0.97151,1.37,1.00
2015.04.09 08:25:40.094,0.97136,0.97148,1.55,1.00
2015.04.09 08:25:40.968,0.97136,0.97145,2.02,1.00
2015.04.09 08:25:42.943,0.97135,0.97144,1.50,1.00
2015.04.09 08:25:44.790,0.97136,0.97145,1.37,1.00
2015.04.09 08:25:44.993,0.97136,0.97147,1.37,1.00
2015.04.09 08:25:57.605,0.97136,0.97147,1.37,1.00
2015.04.09 08:25:58.206,0.97136,0.97145,1.00,1.00
2015.04.09 08:25:58.511,0.97136,0.97145,1.37,1.00
2015.04.09 08:25:58.663,0.97133,0.97143,1.00,1.00
2015.04.09 08:25:58.816,0.97133,0.97143,1.37,1.00
2015.04.09 08:25:59.389,0.97131,0.97138,1.50,1.00
2015.04.09 08:25:59.491,0.97131,0.97145,1.37,1.07
2015.04.09 08:26:02.796,0.97129,0.97137,1.00,1.00
2015.04.09 08:26:03.303,0.97129,0.97138,1.00,1.00
2015.04.09 08:26:03.456,0.97129,0.97141,1.87,1.00
2015.04.09 08:26:03.558,0.9713,0.97147,1.95,1.00
2015.04.09 08:26:03.913,0.9713,0.97145,2.02,1.00
2015.04.09 08:26:09.206,0.97131,0.97144,1.95,1.00
2015.04.09 08:26:09.309,0.9713,0.97142,3.37,1.00
2015.04.09 08:26:09.512,0.97132,0.97145,2.70,1.00
2015.04.09 08:26:09.614,0.97134,0.97147,2.02,1.00
2015.04.09 08:26:20.842,0.97134,0.97148,2.02,1.00
2015.04.09 08:26:32.600,0.97134,0.97146,2.02,1.00
2015.04.09 08:26:33.122,0.97133,0.97146,2.02,1.00
2015.04.09 08:26:35.678,0.97135,0.97146,2.70,1.00
2015.04.09 08:26:35.729,0.97135,0.97149,3.45,1.00
2015.04.09 08:26:36.236,0.97135,0.97148,2.02,1.00
2015.04.09 08:26:37.644,0.97135,0.97148,1.47,1.00
2015.04.09 08:26:44.512,0.97133,0.97146,2.77,1.00
2015.04.09 08:26:46.475,0.97133,0.97145,1.95,1.00
2015.04.09 08:26:48.037,0.97133,0.97146,2.02,1.00
2015.04.09 08:26:58.337,0.97134,0.97146,1.55,1.00
2015.04.09 08:26:58.856,0.97137,0.97147,1.37,1.00
2015.04.09 08:26:59.387,0.97135,0.97148,1.52,1.00
2015.04.09 08:27:01.674,0.97138,0.9715,1.92,1.00
2015.04.09 08:27:01.726,0.97141,0.9715,1.45,1.00
2015.04.09 08:27:01.980,0.97152,0.9716,1.37,1.00
2015.04.09 08:27:02.183,0.97153,0.97168,1.55,1.06
2015.04.09 08:27:02.235,0.97154,0.97167,1.47,1.00
2015.04.09 08:27:02.286,0.97154,0.97167,1.47,1.00
2015.04.09 08:27:02.439,0.9716,0.97171,1.37,1.00
2015.04.09 08:27:02.541,0.9716,0.97173,1.37,1.00
2015.04.09 08:27:03.050,0.9716,0.97174,1.47,1.00
2015.04.09 08:27:04.318,0.97158,0.97173,1.47,1.00
2015.04.09 08:27:06.184,0.97158,0.9717,1.37,1.00
2015.04.09 08:27:06.387,0.97158,0.9717,1.37,1.00
2015.04.09 08:27:07.147,0.97154,0.97169,1.55,1.00
2015.04.09 08:27:07.553,0.97152,0.97168,1.47,1.00
2015.04.09 08:27:08.060,0.97151,0.97167,1.47,1.00
2015.04.09 08:27:08.111,0.97151,0.97167,1.47,1.00
2015.04.09 08:27:08.618,0.97152,0.97168,1.47,1.00
2015.04.09 08:27:09.125,0.97151,0.97168,2.70,1.00
2015.04.09 08:27:09.631,0.97154,0.97168,1.47,1.00
2015.04.09 08:27:13.769,0.97153,0.97167,1.37,1.00
2015.04.09 08:27:14.280,0.97153,0.97167,1.37,1.00
2015.04.09 08:27:16.287,0.97153,0.97167,1.47,1.00
2015.04.09 08:27:16.795,0.97153,0.97167,1.37,1.00
2015.04.09 08:27:20.556,0.97153,0.97167,1.47,1.00
2015.04.09 08:27:20.912,0.97156,0.97172,1.95,1.00
2015.04.09 08:27:21.166,0.97159,0.97173,1.27,1.00
2015.04.09 08:27:21.673,0.97161,0.97174,1.10,1.00
2015.04.09 08:27:22.859,0.97161,0.97169,1.10,1.00
2015.04.09 08:27:23.164,0.97146,0.97161,2.25,1.00
2015.04.09 08:27:23.215,0.97146,0.97161,2.25,1.00
2015.04.09 08:27:23.418,0.97146,0.97161,1.75,1.00
2015.04.09 08:27:23.672,0.97146,0.97159,1.37,1.00
2015.04.09 08:27:24.060,0.97146,0.97158,1.37,1.00
2015.04.09 08:27:24.162,0.97146,0.97159,1.37,1.00
2015.04.09 08:27:24.722,0.97146,0.97159,1.00,1.00
2015.04.09 08:27:24.977,0.97146,0.97157,1.00,1.00
2015.04.09 08:27:25.546,0.97144,0.97157,1.37,1.00
2015.04.09 08:27:26.256,0.97144,0.97157,1.37,1.00
2015.04.09 08:27:26.764,0.97144,0.97157,1.55,1.00
2015.04.09 08:27:29.239,0.97144,0.97157,1.37,1.00
2015.04.09 08:27:29.797,0.97144,0.97157,1.12,1.00
2015.04.09 08:27:37.827,0.97144,0.97157,1.27,1.00
2015.04.09 08:27:40.149,0.97144,0.97157,1.27,1.00
2015.04.09 08:27:45.681,0.97145,0.97157,1.27,1.00
2015.04.09 08:27:51.902,0.97143,0.97157,1.55,1.00
2015.04.09 08:27:52.235,0.97143,0.97154,1.55,1.00
2015.04.09 08:27:53.210,0.97143,0.97154,1.37,1.00
2015.04.09 08:27:53.313,0.9714,0.97153,1.47,1.00
2015.04.09 08:27:53.567,0.97138,0.97153,1.95,1.00
2015.04.09 08:27:53.669,0.97138,0.97153,1.57,1.00
2015.04.09 08:27:53.720,0.97137,0.97151,1.10,1.00
2015.04.09 08:27:53.822,0.97134,0.97149,1.00,1.00
2015.04.09 08:27:53.924,0.97133,0.97147,1.10,1.00
2015.04.09 08:27:54.230,0.97131,0.97141,1.00,1.00
2015.04.09 08:27:54.535,0.97125,0.9714,1.52,1.00
2015.04.09 08:27:54.586,0.97124,0.97137,2.70,1.00
2015.04.09 08:27:54.637,0.97121,0.97137,1.90,1.00
2015.04.09 08:27:54.688,0.97121,0.97133,1.90,1.00
2015.04.09 08:27:57.411,0.97121,0.97133,1.55,1.00
2015.04.09 08:27:59.365,0.97121,0.97133,1.52,1.00
2015.04.09 08:27:59.885,0.97121,0.97133,1.45,1.00
2015.04.09 08:28:00.856,0.97121,0.9713,1.07,1.00
2015.04.09 08:28:03.458,0.97118,0.9713,1.52,1.00
2015.04.09 08:28:04.120,0.97116,0.9713,1.52,1.00
2015.04.09 08:28:04.806,0.97116,0.9713,1.15,1.00
2015.04.09 08:28:05.674,0.97116,0.97128,1.17,1.00
2015.04.09 08:28:06.181,0.97115,0.97128,1.15,1.00
2015.04.09 08:28:09.146,0.97115,0.97128,1.07,1.00
2015.04.09 08:28:09.754,0.97115,0.97126,1.07,1.00
2015.04.09 08:28:19.183,0.97116,0.97126,2.25,1.00
2015.04.09 08:28:19.732,0.97116,0.97127,2.32,1.12
2015.04.09 08:28:24.851,0.97117,0.97127,2.32,1.00
2015.04.09 08:28:25.359,0.97117,0.97128,2.32,1.12
2015.04.09 08:28:34.215,0.97118,0.9713,3.07,1.37
2015.04.09 08:28:34.266,0.97119,0.97132,2.32,1.00
2015.04.09 08:28:34.558,0.97122,0.97135,1.17,1.00
2015.04.09 08:28:35.067,0.97123,0.97135,1.15,1.00
2015.04.09 08:28:36.396,0.97124,0.97135,2.32,1.00
2015.04.09 08:28:38.455,0.97128,0.97137,1.00,1.12
2015.04.09 08:28:38.557,0.97129,0.97137,2.25,1.00
2015.04.09 08:28:38.659,0.9713,0.97141,2.32,1.00
2015.04.09 08:28:39.166,0.9713,0.9714,2.32,1.00
2015.04.09 08:28:42.298,0.97135,0.97145,1.00,1.00
2015.04.09 08:28:42.349,0.97137,0.97145,1.00,1.00
2015.04.09 08:28:42.400,0.97137,0.9715,1.00,1.37
2015.04.09 08:28:42.451,0.97137,0.9715,3.00,1.37
2015.04.09 08:28:42.603,0.97131,0.97146,5.25,1.00
2015.04.09 08:28:42.857,0.97132,0.97148,2.32,1.00
2015.04.09 08:28:43.363,0.97133,0.97148,3.07,1.00
2015.04.09 08:28:44.480,0.97142,0.9715,1.00,1.00
2015.04.09 08:28:44.581,0.97142,0.97155,1.20,1.00
2015.04.09 08:28:44.835,0.97144,0.97155,1.00,1.00
2015.04.09 08:28:45.140,0.97148,0.97161,1.17,1.00
2015.04.09 08:28:45.191,0.97149,0.97161,2.32,1.00
2015.04.09 08:28:45.698,0.9715,0.97162,1.17,1.00
2015.04.09 08:28:47.995,0.97164,0.97172,1.00,1.00
2015.04.09 08:28:48.097,0.97166,0.97177,1.00,1.20
2015.04.09 08:28:48.200,0.97161,0.97178,4.57,1.00
2015.04.09 08:28:48.304,0.97161,0.97178,1.65,1.00
2015.04.09 08:28:48.813,0.97162,0.97177,1.10,1.00
2015.04.09 08:28:54.036,0.97161,0.97174,1.17,1.00
2015.04.09 08:28:54.189,0.97159,0.97174,1.17,1.00
2015.04.09 08:28:57.812,0.97158,0.97173,1.15,1.00
2015.04.09 08:29:00.200,0.97157,0.97171,3.07,1.00
2015.04.09 08:29:03.945,0.97157,0.9717,2.32,1.00
2015.04.09 08:29:04.047,0.97155,0.97169,2.32,1.00
2015.04.09 08:29:05.258,0.97153,0.97169,3.07,1.00
2015.04.09 08:29:14.269,0.97154,0.97169,2.32,1.00
2015.04.09 08:29:16.095,0.97152,0.97169,3.07,1.00
2015.04.09 08:29:16.451,0.97154,0.97169,2.32,1.00
2015.04.09 08:29:27.665,0.97153,0.97169,2.32,1.00
2015.04.09 08:29:27.766,0.97152,0.97169,1.15,1.00
2015.04.09 08:29:28.269,0.97152,0.97167,1.07,1.00
2015.04.09 08:29:28.777,0.97152,0.97167,1.65,1.00
2015.04.09 08:29:29.505,0.97152,0.97167,1.65,1.00
2015.04.09 08:29:32.083,0.97152,0.97161,1.65,1.00
2015.04.09 08:29:32.605,0.97152,0.97161,1.00,1.00
2015.04.09 08:29:35.745,0.97152,0.97158,1.00,1.00
2015.04.09 08:29:43.296,0.97152,0.97157,1.00,1.00
2015.04.09 08:30:00.517,0.97152,0.97158,1.00,1.00
2015.04.09 08:30:01.020,0.97152,0.97158,1.17,1.00
2015.04.09 08:30:01.633,0.97153,0.97161,3.45,1.00
2015.04.09 08:30:02.660,0.97154,0.97161,1.17,1.00
2015.04.09 08:30:08.362,0.97151,0.97161,1.52,1.00
2015.04.09 08:30:09.225,0.97152,0.97158,1.55,1.00
2015.04.09 08:30:09.530,0.97149,0.97155,1.47,1.00
2015.04.09 08:30:10.443,0.97149,0.97155,1.10,1.00
2015.04.09 08:30:10.494,0.97147,0.97155,1.10,1.00
2015.04.09 08:30:15.108,0.97147,0.97153,1.00,1.00
2015.04.09 08:30:15.412,0.97145,0.9716,1.17,1.00
2015.04.09 08:30:15.717,0.97137,0.97147,1.37,1.00
2015.04.09 08:30:15.818,0.97141,0.97153,1.10,1.00
2015.04.09 08:30:15.869,0.97139,0.97145,1.07,1.00
2015.04.09 08:30:15.971,0.97133,0.97144,1.50,1.00
2015.04.09 08:30:16.377,0.97131,0.97144,1.15,1.00
2015.04.09 08:30:19.601,0.97137,0.97144,1.07,1.00
2015.04.09 08:30:19.652,0.97142,0.97147,1.00,1.00
2015.04.09 08:30:19.754,0.9714,0.97149,2.40,1.00
2015.04.09 08:30:20.059,0.97144,0.97149,1.00,1.00
2015.04.09 08:30:20.160,0.97144,0.97152,1.00,1.00
2015.04.09 08:30:22.625,0.97144,0.97152,1.37,1.00
2015.04.09 08:30:23.944,0.97144,0.97149,1.10,1.00
2015.04.09 08:30:24.046,0.97144,0.97152,1.00,1.00
2015.04.09 08:30:24.553,0.97145,0.97152,1.00,1.00
2015.04.09 08:30:37.096,0.97144,0.97152,1.00,1.00
2015.04.09 08:30:42.280,0.97145,0.97152,1.00,1.00
2015.04.09 08:30:43.163,0.97148,0.97154,1.00,1.00
2015.04.09 08:30:43.468,0.97151,0.97156,1.00,1.00
2015.04.09 08:30:43.877,0.97149,0.97156,1.00,1.00
2015.04.09 08:30:44.508,0.97149,0.97155,1.00,1.00
2015.04.09 08:30:46.389,0.9715,0.97155,1.00,1.00
2015.04.09 08:30:46.940,0.97149,0.97155,1.00,1.00
2015.04.09 08:30:47.611,0.97148,0.97155,1.50,1.00
2015.04.09 08:30:48.582,0.97147,0.97155,1.10,1.00
2015.04.09 08:30:49.466,0.97147,0.97153,1.00,1.00
2015.04.09 08:30:49.517,0.97144,0.97153,1.00,1.00
2015.04.09 08:30:51.963,0.97142,0.97152,1.07,1.00
2015.04.09 08:30:52.267,0.97142,0.9715,1.00,1.00
2015.04.09 08:30:52.875,0.97142,0.9715,1.17,1.00
2015.04.09 08:30:56.927,0.97143,0.9715,1.47,1.00
2015.04.09 08:30:56.977,0.97143,0.97154,1.45,1.00
2015.04.09 08:30:57.028,0.97146,0.97155,1.00,1.00
2015.04.09 08:30:57.568,0.97147,0.97155,1.87,1.00
2015.04.09 08:31:04.764,0.97148,0.97155,1.00,1.00
2015.04.09 08:31:05.271,0.97147,0.97155,1.50,1.00
2015.04.09 08:31:06.510,0.97148,0.97155,1.00,1.00
2015.04.09 08:31:09.365,0.97147,0.97155,1.00,1.00
2015.04.09 08:31:17.498,0.97147,0.97157,1.12,1.00
2015.04.09 08:31:25.344,0.97147,0.97156,1.12,1.00
2015.04.09 08:31:25.853,0.97144,0.97155,1.47,1.00
2015.04.09 08:31:26.402,0.97144,0.97156,1.37,1.00
2015.04.09 08:31:27.512,0.97144,0.97156,1.37,1.00
2015.04.09 08:31:30.264,0.97145,0.97156,1.20,1.00
2015.04.09 08:31:32.424,0.97145,0.97157,1.17,1.00
2015.04.09 08:31:33.075,0.97147,0.97157,1.00,1.00
2015.04.09 08:31:36.696,0.97147,0.97157,1.07,1.00
2015.04.09 08:31:38.202,0.97147,0.97157,1.10,1.00
2015.04.09 08:31:42.470,0.97147,0.97156,1.12,1.00
2015.04.09 08:31:49.879,0.97147,0.97157,1.00,1.00
2015.04.09 08:31:51.368,0.97147,0.97157,1.37,1.00
2015.04.09 08:31:58.662,0.97148,0.9716,1.12,1.50
2015.04.09 08:31:58.713,0.97151,0.9716,1.00,1.50
2015.04.09 08:32:15.633,0.9715,0.97157,1.20,1.00
2015.04.09 08:32:17.538,0.97148,0.97157,1.00,1.00
2015.04.09 08:32:21.402,0.97148,0.97156,1.00,1.00
2015.04.09 08:32:24.000,0.97148,0.97155,1.00,1.00
2015.04.09 08:32:24.811,0.97148,0.97153,1.00,1.00
2015.04.09 08:32:24.913,0.97146,0.97153,1.12,1.00
2015.04.09 08:32:30.423,0.97146,0.97154,1.00,1.00
2015.04.09 08:32:40.836,0.97149,0.97154,3.00,1.00
2015.04.09 08:32:42.155,0.97148,0.97154,3.75,1.00
2015.04.09 08:32:42.662,0.97148,0.97155,3.75,1.00
2015.04.09 08:32:44.171,0.97148,0.97156,3.75,1.00
2015.04.09 08:32:44.476,0.9715,0.97156,1.00,1.00
2015.04.09 08:32:44.933,0.9715,0.97158,1.00,1.00
2015.04.09 08:32:45.451,0.97151,0.97157,1.00,1.00
2015.04.09 08:32:46.205,0.97152,0.97157,1.00,1.00
2015.04.09 08:32:47.432,0.97151,0.97157,1.00,1.00
2015.04.09 08:32:47.961,0.9715,0.97157,1.50,1.00
2015.04.09 08:32:48.469,0.97151,0.97157,1.00,1.00
2015.04.09 08:32:48.975,0.9715,0.97157,1.00,1.00
2015.04.09 08:32:49.127,0.97148,0.97157,1.00,1.00
2015.04.09 08:32:49.805,0.97148,0.97156,1.00,1.00
2015.04.09 08:32:53.183,0.97146,0.97154,1.00,1.00
2015.04.09 08:32:53.284,0.97144,0.97154,1.00,1.00
2015.04.09 08:32:53.741,0.97141,0.97153,1.00,1.00
2015.04.09 08:32:53.792,0.97141,0.97147,1.00,1.00
2015.04.09 08:32:53.843,0.97136,0.97147,1.00,1.00
2015.04.09 08:32:54.166,0.97136,0.97145,1.00,1.00
2015.04.09 08:32:57.070,0.97136,0.97143,1.00,1.00
2015.04.09 08:32:57.375,0.97135,0.9714,1.00,1.00
2015.04.09 08:32:57.477,0.97128,0.97138,1.10,1.00
2015.04.09 08:32:57.883,0.97126,0.97136,1.00,1.00
2015.04.09 08:32:58.392,0.97125,0.97133,1.00,1.00
2015.04.09 08:32:58.443,0.97121,0.97133,1.10,1.00
2015.04.09 08:32:58.494,0.97118,0.97131,5.25,1.00
2015.04.09 08:32:58.596,0.97118,0.9713,1.17,1.00
2015.04.09 08:32:58.698,0.97116,0.97125,1.17,1.00
2015.04.09 08:32:58.801,0.97112,0.97125,2.70,1.00
2015.04.09 08:32:58.903,0.9711,0.97123,3.07,1.00
2015.04.09 08:32:59.157,0.97109,0.97121,2.32,1.00
2015.04.09 08:33:00.793,0.97109,0.97119,2.25,1.00
2015.04.09 08:33:00.895,0.97104,0.97119,1.15,1.00
2015.04.09 08:33:00.998,0.97103,0.97117,3.07,1.00
2015.04.09 08:33:01.351,0.97103,0.97115,1.17,1.00
2015.04.09 08:33:01.910,0.97103,0.97115,3.07,1.00
2015.04.09 08:33:02.216,0.97103,0.97113,1.15,1.00
2015.04.09 08:33:02.369,0.97103,0.97113,1.10,1.00
2015.04.09 08:33:06.191,0.97103,0.97113,1.07,1.00
2015.04.09 08:33:06.344,0.97101,0.97113,1.27,1.00
2015.04.09 08:33:06.851,0.97101,0.97113,1.12,1.00
2015.04.09 08:33:08.226,0.97101,0.97113,3.45,1.00
2015.04.09 08:33:08.327,0.97101,0.97113,1.27,1.00
2015.04.09 08:33:08.834,0.97101,0.97112,1.27,1.00
2015.04.09 08:33:10.223,0.97101,0.97111,1.27,1.00
2015.04.09 08:33:11.020,0.97101,0.97113,1.55,1.00
2015.04.09 08:33:11.910,0.97102,0.97115,1.47,1.00
2015.04.09 08:33:13.255,0.97102,0.97115,3.45,1.00
2015.04.09 08:33:13.357,0.97105,0.97115,2.32,1.00
2015.04.09 08:33:13.560,0.97105,0.97115,1.00,1.00
2015.04.09 08:33:13.848,0.97105,0.97115,3.82,1.00
2015.04.09 08:33:14.304,0.97105,0.97117,3.45,1.00
2015.04.09 08:33:16.482,0.97105,0.97117,1.27,1.00
2015.04.09 08:33:17.300,0.97105,0.97117,3.45,1.00
2015.04.09 08:33:17.401,0.97105,0.97117,1.27,1.50
2015.04.09 08:33:18.010,0.97105,0.97117,1.27,1.50
2015.04.09 08:33:18.518,0.97105,0.97117,1.27,1.50
2015.04.09 08:33:25.327,0.97105,0.97117,1.15,1.50
2015.04.09 08:33:25.836,0.97105,0.97117,1.17,1.50
2015.04.09 08:33:28.725,0.97105,0.97117,1.15,1.50
2015.04.09 08:33:29.251,0.97105,0.97117,1.17,1.50
2015.04.09 08:33:29.759,0.97102,0.97117,3.07,1.50
2015.04.09 08:33:30.266,0.97103,0.97117,2.32,1.50
2015.04.09 08:33:31.466,0.97105,0.97117,3.45,1.50
2015.04.09 08:33:32.956,0.97105,0.97117,1.15,1.00
2015.04.09 08:33:33.653,0.97105,0.97117,3.07,1.00
2015.04.09 08:33:34.184,0.97105,0.97118,3.07,1.00
2015.04.09 08:33:34.987,0.97105,0.97118,1.27,1.00
2015.04.09 08:33:35.495,0.97105,0.97118,3.07,1.00
2015.04.09 08:33:36.669,0.97105,0.97118,1.15,1.00
2015.04.09 08:33:37.480,0.97105,0.97118,3.07,1.00
2015.04.09 08:33:37.987,0.97105,0.97118,1.27,1.00
2015.04.09 08:33:43.430,0.97105,0.97118,3.07,1.00
2015.04.09 08:33:43.633,0.97105,0.97118,1.17,1.00
2015.04.09 08:33:45.651,0.97105,0.97119,1.17,1.50
2015.04.09 08:33:48.114,0.97105,0.97119,1.15,1.50
2015.04.09 08:33:48.419,0.97105,0.97119,1.10,1.50
2015.04.09 08:33:48.470,0.97102,0.97117,3.07,1.00
2015.04.09 08:33:48.521,0.97101,0.97117,1.27,1.00
2015.04.09 08:33:49.029,0.971,0.97117,2.02,1.50
2015.04.09 08:33:52.841,0.971,0.97116,1.15,1.00
2015.04.09 08:33:53.348,0.971,0.97116,3.07,1.00
2015.04.09 08:33:53.860,0.971,0.97116,1.15,1.50
2015.04.09 08:33:54.367,0.971,0.97116,3.07,1.00
2015.04.09 08:33:54.875,0.971,0.97116,1.15,1.00
2015.04.09 08:33:55.384,0.971,0.97116,3.07,1.00
2015.04.09 08:33:55.842,0.971,0.97116,1.15,1.00
2015.04.09 08:33:55.943,0.971,0.97116,3.07,1.00
2015.04.09 08:34:01.820,0.97101,0.97117,2.32,1.00
2015.04.09 08:34:02.124,0.97102,0.97115,1.15,1.00
2015.04.09 08:34:03.628,0.971,0.97115,3.45,1.00
2015.04.09 08:34:03.730,0.971,0.97115,1.27,1.00
2015.04.09 08:34:03.933,0.971,0.97115,1.27,1.00
2015.04.09 08:34:04.439,0.971,0.97115,1.27,1.00
2015.04.09 08:34:09.951,0.971,0.97115,1.20,1.00
2015.04.09 08:34:10.255,0.97094,0.9711,4.20,1.00
2015.04.09 08:34:10.661,0.97094,0.97109,3.07,1.00
2015.04.09 08:34:10.712,0.97094,0.97107,3.07,1.00
2015.04.09 08:34:11.219,0.97095,0.97107,2.32,1.00
2015.04.09 08:34:12.069,0.97094,0.97107,4.50,1.00
2015.04.09 08:34:15.194,0.97095,0.97107,2.32,1.00
2015.04.09 08:34:15.702,0.97094,0.97107,2.70,1.00
2015.04.09 08:34:18.204,0.97095,0.97107,2.32,1.00
2015.04.09 08:34:18.711,0.97094,0.97107,2.70,1.00
2015.04.09 08:34:20.860,0.97095,0.97108,2.32,1.00
2015.04.09 08:34:21.863,0.97094,0.97108,2.70,1.00
2015.04.09 08:34:24.518,0.97094,0.97109,2.32,1.00
2015.04.09 08:34:39.825,0.97095,0.97109,2.32,1.00
2015.04.09 08:34:40.347,0.97094,0.97109,2.70,1.00
2015.04.09 08:34:40.907,0.97095,0.97109,2.32,1.50
2015.04.09 08:34:41.454,0.97094,0.97109,3.07,1.50
2015.04.09 08:34:43.909,0.97095,0.97109,2.32,1.50
2015.04.09 08:34:44.655,0.97094,0.97109,2.70,1.50
2015.04.09 08:34:46.253,0.97095,0.97109,2.32,1.50
2015.04.09 08:34:46.760,0.97095,0.97108,2.70,1.00
2015.04.09 08:34:47.268,0.97095,0.97109,2.70,1.50
2015.04.09 08:34:47.828,0.97094,0.97109,2.70,1.50
2015.04.09 08:34:48.336,0.97093,0.97109,2.62,1.50
2015.04.09 08:34:48.641,0.97092,0.97107,1.52,1.00
2015.04.09 08:34:49.148,0.97091,0.97106,1.55,1.00
2015.04.09 08:34:50.971,0.97091,0.97106,1.17,1.00
2015.04.09 08:34:56.045,0.97091,0.97106,1.27,1.00
2015.04.09 08:34:56.923,0.97091,0.97106,1.47,1.00
2015.04.09 08:34:58.671,0.97091,0.97106,1.52,1.00
2015.04.09 08:34:59.179,0.97091,0.97106,1.55,1.00
2015.04.09 08:34:59.714,0.97092,0.97107,1.20,1.00
2015.04.09 08:35:07.842,0.9709,0.97105,1.27,1.00
2015.04.09 08:35:14.213,0.97088,0.97105,1.65,1.00
2015.04.09 08:35:14.794,0.97088,0.97105,4.57,1.00
2015.04.09 08:35:15.302,0.97088,0.97105,1.65,1.00
2015.04.09 08:35:16.322,0.97088,0.97104,1.15,1.50
2015.04.09 08:35:16.880,0.97087,0.97103,3.82,1.00
2015.04.09 08:35:17.527,0.97088,0.97103,2.32,1.00
2015.04.09 08:35:18.038,0.97087,0.97103,3.82,1.00
2015.04.09 08:35:21.343,0.97087,0.97104,3.82,1.00
2015.04.09 08:35:21.394,0.97092,0.97104,1.00,1.00
2015.04.09 08:35:21.903,0.97093,0.97104,1.17,1.00
2015.04.09 08:35:22.513,0.97096,0.97104,1.00,1.00
2015.04.09 08:35:22.667,0.97096,0.97106,1.00,1.00
2015.04.09 08:35:23.022,0.9709,0.97105,1.52,1.00
2015.04.09 08:35:23.326,0.9709,0.97104,1.10,1.00
2015.04.09 08:35:23.883,0.9709,0.97103,1.10,1.00
2015.04.09 08:35:25.415,0.97089,0.97102,1.65,1.00
2015.04.09 08:35:25.922,0.9709,0.97101,1.10,1.00
2015.04.09 08:35:28.983,0.9709,0.97099,1.10,1.00
2015.04.09 08:35:29.085,0.97087,0.97098,1.07,1.00
2015.04.09 08:35:29.238,0.97084,0.97097,1.45,1.00
2015.04.09 08:35:29.440,0.97084,0.97097,1.00,1.50
2015.04.09 08:35:29.491,0.97084,0.97095,1.00,1.00
2015.04.09 08:35:34.744,0.97084,0.97095,1.07,1.00
2015.04.09 08:35:34.795,0.97084,0.97097,1.15,1.00
2015.04.09 08:35:34.846,0.97087,0.97097,1.07,1.00
2015.04.09 08:35:35.100,0.97087,0.97099,1.17,1.00
2015.04.09 08:35:35.607,0.97087,0.97099,1.10,1.00
2015.04.09 08:35:40.740,0.97087,0.97099,1.47,1.00
2015.04.09 08:35:41.246,0.97089,0.97099,1.37,1.00
2015.04.09 08:35:41.703,0.97089,0.97099,1.37,1.00
2015.04.09 08:35:42.260,0.97089,0.971,1.37,1.00
2015.04.09 08:35:43.588,0.97089,0.971,1.37,1.00
2015.04.09 08:35:45.131,0.97089,0.97099,1.37,1.00
2015.04.09 08:35:46.450,0.97089,0.97099,1.00,1.00
2015.04.09 08:35:48.542,0.97088,0.97098,1.00,1.00
2015.04.09 08:35:49.049,0.97088,0.97097,1.00,1.00
2015.04.09 08:35:49.100,0.97088,0.97095,1.00,1.00
2015.04.09 08:35:49.151,0.97082,0.97095,1.10,1.00
2015.04.09 08:35:50.620,0.9708,0.97094,1.15,1.00
2015.04.09 08:35:52.364,0.9708,0.97094,1.10,1.00
2015.04.09 08:35:52.468,0.97077,0.97094,1.15,1.50
2015.04.09 08:35:52.620,0.97075,0.9709,1.27,1.00
2015.04.09 08:35:58.896,0.97074,0.97089,2.62,1.10
2015.04.09 08:35:59.200,0.97073,0.97087,1.37,1.10
2015.04.09 08:36:00.912,0.97073,0.97087,1.37,1.17
2015.04.09 08:36:00.963,0.97071,0.97086,1.00,1.57
2015.04.09 08:36:14.056,0.97076,0.97086,1.00,1.10
2015.04.09 08:36:14.588,0.97076,0.97087,1.00,1.00
2015.04.09 08:36:15.062,0.97078,0.97088,1.00,1.00
2015.04.09 08:36:15.368,0.9708,0.9709,1.00,1.00
2015.04.09 08:36:15.894,0.9708,0.97091,1.00,1.00
2015.04.09 08:36:23.088,0.97077,0.97091,1.00,1.57
2015.04.09 08:36:24.496,0.97075,0.97091,1.00,1.50
2015.04.09 08:36:26.502,0.97075,0.97089,1.00,1.00
2015.04.09 08:36:27.028,0.97074,0.97089,1.12,1.00
2015.04.09 08:36:29.324,0.97073,0.97088,1.00,1.00
2015.04.09 08:36:29.376,0.97071,0.97088,1.12,1.00
2015.04.09 08:36:29.477,0.97068,0.97085,1.37,1.15
2015.04.09 08:36:29.783,0.97063,0.9708,1.75,1.50
2015.04.09 08:36:29.885,0.9706,0.97076,1.10,1.00
2015.04.09 08:36:30.038,0.97062,0.97076,1.00,1.00
2015.04.09 08:36:30.140,0.97062,0.97079,1.00,1.50
2015.04.09 08:36:30.241,0.97059,0.97076,1.27,1.00
2015.04.09 08:36:30.292,0.97059,0.97076,1.27,1.00
2015.04.09 08:36:30.799,0.97058,0.97075,2.02,1.00
2015.04.09 08:36:31.420,0.97058,0.97074,1.52,1.00
2015.04.09 08:36:31.879,0.97057,0.97072,1.47,1.00
2015.04.09 08:36:32.433,0.97057,0.97071,1.47,1.00
2015.04.09 08:36:36.901,0.97057,0.97071,1.00,1.00
2015.04.09 08:36:46.602,0.97057,0.97071,1.37,1.00
2015.04.09 08:36:46.704,0.97057,0.97071,1.00,1.00
2015.04.09 08:36:48.702,0.97059,0.97071,1.00,1.00
2015.04.09 08:36:49.209,0.97059,0.9707,1.00,1.00
2015.04.09 08:36:49.260,0.97052,0.97068,1.65,1.00
2015.04.09 08:36:49.768,0.97048,0.97068,1.17,1.00
2015.04.09 08:36:49.870,0.97048,0.97066,1.17,1.00
2015.04.09 08:36:49.971,0.97045,0.97064,1.52,1.00
2015.04.09 08:36:50.022,0.97044,0.97062,3.45,1.00
2015.04.09 08:36:50.986,0.97045,0.97061,1.52,1.00
2015.04.09 08:36:51.538,0.97044,0.9706,3.82,1.00
2015.04.09 08:36:52.272,0.97044,0.9706,1.52,1.00
2015.04.09 08:36:52.577,0.97062,0.97066,1.00,1.50
2015.04.09 08:36:52.678,0.97056,0.97068,1.00,1.00
2015.04.09 08:36:52.831,0.97052,0.97068,1.65,1.00
2015.04.09 08:36:52.883,0.97052,0.97068,1.50,1.00
2015.04.09 08:36:52.984,0.97049,0.97065,1.15,1.00
2015.04.09 08:36:53.288,0.97051,0.97063,1.00,1.00
2015.04.09 08:36:53.795,0.97051,0.97062,1.00,1.00
2015.04.09 08:36:54.084,0.97048,0.97061,1.00,1.00
2015.04.09 08:36:54.642,0.97046,0.97058,1.37,1.00
2015.04.09 08:36:55.148,0.97046,0.97059,1.00,1.00
2015.04.09 08:36:56.279,0.97046,0.97058,1.00,1.00
2015.04.09 08:36:56.583,0.97043,0.97055,1.37,1.00
2015.04.09 08:36:56.686,0.97043,0.97055,1.00,1.00
2015.04.09 08:36:58.529,0.97041,0.97055,1.12,1.00
2015.04.09 08:36:59.048,0.97041,0.97054,1.12,1.00
2015.04.09 08:37:01.507,0.97039,0.97054,1.17,1.00
2015.04.09 08:37:01.661,0.97039,0.97052,1.10,1.00
2015.04.09 08:37:01.712,0.97037,0.97052,1.20,1.00
2015.04.09 08:37:04.399,0.97037,0.97052,1.17,1.00
2015.04.09 08:37:07.279,0.97037,0.97052,1.00,1.00
2015.04.09 08:37:12.788,0.97036,0.97052,1.12,1.00
2015.04.09 08:37:13.409,0.97036,0.97051,1.12,1.00
2015.04.09 08:37:14.169,0.97036,0.97051,1.37,1.12
2015.04.09 08:37:14.676,0.97038,0.97051,1.00,1.12
2015.04.09 08:37:15.848,0.97038,0.97049,1.00,1.00
2015.04.09 08:37:16.101,0.97036,0.97048,1.00,1.00
2015.04.09 08:37:16.760,0.97036,0.97047,1.00,1.00
2015.04.09 08:37:16.862,0.97034,0.97047,1.10,1.00
2015.04.09 08:37:18.838,0.97032,0.97047,1.17,1.00
2015.04.09 08:37:20.327,0.97032,0.97047,1.55,1.00
2015.04.09 08:37:20.378,0.97036,0.97047,1.37,1.00
2015.04.09 08:37:21.493,0.97036,0.97048,1.37,1.00
2015.04.09 08:37:24.669,0.97036,0.97047,1.12,1.00
2015.04.09 08:37:27.040,0.97036,0.97045,1.12,1.00
2015.04.09 08:37:27.091,0.9703,0.97045,2.29,1.00
2015.04.09 08:37:27.142,0.97029,0.97045,1.99,1.00
2015.04.09 08:37:27.651,0.97032,0.97048,1.00,1.87
2015.04.09 08:37:28.717,0.97032,0.97045,1.10,1.00
2015.04.09 08:37:29.021,0.97031,0.97041,1.00,1.00
2015.04.09 08:37:29.325,0.97028,0.97041,1.20,1.00
2015.04.09 08:37:30.035,0.97028,0.97041,1.47,1.00
2015.04.09 08:37:33.680,0.97028,0.9704,1.47,1.00
2015.04.09 08:37:33.832,0.97025,0.97037,1.37,1.00
2015.04.09 08:37:36.772,0.97025,0.97037,1.00,1.00
2015.04.09 08:37:39.278,0.97025,0.97037,1.15,1.00
2015.04.09 08:37:42.729,0.97023,0.97037,1.55,1.00
2015.04.09 08:37:43.241,0.97025,0.97037,1.00,1.00
2015.04.09 08:37:49.316,0.97023,0.97037,1.37,1.00
2015.04.09 08:37:49.863,0.97023,0.97037,1.37,1.00
2015.04.09 08:37:55.440,0.97024,0.97037,3.45,1.00
2015.04.09 08:37:55.795,0.97025,0.97037,4.57,1.00
2015.04.09 08:37:58.858,0.97025,0.97037,1.47,1.00
2015.04.09 08:38:01.851,0.97025,0.97037,1.55,1.00
2015.04.09 08:38:03.928,0.97026,0.97037,2.25,1.00
2015.04.09 08:38:04.487,0.97027,0.97039,1.37,1.00
2015.04.09 08:38:05.096,0.9703,0.97039,1.00,1.00
2015.04.09 08:38:05.350,0.97033,0.97043,1.00,1.00
2015.04.09 08:38:05.604,0.97033,0.97045,1.10,1.00
2015.04.09 08:38:05.705,0.97033,0.97045,1.75,1.00
2015.04.09 08:38:18.020,0.97034,0.97045,1.12,1.00
2015.04.09 08:38:20.527,0.97034,0.97045,1.12,1.37
2015.04.09 08:38:21.036,0.97034,0.97043,1.12,1.37
2015.04.09 08:38:23.758,0.97034,0.97043,1.12,1.00
2015.04.09 08:38:34.963,0.97034,0.97044,1.12,1.12
2015.04.09 08:38:46.087,0.97033,0.97044,1.10,1.00
2015.04.09 08:38:46.391,0.97029,0.97038,1.75,1.00
2015.04.09 08:38:46.645,0.97029,0.9704,1.75,1.00
2015.04.09 08:38:47.303,0.97029,0.97038,1.75,1.00
2015.04.09 08:38:47.970,0.97029,0.97039,1.85,1.00
2015.04.09 08:38:49.036,0.97029,0.97039,1.10,1.00
2015.04.09 08:38:49.542,0.97029,0.97039,1.07,1.00
2015.04.09 08:38:50.074,0.97029,0.97039,1.10,1.00
2015.04.09 08:38:51.789,0.97029,0.97042,1.10,1.00
2015.04.09 08:38:52.043,0.97029,0.97039,1.37,1.00
2015.04.09 08:38:53.006,0.97029,0.97035,1.37,1.00
2015.04.09 08:38:53.209,0.97026,0.97038,1.75,1.00
2015.04.09 08:38:53.310,0.97028,0.97036,1.50,1.00
2015.04.09 08:38:53.412,0.97026,0.97033,1.00,1.00
2015.04.09 08:38:53.463,0.97025,0.97037,1.00,1.00
2015.04.09 08:38:53.665,0.97023,0.97038,1.00,1.50
2015.04.09 08:38:53.767,0.97025,0.97038,1.10,1.00
2015.04.09 08:38:54.071,0.97023,0.97036,1.57,1.00
2015.04.09 08:38:54.122,0.97024,0.97038,1.00,1.00
2015.04.09 08:38:54.643,0.97024,0.97038,1.17,1.00
2015.04.09 08:38:55.457,0.97027,0.97038,1.00,1.00
2015.04.09 08:38:55.964,0.97027,0.97039,1.20,1.00
2015.04.09 08:38:56.269,0.97025,0.97037,1.37,1.00
2015.04.09 08:38:58.625,0.97025,0.97037,1.37,1.00
2015.04.09 08:39:01.085,0.97025,0.97037,1.37,3.00
2015.04.09 08:39:01.414,0.97023,0.97031,1.00,1.00
2015.04.09 08:39:01.465,0.97023,0.97035,1.00,1.15
2015.04.09 08:39:01.516,0.97019,0.9703,1.87,1.00
2015.04.09 08:39:01.567,0.97022,0.9703,1.00,1.00
2015.04.09 08:39:01.668,0.97019,0.9703,1.50,1.00
2015.04.09 08:39:01.720,0.97021,0.97033,1.00,1.00
2015.04.09 08:39:01.821,0.97019,0.97031,1.50,1.50
2015.04.09 08:39:01.973,0.97019,0.97033,1.50,1.10
2015.04.09 08:39:02.025,0.97021,0.97033,1.00,1.00
2015.04.09 08:39:02.531,0.97021,0.97034,1.00,1.00
2015.04.09 08:39:03.310,0.97021,0.97034,1.50,1.00
2015.04.09 08:39:05.309,0.97021,0.97033,1.50,1.00
2015.04.09 08:39:06.321,0.97021,0.97033,1.50,1.00
2015.04.09 08:39:06.372,0.97021,0.97033,1.87,1.00
2015.04.09 08:39:06.676,0.97021,0.97033,1.50,1.00
2015.04.09 08:39:08.295,0.9702,0.97032,1.75,1.00
2015.04.09 08:39:08.548,0.9702,0.97034,1.75,1.00
2015.04.09 08:39:09.054,0.97021,0.97035,1.50,1.00
2015.04.09 08:39:09.308,0.97021,0.97035,1.50,1.00
2015.04.09 08:39:17.010,0.97021,0.97035,1.00,1.00
2015.04.09 08:39:17.112,0.97019,0.97035,1.50,1.00
2015.04.09 08:39:17.416,0.97021,0.97035,1.00,1.00
2015.04.09 08:39:18.519,0.97023,0.97035,1.50,1.00
2015.04.09 08:39:19.397,0.97021,0.97035,1.75,1.00
2015.04.09 08:39:19.752,0.9702,0.97033,1.75,1.00
2015.04.09 08:39:20.310,0.97018,0.97031,2.25,1.00
2015.04.09 08:39:20.412,0.97012,0.97023,1.50,1.00
2015.04.09 08:39:20.869,0.9701,0.97022,1.00,1.00
2015.04.09 08:39:20.971,0.97008,0.97022,1.00,1.00
2015.04.09 08:39:21.480,0.97007,0.97022,1.50,1.00
2015.04.09 08:39:27.423,0.97007,0.9702,1.00,1.00
2015.04.09 08:39:27.778,0.97008,0.97017,1.00,1.00
2015.04.09 08:39:28.235,0.97006,0.97017,1.00,1.00
2015.04.09 08:39:28.336,0.97007,0.97015,1.00,1.00
2015.04.09 08:39:28.792,0.97005,0.97016,1.00,1.00
2015.04.09 08:39:28.894,0.97005,0.97018,1.00,1.00
2015.04.09 08:39:30.728,0.97006,0.97016,1.00,1.00
2015.04.09 08:39:33.377,0.97006,0.97014,1.00,1.00
2015.04.09 08:39:36.127,0.97006,0.97015,1.00,1.00
2015.04.09 08:39:37.990,0.97006,0.97017,1.00,1.00
2015.04.09 08:39:38.886,0.97007,0.97018,1.00,1.37
2015.04.09 08:39:40.865,0.97006,0.97017,1.00,1.12
2015.04.09 08:39:47.646,0.97006,0.97018,1.00,1.37
2015.04.09 08:39:48.157,0.97006,0.97018,1.00,1.37
2015.04.09 08:39:48.670,0.97001,0.97015,1.00,1.00
2015.04.09 08:39:50.748,0.97001,0.97016,1.00,1.12
2015.04.09 08:39:53.495,0.96999,0.97016,2.25,1.95
2015.04.09 08:39:53.999,0.96999,0.97016,2.25,2.02
2015.04.09 08:39:55.908,0.96999,0.97015,1.00,1.87
2015.04.09 08:39:59.113,0.96999,0.97015,1.50,2.02
2015.04.09 08:39:59.216,0.96999,0.97013,1.00,3.07
2015.04.09 08:39:59.266,0.96996,0.97013,1.50,3.82
2015.04.09 08:40:00.519,0.96996,0.97012,1.00,1.17
2015.04.09 08:40:01.942,0.96996,0.97012,1.00,1.10
2015.04.09 08:40:09.272,0.96998,0.97013,1.00,1.00
2015.04.09 08:40:09.577,0.97002,0.97014,1.00,1.00
2015.04.09 08:40:10.084,0.97001,0.97015,1.00,1.00
2015.04.09 08:40:13.400,0.97001,0.97017,1.50,1.00
2015.04.09 08:40:13.452,0.97003,0.97018,1.00,1.12
2015.04.09 08:40:13.756,0.97001,0.97016,1.00,1.00
2015.04.09 08:40:15.431,0.96999,0.97015,1.00,1.00
2015.04.09 08:40:15.938,0.96999,0.97016,1.50,1.50
2015.04.09 08:40:17.804,0.96999,0.97013,1.50,1.00
2015.04.09 08:40:18.312,0.96998,0.97014,1.00,1.57
2015.04.09 08:40:18.838,0.96998,0.97014,1.00,1.65
2015.04.09 08:40:19.346,0.96998,0.97014,1.00,1.57
2015.04.09 08:40:19.850,0.96999,0.97015,1.00,1.00
2015.04.09 08:40:20.357,0.96999,0.97016,1.50,1.50
2015.04.09 08:40:20.661,0.97001,0.97017,1.00,1.00
2015.04.09 08:40:21.198,0.97,0.97016,1.00,1.50
2015.04.09 08:40:21.504,0.96997,0.97013,1.50,1.10
2015.04.09 08:40:22.457,0.97,0.97014,1.00,1.17
2015.04.09 08:40:22.858,0.97002,0.97014,1.00,1.00
2015.04.09 08:40:23.163,0.97008,0.9702,1.00,1.50
2015.04.09 08:40:23.466,0.97005,0.97017,1.00,1.00
2015.04.09 08:40:23.981,0.97004,0.97017,1.00,1.00
2015.04.09 08:40:32.921,0.97002,0.97017,1.00,1.12
2015.04.09 08:40:35.731,0.97003,0.97018,1.00,1.00
2015.04.09 08:40:36.232,0.97004,0.9702,1.00,1.65
2015.04.09 08:40:36.821,0.97006,0.9702,1.00,1.45
2015.04.09 08:40:37.368,0.97005,0.97021,1.00,1.37
2015.04.09 08:40:43.101,0.97005,0.97021,1.00,1.37
2015.04.09 08:40:44.300,0.97005,0.97021,1.87,1.12
2015.04.09 08:40:44.604,0.97007,0.97021,1.00,1.12
2015.04.09 08:40:51.131,0.97009,0.97021,1.50,1.12
2015.04.09 08:40:52.350,0.97014,0.97023,1.00,1.00
2015.04.09 08:40:52.503,0.97017,0.97032,1.12,1.55
2015.04.09 08:40:52.605,0.9702,0.97036,1.00,1.52
2015.04.09 08:40:52.656,0.9702,0.97037,1.00,2.02
2015.04.09 08:40:52.808,0.97021,0.97037,1.00,1.47
2015.04.09 08:40:52.910,0.97019,0.97035,1.00,1.10
2015.04.09 08:40:53.011,0.97017,0.97034,1.50,1.10
2015.04.09 08:40:53.520,0.97018,0.97035,1.12,1.15
2015.04.09 08:40:54.253,0.97018,0.97035,1.12,3.07
2015.04.09 08:40:54.765,0.97017,0.97034,1.37,1.17
2015.04.09 08:40:55.425,0.97017,0.97034,1.37,1.07
2015.04.09 08:40:55.959,0.97017,0.97034,1.12,1.15
2015.04.09 08:40:56.486,0.97017,0.97034,1.12,3.07
2015.04.09 08:40:57.425,0.97017,0.97033,1.12,2.32
2015.04.09 08:40:58.236,0.97017,0.97034,1.12,3.07
2015.04.09 08:40:58.743,0.97017,0.97034,1.37,3.07
2015.04.09 08:40:59.170,0.97017,0.97034,1.37,1.20
2015.04.09 08:40:59.221,0.97017,0.97034,1.37,1.17
2015.04.09 08:40:59.577,0.97017,0.97034,1.37,1.10
2015.04.09 08:41:00.236,0.97017,0.97034,1.37,1.07
2015.04.09 08:41:02.841,0.97017,0.97034,1.37,3.07
2015.04.09 08:41:03.945,0.97017,0.97034,1.12,3.07
2015.04.09 08:41:04.250,0.97014,0.97031,1.37,3.82
2015.04.09 08:41:04.402,0.97014,0.97031,1.37,1.17
2015.04.09 08:41:05.062,0.97014,0.97031,1.37,3.07
2015.04.09 08:41:05.367,0.97014,0.97031,1.00,3.07
2015.04.09 08:41:06.662,0.97014,0.9703,1.00,2.32
2015.04.09 08:41:07.169,0.97013,0.9703,1.00,6.00
2015.04.09 08:41:07.778,0.97013,0.97029,1.00,2.32
2015.04.09 08:41:08.287,0.97012,0.97026,1.00,1.17
2015.04.09 08:41:08.794,0.97012,0.97026,1.00,1.10
2015.04.09 08:41:11.370,0.97009,0.97025,1.00,2.25
2015.04.09 08:41:11.675,0.97007,0.9702,1.00,1.10
2015.04.09 08:41:11.827,0.97007,0.97023,1.00,1.10
2015.04.09 08:41:24.386,0.97009,0.97025,1.00,1.65
2015.04.09 08:41:24.894,0.97009,0.97026,1.00,1.65
2015.04.09 08:41:29.002,0.97009,0.97025,1.00,1.20
2015.04.09 08:41:29.712,0.97009,0.97026,1.00,1.00
2015.04.09 08:41:30.017,0.97015,0.97032,1.00,1.55
2015.04.09 08:41:30.828,0.97015,0.97032,1.00,1.55
2015.04.09 08:41:34.671,0.97015,0.97032,1.00,1.47
2015.04.09 08:41:34.925,0.97015,0.97032,1.00,1.10
2015.04.09 08:41:35.180,0.97019,0.97036,1.00,1.15
2015.04.09 08:41:35.651,0.97019,0.97027,1.00,1.00
2015.04.09 08:41:35.702,0.97014,0.97027,1.50,1.47
2015.04.09 08:41:35.753,0.97014,0.97024,1.00,1.00
2015.04.09 08:41:35.855,0.97014,0.97027,1.00,1.10
2015.04.09 08:41:35.958,0.97015,0.97031,1.00,1.17
2015.04.09 08:41:36.009,0.97017,0.97031,1.00,1.17
2015.04.09 08:41:36.110,0.97017,0.97032,1.00,1.00
2015.04.09 08:41:36.364,0.97017,0.97034,1.00,2.40
2015.04.09 08:41:36.568,0.97019,0.97036,1.00,2.40
2015.04.09 08:41:39.539,0.9702,0.97036,1.00,1.15
2015.04.09 08:41:40.004,0.97024,0.97035,1.00,1.00
2015.04.09 08:41:40.533,0.97024,0.97037,1.00,1.07
2015.04.09 08:41:41.042,0.97024,0.97037,1.00,1.10
2015.04.09 08:41:51.770,0.97024,0.97039,1.00,1.65
2015.04.09 08:41:52.284,0.97024,0.97039,1.00,1.15
2015.04.09 08:41:55.903,0.97024,0.97039,1.00,1.17
2015.04.09 08:41:56.698,0.97024,0.97039,1.00,1.17
2015.04.09 08:41:57.205,0.97024,0.97039,1.00,1.17
2015.04.09 08:41:57.712,0.97024,0.97039,1.00,1.15
2015.04.09 08:42:05.245,0.97024,0.9704,1.00,1.65
2015.04.09 08:42:08.110,0.97024,0.97039,1.00,1.15
2015.04.09 08:42:11.980,0.97024,0.97039,1.00,3.07
2015.04.09 08:42:14.053,0.97024,0.97038,1.00,2.32
2015.04.09 08:42:14.752,0.97024,0.97036,1.00,1.10
2015.04.09 08:42:35.440,0.97025,0.97038,1.00,1.10
2015.04.09 08:42:56.553,0.97024,0.97037,1.00,1.07
2015.04.09 08:42:57.096,0.97024,0.97037,1.00,1.15
2015.04.09 08:42:58.000,0.97024,0.97037,1.00,1.00
2015.04.09 08:42:59.871,0.97026,0.97037,1.00,1.00
2015.04.09 08:43:00.407,0.97026,0.97038,1.00,1.10
2015.04.09 08:43:01.528,0.97026,0.97038,1.00,1.17
2015.04.09 08:43:02.035,0.97025,0.97038,1.00,1.17
2015.04.09 08:43:12.553,0.97025,0.9704,1.00,1.52
2015.04.09 08:43:13.122,0.97025,0.9704,1.00,3.45
2015.04.09 08:43:13.629,0.97025,0.9704,1.00,1.52
2015.04.09 08:43:14.351,0.97025,0.9704,1.00,1.17
2015.04.09 08:43:14.858,0.97025,0.9704,1.00,1.15
2015.04.09 08:43:17.155,0.97025,0.9704,1.00,1.07
2015.04.09 08:43:17.562,0.97025,0.9704,1.00,3.07
2015.04.09 08:43:18.070,0.97025,0.9704,1.00,1.52
2015.04.09 08:43:18.678,0.97025,0.9704,1.00,1.55
2015.04.09 08:43:24.269,0.97028,0.97043,1.00,1.37
2015.04.09 08:43:29.979,0.97027,0.97042,1.00,1.37
2015.04.09 08:43:30.286,0.97027,0.97042,1.00,1.37
2015.04.09 08:43:30.852,0.97027,0.97042,1.00,1.37
2015.04.09 08:43:32.420,0.97029,0.97041,1.00,1.20
2015.04.09 08:43:32.727,0.97023,0.97038,1.00,2.25
2015.04.09 08:43:33.335,0.97023,0.97035,1.00,1.00
2015.04.09 08:43:33.793,0.97022,0.97033,1.00,1.00
2015.04.09 08:43:33.845,0.9702,0.97033,1.00,1.57
2015.04.09 08:43:34.367,0.9702,0.97033,1.00,1.95
2015.04.09 08:43:35.898,0.9702,0.97033,1.00,1.95
2015.04.09 08:43:36.407,0.9702,0.97033,1.00,1.87
2015.04.09 08:43:39.330,0.9702,0.97033,1.00,1.87
2015.04.09 08:43:44.191,0.97019,0.97033,1.00,1.37
2015.04.09 08:43:44.952,0.97019,0.97036,1.00,1.37
2015.04.09 08:43:45.053,0.97023,0.97037,1.00,1.37
2015.04.09 08:43:45.155,0.97023,0.97037,1.00,1.37
2015.04.09 08:43:46.136,0.97023,0.97037,1.00,1.12
2015.04.09 08:43:49.206,0.97023,0.97037,1.00,1.37
2015.04.09 08:43:50.778,0.97023,0.97037,1.00,1.37
2015.04.09 08:43:52.291,0.97023,0.97036,1.00,1.45
2015.04.09 08:43:52.342,0.97021,0.97036,1.00,1.55
2015.04.09 08:43:52.849,0.9702,0.97036,1.00,1.37
2015.04.09 08:43:54.005,0.9702,0.97037,3.00,1.37
2015.04.09 08:43:54.057,0.97021,0.97037,1.15,1.37
2015.04.09 08:43:54.159,0.97024,0.97041,1.00,1.87
2015.04.09 08:43:59.973,0.97024,0.9704,1.00,1.37
2015.04.09 08:44:00.330,0.97023,0.9704,1.00,1.95
2015.04.09 08:44:00.837,0.97023,0.9704,1.00,1.95
2015.04.09 08:44:02.674,0.97023,0.97034,1.00,1.00
2015.04.09 08:44:02.776,0.97022,0.97037,1.00,1.12
2015.04.09 08:44:02.878,0.97022,0.97037,1.00,1.37
2015.04.09 08:44:03.847,0.97022,0.97037,1.00,1.87
2015.04.09 08:44:05.399,0.97022,0.97037,1.00,1.95
2015.04.09 08:44:05.906,0.97022,0.97036,1.00,1.47
2015.04.09 08:44:06.971,0.97019,0.97034,1.00,1.12
2015.04.09 08:44:09.805,0.9702,0.97036,1.00,1.47
2015.04.09 08:44:09.907,0.9702,0.97036,1.00,1.10
2015.04.09 08:44:10.262,0.97022,0.97037,1.00,1.20
2015.04.09 08:44:14.662,0.97021,0.97037,1.00,1.20
2015.04.09 08:44:15.212,0.97021,0.97037,1.00,1.27
2015.04.09 08:44:15.415,0.97018,0.97033,1.00,1.20
2015.04.09 08:44:16.321,0.97017,0.97033,1.00,1.12
2015.04.09 08:44:16.827,0.97018,0.97033,1.00,1.00
2015.04.09 08:44:17.721,0.97019,0.97033,1.00,1.00
2015.04.09 08:44:23.245,0.97019,0.97036,1.00,2.77
2015.04.09 08:44:23.347,0.97019,0.97036,1.00,1.95
2015.04.09 08:44:23.450,0.97021,0.97036,1.00,1.27
2015.04.09 08:44:23.962,0.97021,0.97036,1.00,1.12
2015.04.09 08:44:24.316,0.97024,0.97039,1.00,1.37
2015.04.09 08:44:24.520,0.97024,0.97041,1.50,1.12
2015.04.09 08:44:24.571,0.97026,0.97043,1.00,1.95
2015.04.09 08:44:24.622,0.97026,0.97043,1.00,1.20
2015.04.09 08:44:24.673,0.97028,0.97044,1.00,1.37
2015.04.09 08:44:24.977,0.9703,0.97044,1.00,1.00
2015.04.09 08:44:25.483,0.97035,0.97044,1.00,1.00
2015.04.09 08:44:25.534,0.97035,0.97049,1.00,1.15
2015.04.09 08:44:25.586,0.97041,0.97049,1.00,1.00
2015.04.09 08:44:25.637,0.97042,0.97056,1.00,2.02
2015.04.09 08:44:25.688,0.97042,0.97056,1.00,1.12
2015.04.09 08:44:25.739,0.97042,0.97059,1.00,2.02
2015.04.09 08:44:25.992,0.97044,0.97061,1.00,1.45
2015.04.09 08:44:26.994,0.97044,0.97061,1.00,1.27
2015.04.09 08:44:27.964,0.97044,0.97061,1.00,1.20
2015.04.09 08:44:31.189,0.97045,0.97061,1.00,1.00
2015.04.09 08:44:31.241,0.97046,0.97063,1.00,1.95
2015.04.09 08:44:31.774,0.97047,0.97063,1.00,1.12
2015.04.09 08:44:35.839,0.97045,0.97053,1.00,1.00
2015.04.09 08:44:35.891,0.97045,0.9705,1.00,1.00
2015.04.09 08:44:35.942,0.97044,0.97052,1.00,1.00
2015.04.09 08:44:35.993,0.97039,0.97052,1.00,1.00
2015.04.09 08:44:36.095,0.97042,0.97052,1.00,1.00
2015.04.09 08:44:36.146,0.97042,0.97059,1.00,2.40
2015.04.09 08:44:36.197,0.97042,0.97059,1.10,1.12
2015.04.09 08:44:36.299,0.97047,0.97062,1.00,1.47
2015.04.09 08:44:36.603,0.97047,0.97062,1.00,1.10
2015.04.09 08:44:39.743,0.97045,0.97062,1.00,1.57
2015.04.09 08:44:55.873,0.97045,0.97061,1.00,1.00
2015.04.09 08:44:57.696,0.97047,0.97061,1.00,1.00
2015.04.09 08:44:57.799,0.97047,0.97064,1.00,1.65
2015.04.09 08:44:58.306,0.97046,0.97063,1.00,1.57
2015.04.09 08:45:02.178,0.97047,0.97064,1.00,1.57
2015.04.09 08:45:02.229,0.97049,0.97064,1.00,1.00
2015.04.09 08:45:02.433,0.97047,0.97064,1.00,1.57
2015.04.09 08:45:03.785,0.97049,0.97065,1.00,1.10
2015.04.09 08:45:03.887,0.97052,0.97069,1.00,1.57
2015.04.09 08:45:04.090,0.97055,0.97069,1.00,1.00
2015.04.09 08:45:05.171,0.9705,0.97061,1.17,1.00
2015.04.09 08:45:05.527,0.97043,0.97059,3.45,1.00
2015.04.09 08:45:10.333,0.97044,0.97059,2.70,1.00
2015.04.09 08:45:11.341,0.97044,0.9706,2.70,1.00
2015.04.09 08:45:11.442,0.97044,0.97058,2.70,1.00
2015.04.09 08:45:12.050,0.97044,0.97058,1.27,1.00
2015.04.09 08:45:12.568,0.97044,0.97058,3.45,1.00
2015.04.09 08:45:13.076,0.97044,0.97058,1.27,1.00
2015.04.09 08:45:13.586,0.97043,0.97058,1.52,1.00
2015.04.09 08:45:15.085,0.97043,0.97058,2.70,1.00
2015.04.09 08:45:16.757,0.97043,0.97058,1.52,1.00
2015.04.09 08:45:41.192,0.97044,0.97058,1.27,1.00
2015.04.09 08:45:43.779,0.97044,0.97058,1.27,1.00
2015.04.09 08:45:44.339,0.97044,0.97058,1.27,1.00
2015.04.09 08:45:45.561,0.97044,0.97058,1.27,1.00
2015.04.09 08:45:46.485,0.97046,0.97058,1.10,1.00
2015.04.09 08:45:46.998,0.97046,0.97058,1.17,1.00
2015.04.09 08:45:47.710,0.97043,0.97058,3.74,1.00
2015.04.09 08:45:48.014,0.97041,0.97056,3.07,1.00
2015.04.09 08:45:48.318,0.9704,0.97054,2.32,1.00
2015.04.09 08:45:49.488,0.97041,0.97054,2.32,1.00
2015.04.09 08:45:50.015,0.9704,0.97054,3.45,1.00
2015.04.09 08:45:50.521,0.97041,0.97054,2.32,1.00
2015.04.09 08:45:52.716,0.9704,0.97054,2.70,1.00
2015.04.09 08:45:53.311,0.97041,0.97054,2.32,1.00
2015.04.09 08:45:55.487,0.9704,0.97054,2.70,1.00
2015.04.09 08:45:55.993,0.97041,0.97054,2.32,1.00
2015.04.09 08:45:56.499,0.9704,0.97054,2.70,1.00
2015.04.09 08:45:57.006,0.97039,0.97054,4.87,1.00
2015.04.09 08:45:57.484,0.97042,0.97054,2.32,1.00
2015.04.09 08:45:57.638,0.97046,0.97059,1.44,1.00
2015.04.09 08:45:58.196,0.97047,0.97059,1.44,1.00
2015.04.09 08:45:59.549,0.97047,0.97062,1.56,1.00
2015.04.09 08:46:00.124,0.97047,0.97062,1.56,1.00
2015.04.09 08:46:02.294,0.97048,0.97064,1.44,1.00
2015.04.09 08:46:06.441,0.97049,0.97064,1.46,1.00
2015.04.09 08:46:06.594,0.9705,0.97066,3.36,1.00
2015.04.09 08:46:06.747,0.97066,0.97077,1.00,2.70
2015.04.09 08:46:06.798,0.97062,0.97069,1.29,1.00
2015.04.09 08:46:06.900,0.97066,0.97076,1.00,1.00
2015.04.09 08:46:07.154,0.97064,0.97077,1.10,1.00
2015.04.09 08:46:07.306,0.97066,0.97077,1.00,1.00
2015.04.09 08:46:08.673,0.97065,0.97077,1.46,1.00
2015.04.09 08:46:08.876,0.97067,0.97079,1.10,1.00
2015.04.09 08:46:11.303,0.97065,0.97079,3.36,1.00
2015.04.09 08:46:11.780,0.97065,0.97079,1.17,1.00
2015.04.09 08:46:11.883,0.97064,0.97078,1.04,1.00
2015.04.09 08:46:11.992,0.97061,0.97073,1.36,1.00
2015.04.09 08:46:12.652,0.9706,0.97073,1.10,1.00
2015.04.09 08:46:12.704,0.9706,0.97073,3.07,1.00
2015.04.09 08:46:12.805,0.9706,0.97073,1.17,1.00
2015.04.09 08:46:14.320,0.97058,0.97073,1.15,1.00
2015.04.09 08:46:18.129,0.97054,0.9707,1.17,1.00
2015.04.09 08:46:18.230,0.97052,0.97067,1.17,1.00
2015.04.09 08:46:19.121,0.97053,0.97069,1.10,1.00
2015.04.09 08:46:22.925,0.97051,0.97069,1.17,1.00
2015.04.09 08:46:23.077,0.97051,0.97067,1.15,1.00
2015.04.09 08:46:30.559,0.97052,0.97067,1.15,1.00
2015.04.09 08:46:31.066,0.97054,0.97067,1.17,1.00
2015.04.09 08:46:32.960,0.97054,0.97069,1.07,1.00
2015.04.09 08:46:33.467,0.97052,0.97069,1.65,1.00
