2015.04.22 13:00:00.230,0.96369,0.96382,1.00,1.00
2015.04.22 13:00:00.737,0.9637,0.96383,1.00,1.12
2015.04.22 13:00:01.043,0.96375,0.96388,1.00,1.50
2015.04.22 13:00:01.552,0.96376,0.96389,1.00,1.12
2015.04.22 13:00:02.519,0.96377,0.96392,1.00,3.00
2015.04.22 13:00:02.876,0.9638,0.96392,1.00,2.25
2015.04.22 13:00:03.130,0.96382,0.96397,1.00,1.12
2015.04.22 13:00:03.865,0.96379,0.96392,1.00,1.00
2015.04.22 13:00:04.068,0.96379,0.96395,1.00,1.00
2015.04.22 13:00:04.474,0.96379,0.96394,1.37,1.00
2015.04.22 13:00:04.778,0.96384,0.96399,1.00,1.75
2015.04.22 13:00:05.235,0.96385,0.96399,1.00,1.00
2015.04.22 13:00:05.337,0.96385,0.96401,1.00,1.12
2015.04.22 13:00:05.388,0.96387,0.96401,1.00,1.12
2015.04.22 13:00:05.743,0.96386,0.96399,1.00,1.00
2015.04.22 13:00:06.069,0.96387,0.96401,1.00,1.12
2015.04.22 13:00:08.229,0.96387,0.96402,1.00,1.12
2015.04.22 13:00:10.253,0.96386,0.96402,1.00,1.12
2015.04.22 13:00:10.810,0.96386,0.96401,1.00,1.00
2015.04.22 13:00:11.469,0.96387,0.964,1.00,1.00
2015.04.22 13:00:11.672,0.96389,0.96402,1.00,1.87
2015.04.22 13:00:12.202,0.9639,0.96403,1.00,1.12
2015.04.22 13:00:12.507,0.96395,0.96406,1.00,2.25
2015.04.22 13:00:12.608,0.96395,0.96411,1.00,1.00
2015.04.22 13:00:12.761,0.96397,0.9641,1.00,1.00
2015.04.22 13:00:13.271,0.96398,0.96411,1.00,1.00
2015.04.22 13:00:13.780,0.96399,0.96413,1.00,1.00
2015.04.22 13:00:13.905,0.96399,0.96415,1.00,2.62
2015.04.22 13:00:13.956,0.96401,0.96415,1.00,1.87
2015.04.22 13:00:14.730,0.964,0.96415,1.00,1.12
2015.04.22 13:00:16.170,0.96401,0.96415,1.00,1.12
2015.04.22 13:00:16.677,0.964,0.96415,1.00,1.12
2015.04.22 13:00:21.313,0.964,0.96416,1.00,1.00
2015.04.22 13:00:21.740,0.96402,0.96416,1.00,1.00
2015.04.22 13:00:22.458,0.96401,0.96416,1.00,1.00
2015.04.22 13:00:22.763,0.96406,0.96418,1.00,1.50
2015.04.22 13:00:22.865,0.96402,0.96415,1.00,1.00
2015.04.22 13:00:24.210,0.96404,0.96417,1.00,1.50
2015.04.22 13:00:27.507,0.96403,0.96416,1.00,1.00
2015.04.22 13:00:28.029,0.96403,0.96417,1.00,1.00
2015.04.22 13:00:28.565,0.96403,0.96416,1.00,1.00
2015.04.22 13:00:29.728,0.96402,0.96415,1.00,1.00
2015.04.22 13:00:31.445,0.964,0.96413,1.00,1.00
2015.04.22 13:00:31.700,0.96391,0.96407,1.50,1.37
2015.04.22 13:00:31.955,0.96391,0.96402,1.00,2.25
2015.04.22 13:00:32.425,0.96392,0.96406,1.00,1.50
2015.04.22 13:00:32.578,0.96394,0.96406,1.00,1.00
2015.04.22 13:00:32.782,0.96391,0.96404,1.10,1.00
2015.04.22 13:00:32.988,0.96393,0.96406,1.00,1.00
2015.04.22 13:00:33.548,0.96392,0.96405,1.00,1.00
2015.04.22 13:00:34.061,0.96393,0.96406,1.00,1.00
2015.04.22 13:00:34.368,0.96399,0.96412,1.00,1.00
2015.04.22 13:00:34.674,0.96402,0.96415,1.00,1.00
2015.04.22 13:00:35.332,0.96403,0.96417,1.00,1.12
2015.04.22 13:00:36.420,0.96404,0.96417,1.00,1.12
2015.04.22 13:00:38.874,0.96404,0.96417,1.00,1.37
2015.04.22 13:00:38.925,0.96406,0.96417,1.00,1.37
2015.04.22 13:00:39.533,0.96406,0.96417,1.00,1.00
2015.04.22 13:00:40.049,0.96406,0.96417,1.00,1.37
2015.04.22 13:00:40.406,0.96407,0.96417,1.00,1.00
2015.04.22 13:00:40.509,0.9641,0.96423,1.00,1.87
2015.04.22 13:00:40.611,0.9641,0.96423,1.00,1.12
2015.04.22 13:00:40.713,0.96414,0.96425,1.00,1.50
2015.04.22 13:00:41.481,0.96415,0.96427,1.00,1.37
2015.04.22 13:00:41.993,0.96416,0.9643,1.00,1.87
2015.04.22 13:00:42.146,0.96415,0.9643,1.00,1.37
2015.04.22 13:00:42.604,0.96416,0.96433,1.00,2.25
2015.04.22 13:00:42.935,0.96416,0.96433,1.00,2.25
2015.04.22 13:00:43.443,0.96415,0.96433,1.50,2.25
2015.04.22 13:00:43.972,0.96416,0.96433,1.00,3.00
2015.04.22 13:00:44.023,0.96415,0.96432,1.00,1.37
2015.04.22 13:00:44.328,0.96415,0.96431,1.00,1.37
2015.04.22 13:00:46.428,0.96414,0.96431,1.00,3.75
2015.04.22 13:00:47.087,0.96417,0.96431,1.00,2.25
2015.04.22 13:00:47.392,0.96424,0.96431,2.32,1.12
2015.04.22 13:00:47.723,0.96429,0.96438,2.32,1.87
2015.04.22 13:00:48.234,0.96429,0.96437,2.32,1.37
2015.04.22 13:00:48.441,0.96429,0.96439,2.32,1.87
2015.04.22 13:00:48.543,0.96429,0.96439,2.32,1.50
2015.04.22 13:00:49.008,0.96427,0.96439,4.50,1.37
2015.04.22 13:00:49.667,0.96427,0.96439,4.50,1.87
2015.04.22 13:00:50.098,0.96429,0.96441,2.32,4.12
2015.04.22 13:00:50.505,0.96434,0.96443,2.32,1.12
2015.04.22 13:00:50.709,0.96428,0.96446,1.15,1.00
2015.04.22 13:00:50.811,0.96425,0.96439,1.17,1.00
2015.04.22 13:00:53.409,0.96425,0.96439,1.17,1.37
2015.04.22 13:00:54.024,0.96425,0.96439,3.07,1.37
2015.04.22 13:00:55.563,0.96427,0.9644,1.17,1.12
2015.04.22 13:00:55.614,0.96427,0.9644,3.07,1.12
2015.04.22 13:00:55.920,0.96429,0.96442,1.15,1.12
2015.04.22 13:00:56.428,0.96429,0.96442,1.17,1.00
2015.04.22 13:00:56.835,0.9643,0.96443,1.07,1.00
2015.04.22 13:00:56.886,0.96431,0.96448,1.17,1.87
2015.04.22 13:00:57.445,0.96431,0.96444,1.65,1.00
2015.04.22 13:00:57.952,0.96432,0.96445,1.10,1.12
2015.04.22 13:00:58.377,0.96432,0.96445,1.07,1.12
2015.04.22 13:00:59.294,0.96434,0.96447,1.17,1.37
2015.04.22 13:00:59.599,0.96436,0.96451,1.17,1.37
2015.04.22 13:00:59.650,0.96436,0.96452,1.17,1.12
2015.04.22 13:00:59.701,0.96437,0.96452,2.32,1.12
2015.04.22 13:01:00.007,0.96441,0.96455,2.32,1.37
2015.04.22 13:01:00.973,0.96441,0.96455,2.32,1.37
2015.04.22 13:01:01.481,0.9644,0.96457,2.32,2.25
2015.04.22 13:01:01.786,0.96442,0.96457,2.32,2.25
2015.04.22 13:01:01.939,0.9644,0.96452,2.32,1.00
2015.04.22 13:01:02.450,0.96441,0.96457,3.07,1.50
2015.04.22 13:01:03.059,0.96441,0.96457,2.32,1.50
2015.04.22 13:01:03.595,0.96445,0.96461,1.00,1.87
2015.04.22 13:01:03.646,0.96447,0.96461,2.32,1.37
2015.04.22 13:01:03.748,0.96445,0.96462,1.00,1.37
2015.04.22 13:01:03.901,0.96448,0.96465,1.00,2.25
2015.04.22 13:01:03.952,0.96448,0.96465,1.00,3.00
2015.04.22 13:01:04.156,0.96448,0.96465,1.00,1.37
2015.04.22 13:01:04.665,0.96449,0.96465,1.00,1.87
2015.04.22 13:01:05.428,0.96452,0.96465,1.00,1.37
2015.04.22 13:01:05.479,0.96452,0.96466,1.00,1.37
2015.04.22 13:01:05.581,0.96458,0.96473,1.00,1.87
2015.04.22 13:01:06.089,0.96457,0.96473,1.00,1.37
2015.04.22 13:01:06.445,0.96454,0.96466,1.00,1.00
2015.04.22 13:01:06.497,0.96454,0.96466,1.00,1.37
2015.04.22 13:01:06.549,0.96447,0.96462,1.50,1.00
2015.04.22 13:01:06.752,0.9645,0.96463,1.00,1.00
2015.04.22 13:01:07.006,0.96448,0.96463,1.00,1.00
2015.04.22 13:01:07.158,0.96448,0.96462,1.00,1.37
2015.04.22 13:01:07.463,0.96437,0.96446,1.12,1.37
2015.04.22 13:01:07.565,0.96434,0.9644,1.00,1.37
2015.04.22 13:01:07.667,0.96433,0.9644,1.00,1.37
2015.04.22 13:01:07.719,0.96423,0.9644,1.00,1.37
2015.04.22 13:01:07.770,0.96421,0.9644,1.12,1.37
2015.04.22 13:01:08.462,0.96421,0.96436,1.50,1.00
2015.04.22 13:01:09.123,0.96422,0.96436,1.00,1.00
2015.04.22 13:01:09.428,0.96424,0.96438,1.00,1.00
2015.04.22 13:01:09.935,0.96423,0.96439,1.12,1.00
2015.04.22 13:01:10.443,0.96423,0.96438,1.12,1.00
2015.04.22 13:01:10.950,0.96427,0.96442,1.00,1.00
2015.04.22 13:01:11.256,0.96427,0.96442,1.37,1.00
2015.04.22 13:01:11.762,0.9643,0.96443,1.37,1.00
2015.04.22 13:01:12.077,0.96432,0.96445,1.37,1.00
2015.04.22 13:01:12.806,0.96433,0.96446,1.12,1.00
2015.04.22 13:01:13.313,0.96433,0.96446,1.37,1.00
2015.04.22 13:01:13.822,0.96434,0.96447,1.00,1.00
2015.04.22 13:01:16.106,0.96437,0.9645,1.00,1.50
2015.04.22 13:01:16.418,0.96441,0.96452,1.00,1.00
2015.04.22 13:01:16.571,0.96443,0.96456,1.00,1.50
2015.04.22 13:01:17.078,0.96442,0.96455,1.00,1.00
2015.04.22 13:01:17.434,0.96442,0.96447,1.00,1.00
2015.04.22 13:01:17.537,0.96435,0.96442,1.00,1.12
2015.04.22 13:01:17.639,0.96432,0.96439,1.00,1.00
2015.04.22 13:01:17.691,0.96426,0.96439,1.00,1.00
2015.04.22 13:01:17.793,0.96422,0.96437,1.55,1.00
2015.04.22 13:01:17.996,0.96428,0.96441,1.00,1.00
2015.04.22 13:01:18.505,0.96429,0.96442,1.00,1.00
2015.04.22 13:01:19.013,0.9643,0.96443,1.00,1.00
2015.04.22 13:01:19.637,0.96429,0.96442,1.00,1.00
2015.04.22 13:01:21.418,0.96428,0.96441,1.20,1.00
2015.04.22 13:01:21.929,0.96429,0.96442,1.00,1.00
2015.04.22 13:01:22.473,0.9643,0.96443,1.00,1.00
2015.04.22 13:01:22.524,0.96434,0.96446,1.00,1.00
2015.04.22 13:01:22.828,0.96435,0.96448,1.10,1.00
2015.04.22 13:01:23.336,0.96435,0.96448,1.17,1.00
2015.04.22 13:01:23.490,0.96436,0.96449,1.15,1.00
2015.04.22 13:01:23.592,0.96436,0.96449,1.00,1.00
2015.04.22 13:01:24.150,0.96439,0.96451,1.00,1.00
2015.04.22 13:01:24.293,0.9644,0.96454,1.00,1.00
2015.04.22 13:01:24.400,0.96443,0.96455,1.00,1.50
2015.04.22 13:01:24.604,0.96448,0.96463,1.07,1.00
2015.04.22 13:01:24.706,0.96448,0.96462,1.00,2.32
2015.04.22 13:01:24.808,0.96449,0.96463,1.00,1.10
2015.04.22 13:01:25.318,0.96449,0.96464,1.00,1.10
2015.04.22 13:01:27.136,0.96449,0.96465,1.00,1.55
2015.04.22 13:01:27.653,0.96453,0.96465,1.00,1.47
2015.04.22 13:01:27.704,0.96453,0.96466,1.00,1.47
2015.04.22 13:01:27.806,0.9645,0.96466,1.00,1.37
2015.04.22 13:01:28.793,0.96451,0.96468,1.20,2.62
2015.04.22 13:01:28.896,0.96454,0.9647,1.00,1.37
2015.04.22 13:01:29.203,0.96458,0.96469,1.00,1.37
2015.04.22 13:01:29.479,0.96466,0.96474,1.00,1.87
2015.04.22 13:01:29.734,0.96467,0.96479,1.17,1.37
2015.04.22 13:01:29.785,0.96469,0.96481,1.00,1.87
2015.04.22 13:01:30.294,0.96468,0.96482,1.00,1.37
2015.04.22 13:01:30.699,0.9647,0.96481,1.00,1.37
2015.04.22 13:01:30.801,0.96465,0.9648,1.10,1.37
2015.04.22 13:01:31.005,0.96465,0.9648,1.10,1.37
2015.04.22 13:01:31.525,0.96464,0.96481,1.10,1.37
2015.04.22 13:01:31.881,0.96462,0.96481,1.65,1.95
2015.04.22 13:01:32.346,0.96462,0.96478,1.00,1.37
2015.04.22 13:01:32.398,0.9646,0.96478,1.50,1.37
2015.04.22 13:01:32.754,0.96459,0.96472,1.00,1.37
2015.04.22 13:01:32.856,0.96457,0.96471,1.00,1.12
2015.04.22 13:01:32.958,0.96459,0.96471,1.12,1.12
2015.04.22 13:01:33.111,0.9646,0.96473,1.00,1.00
2015.04.22 13:01:33.315,0.96458,0.96471,1.50,1.00
2015.04.22 13:01:33.837,0.96459,0.96472,1.00,1.37
2015.04.22 13:01:34.366,0.96458,0.96471,1.50,1.37
2015.04.22 13:01:35.336,0.96457,0.96469,1.00,1.00
2015.04.22 13:01:35.641,0.96456,0.96467,1.00,1.00
2015.04.22 13:01:35.743,0.96456,0.96469,1.00,1.12
2015.04.22 13:01:35.845,0.96453,0.96468,1.00,1.37
2015.04.22 13:01:36.373,0.96453,0.96466,1.00,1.00
2015.04.22 13:01:36.882,0.96453,0.96466,1.00,1.37
2015.04.22 13:01:36.983,0.96454,0.96467,1.00,1.12
2015.04.22 13:01:37.491,0.96453,0.96466,1.00,1.00
2015.04.22 13:01:38.372,0.96452,0.96465,1.00,1.00
2015.04.22 13:01:38.728,0.96453,0.96468,1.00,1.37
2015.04.22 13:01:38.932,0.96455,0.96468,1.00,1.12
2015.04.22 13:01:39.239,0.96465,0.96477,1.00,1.75
2015.04.22 13:01:39.544,0.96469,0.96482,1.00,1.47
2015.04.22 13:01:39.697,0.96467,0.96477,1.00,1.12
2015.04.22 13:01:39.799,0.96461,0.96474,4.57,1.12
2015.04.22 13:01:39.850,0.96461,0.96474,1.50,1.12
2015.04.22 13:01:39.901,0.96469,0.96474,1.00,1.00
2015.04.22 13:01:39.952,0.96469,0.96477,1.00,1.12
2015.04.22 13:01:41.125,0.96466,0.96479,1.00,1.97
2015.04.22 13:01:41.278,0.96462,0.96475,1.00,1.37
2015.04.22 13:01:41.329,0.96469,0.96475,1.00,1.00
2015.04.22 13:01:41.380,0.96469,0.9648,1.50,1.05
2015.04.22 13:01:41.431,0.96469,0.96479,1.00,1.72
2015.04.22 13:01:41.483,0.96463,0.96476,1.10,1.37
2015.04.22 13:01:41.534,0.96469,0.96476,1.00,1.37
2015.04.22 13:01:41.585,0.96469,0.96479,1.00,1.37
2015.04.22 13:01:41.687,0.96469,0.96481,1.00,1.97
2015.04.22 13:01:41.789,0.96469,0.96481,1.00,1.95
2015.04.22 13:01:43.081,0.96469,0.96482,1.00,1.37
2015.04.22 13:01:46.049,0.96469,0.9648,1.00,1.37
2015.04.22 13:01:46.599,0.96469,0.96481,1.00,1.37
2015.04.22 13:01:47.057,0.96468,0.96481,1.50,1.72
2015.04.22 13:01:47.210,0.96462,0.96475,1.00,1.37
2015.04.22 13:01:47.261,0.96462,0.96475,1.60,1.00
2015.04.22 13:01:47.312,0.96467,0.96477,1.00,1.12
2015.04.22 13:01:47.516,0.96462,0.96474,1.35,1.00
2015.04.22 13:01:47.617,0.96469,0.96476,1.00,1.00
2015.04.22 13:01:48.124,0.96469,0.96481,1.00,1.75
2015.04.22 13:01:49.691,0.96469,0.96481,1.00,1.75
2015.04.22 13:01:50.199,0.96469,0.96481,1.00,1.37
2015.04.22 13:01:50.718,0.96469,0.96481,1.00,1.37
2015.04.22 13:01:51.221,0.96467,0.96481,1.00,1.37
2015.04.22 13:01:51.373,0.96468,0.96481,1.00,1.37
2015.04.22 13:01:51.576,0.96468,0.96481,1.00,1.37
2015.04.22 13:01:52.083,0.96468,0.96481,1.00,1.00
2015.04.22 13:01:52.236,0.96471,0.96483,1.00,1.00
2015.04.22 13:01:52.355,0.96471,0.96485,1.00,1.00
2015.04.22 13:01:52.560,0.96471,0.96483,1.00,1.00
2015.04.22 13:01:55.997,0.96471,0.96482,1.00,1.00
2015.04.22 13:01:56.829,0.96469,0.96482,1.50,1.00
2015.04.22 13:01:56.982,0.96469,0.96479,1.00,1.00
2015.04.22 13:01:58.252,0.96466,0.96479,1.00,1.00
2015.04.22 13:01:58.509,0.96463,0.96475,1.65,1.00
2015.04.22 13:01:58.610,0.96459,0.96475,1.50,1.00
2015.04.22 13:01:58.661,0.96461,0.96475,1.00,1.00
2015.04.22 13:01:59.168,0.96461,0.96474,1.57,1.00
2015.04.22 13:02:04.390,0.96461,0.96474,1.10,1.37
2015.04.22 13:02:04.542,0.9645,0.96465,1.52,1.00
2015.04.22 13:02:04.593,0.9645,0.96463,1.52,1.00
2015.04.22 13:02:04.898,0.96449,0.96462,1.15,1.00
2015.04.22 13:02:07.676,0.96453,0.96466,1.00,1.00
2015.04.22 13:02:07.778,0.96455,0.96468,1.00,1.87
2015.04.22 13:02:08.286,0.96453,0.96468,1.10,1.12
2015.04.22 13:02:08.796,0.96453,0.96468,1.57,1.12
2015.04.22 13:02:09.304,0.96453,0.96468,1.07,1.37
2015.04.22 13:02:09.812,0.96455,0.96468,1.00,1.37
2015.04.22 13:02:10.346,0.96454,0.96467,1.10,1.12
2015.04.22 13:02:10.855,0.96456,0.96469,1.00,1.87
2015.04.22 13:02:11.362,0.96457,0.96469,1.00,1.37
2015.04.22 13:02:13.387,0.96456,0.96469,1.00,2.08
2015.04.22 13:02:14.355,0.96457,0.96469,1.00,1.65
2015.04.22 13:02:15.539,0.96457,0.96469,1.00,1.12
2015.04.22 13:02:15.691,0.96459,0.9647,1.00,1.00
2015.04.22 13:02:16.309,0.9646,0.96474,1.00,1.65
2015.04.22 13:02:17.663,0.9646,0.96474,1.00,1.65
2015.04.22 13:02:18.069,0.9646,0.96474,1.00,1.33
2015.04.22 13:02:18.892,0.9646,0.96474,1.17,1.12
2015.04.22 13:02:18.994,0.96465,0.96475,1.00,1.00
2015.04.22 13:02:19.046,0.96465,0.96478,1.10,1.37
2015.04.22 13:02:19.147,0.96465,0.96481,1.07,1.33
2015.04.22 13:02:19.301,0.96465,0.96478,1.10,1.00
2015.04.22 13:02:19.606,0.9646,0.96473,1.00,1.12
2015.04.22 13:02:20.419,0.96461,0.96474,1.00,1.12
2015.04.22 13:02:22.715,0.96462,0.96475,1.00,1.37
2015.04.22 13:02:23.021,0.96464,0.96475,1.00,1.00
2015.04.22 13:02:23.073,0.96466,0.96478,1.00,1.12
2015.04.22 13:02:23.175,0.96466,0.96481,1.17,1.37
2015.04.22 13:02:23.683,0.96466,0.96479,1.17,1.00
2015.04.22 13:02:24.723,0.96466,0.96479,1.10,1.00
2015.04.22 13:02:24.825,0.96463,0.96475,1.07,1.00
2015.04.22 13:02:24.978,0.9646,0.96472,1.00,1.87
2015.04.22 13:02:25.029,0.96454,0.96464,1.07,1.00
2015.04.22 13:02:25.081,0.96454,0.96464,1.00,1.00
2015.04.22 13:02:25.132,0.9645,0.96464,1.50,1.00
2015.04.22 13:02:25.488,0.9645,0.96462,1.17,1.00
2015.04.22 13:02:25.894,0.96448,0.96462,1.52,1.37
2015.04.22 13:02:26.695,0.96448,0.96462,1.15,1.00
2015.04.22 13:02:27.204,0.96448,0.96464,1.15,1.37
2015.04.22 13:02:31.487,0.96447,0.96463,1.15,1.37
2015.04.22 13:02:31.945,0.96447,0.96462,1.10,1.37
2015.04.22 13:02:33.208,0.96447,0.9646,1.00,1.00
2015.04.22 13:02:33.716,0.96447,0.96461,1.00,1.12
2015.04.22 13:02:35.834,0.9645,0.96463,1.00,1.47
2015.04.22 13:02:36.340,0.96449,0.96462,1.00,1.37
2015.04.22 13:02:37.783,0.96449,0.96462,1.00,1.00
2015.04.22 13:02:38.890,0.96449,0.96462,1.37,1.00
2015.04.22 13:02:41.003,0.96447,0.9646,1.87,1.00
2015.04.22 13:02:41.511,0.96448,0.96461,1.37,1.00
2015.04.22 13:02:42.019,0.96447,0.9646,1.47,1.00
2015.04.22 13:02:42.401,0.96447,0.9646,1.37,1.00
2015.04.22 13:02:44.651,0.96447,0.9646,1.37,1.00
2015.04.22 13:02:45.159,0.96446,0.96459,1.00,1.00
2015.04.22 13:02:45.261,0.96446,0.96459,1.00,1.37
2015.04.22 13:02:45.414,0.9644,0.96455,3.07,1.00
2015.04.22 13:02:45.465,0.9644,0.96455,1.17,1.00
2015.04.22 13:02:45.972,0.96441,0.96454,1.00,1.00
2015.04.22 13:02:48.277,0.96438,0.96453,1.10,1.00
2015.04.22 13:02:48.787,0.96437,0.96453,1.65,1.00
2015.04.22 13:02:49.301,0.9644,0.96453,1.00,1.00
2015.04.22 13:02:49.518,0.9644,0.96445,1.00,1.00
2015.04.22 13:02:51.053,0.9644,0.96447,1.00,1.00
2015.04.22 13:02:51.359,0.96442,0.96447,1.00,1.00
2015.04.22 13:02:51.920,0.96441,0.96447,1.20,1.00
2015.04.22 13:02:52.224,0.96444,0.9645,1.00,1.00
2015.04.22 13:02:52.325,0.96444,0.96455,1.37,1.00
2015.04.22 13:02:52.377,0.96448,0.96455,1.10,1.00
2015.04.22 13:02:52.681,0.96452,0.96457,1.00,1.00
2015.04.22 13:02:53.190,0.96453,0.96457,1.00,1.00
2015.04.22 13:02:54.128,0.96455,0.96459,1.00,1.00
2015.04.22 13:02:54.231,0.96457,0.96467,1.00,1.00
2015.04.22 13:02:54.334,0.96461,0.96465,1.00,1.00
2015.04.22 13:02:54.436,0.96461,0.96467,1.10,1.00
2015.04.22 13:02:54.539,0.96461,0.9647,1.10,1.00
2015.04.22 13:02:54.871,0.9646,0.96467,1.07,1.00
2015.04.22 13:02:55.177,0.96454,0.96459,1.00,1.00
2015.04.22 13:02:55.552,0.9645,0.96456,1.17,1.00
2015.04.22 13:02:55.858,0.96445,0.96452,1.10,1.00
2015.04.22 13:02:56.163,0.96443,0.96448,1.15,1.00
2015.04.22 13:02:56.468,0.96432,0.96437,1.17,1.00
2015.04.22 13:02:56.570,0.96431,0.96435,2.02,1.00
2015.04.22 13:02:57.031,0.96429,0.96434,1.95,1.00
2015.04.22 13:02:57.134,0.96426,0.96433,3.07,1.00
2015.04.22 13:02:57.743,0.96427,0.96435,2.32,1.00
2015.04.22 13:02:58.048,0.96431,0.96437,1.07,1.00
2015.04.22 13:02:58.150,0.96431,0.9644,3.45,1.00
2015.04.22 13:02:58.962,0.96433,0.96443,2.32,1.00
2015.04.22 13:02:59.064,0.9644,0.96446,1.00,1.00
2015.04.22 13:02:59.217,0.96444,0.96451,1.10,1.00
2015.04.22 13:02:59.268,0.96446,0.96451,1.00,1.00
2015.04.22 13:02:59.777,0.96446,0.96452,1.00,1.00
2015.04.22 13:03:00.083,0.96448,0.96456,1.17,1.00
2015.04.22 13:03:00.402,0.96451,0.96459,1.10,1.00
2015.04.22 13:03:00.910,0.96452,0.96459,1.00,1.00
2015.04.22 13:03:01.164,0.96453,0.96457,1.57,1.00
2015.04.22 13:03:01.265,0.96453,0.9646,1.00,1.00
2015.04.22 13:03:01.773,0.96453,0.9646,3.07,1.00
2015.04.22 13:03:01.978,0.96454,0.96462,1.15,1.00
2015.04.22 13:03:02.486,0.96455,0.96462,3.07,1.00
2015.04.22 13:03:02.588,0.9646,0.96465,1.00,1.00
2015.04.22 13:03:02.731,0.96461,0.96467,1.00,1.00
2015.04.22 13:03:03.241,0.9646,0.96467,1.10,1.00
2015.04.22 13:03:04.060,0.96458,0.96465,1.22,1.00
2015.04.22 13:03:04.570,0.96458,0.96465,1.24,1.00
2015.04.22 13:03:05.179,0.96458,0.96463,1.17,1.00
2015.04.22 13:03:05.332,0.96452,0.96461,1.59,1.00
2015.04.22 13:03:05.564,0.96452,0.96461,1.07,1.00
2015.04.22 13:03:05.871,0.9645,0.96458,1.13,1.00
2015.04.22 13:03:06.074,0.9645,0.96458,1.10,1.00
2015.04.22 13:03:06.379,0.9645,0.96455,1.10,1.00
2015.04.22 13:03:06.887,0.96448,0.96455,1.05,1.00
2015.04.22 13:03:07.394,0.96446,0.96455,1.15,1.00
2015.04.22 13:03:07.602,0.96446,0.96454,1.17,1.00
2015.04.22 13:03:08.733,0.96446,0.96454,1.05,1.00
2015.04.22 13:03:09.696,0.96447,0.96454,1.15,1.00
2015.04.22 13:03:09.898,0.96447,0.96454,1.57,1.00
2015.04.22 13:03:11.702,0.96447,0.96454,2.45,1.00
2015.04.22 13:03:12.908,0.96449,0.96454,1.05,1.00
2015.04.22 13:03:13.162,0.96452,0.9646,1.00,1.00
2015.04.22 13:03:13.264,0.96453,0.9646,1.07,1.00
2015.04.22 13:03:14.688,0.96453,0.9646,1.10,1.00
2015.04.22 13:03:15.195,0.96452,0.96456,1.10,1.00
2015.04.22 13:03:15.246,0.9645,0.96456,1.15,1.00
2015.04.22 13:03:17.375,0.96448,0.96456,1.15,1.00
2015.04.22 13:03:18.375,0.96447,0.96455,1.65,1.00
2015.04.22 13:03:18.426,0.96447,0.96455,1.57,1.00
2015.04.22 13:03:18.478,0.96447,0.96453,1.10,1.00
2015.04.22 13:03:18.732,0.96441,0.9645,1.17,1.00
2015.04.22 13:03:19.241,0.96439,0.9645,1.65,1.00
2015.04.22 13:03:22.862,0.9644,0.9645,1.10,1.00
2015.04.22 13:03:23.471,0.9644,0.9645,1.07,1.00
2015.04.22 13:03:24.507,0.96441,0.9645,1.10,1.00
2015.04.22 13:03:27.458,0.96441,0.9645,1.07,1.00
2015.04.22 13:03:28.791,0.96441,0.9645,1.20,1.00
2015.04.22 13:03:28.995,0.96441,0.96452,1.10,1.12
2015.04.22 13:03:36.306,0.9644,0.96451,1.17,1.00
2015.04.22 13:03:37.313,0.9644,0.96449,1.00,1.00
2015.04.22 13:03:37.416,0.96438,0.96448,1.10,1.00
2015.04.22 13:03:37.619,0.96437,0.96446,1.50,1.00
2015.04.22 13:03:37.924,0.96435,0.96443,1.00,1.00
2015.04.22 13:03:38.128,0.96432,0.96443,1.57,1.00
2015.04.22 13:03:38.635,0.96432,0.96441,1.10,1.00
2015.04.22 13:03:38.939,0.96428,0.96437,1.65,1.00
2015.04.22 13:03:39.245,0.96428,0.96435,1.10,1.00
2015.04.22 13:03:39.553,0.96425,0.96435,1.55,1.00
2015.04.22 13:03:40.314,0.96425,0.96435,1.50,1.00
2015.04.22 13:03:40.416,0.96425,0.96432,1.07,1.00
2015.04.22 13:03:40.568,0.96424,0.96433,1.10,1.00
2015.04.22 13:03:40.670,0.96421,0.96433,1.00,1.00
2015.04.22 13:03:40.996,0.96421,0.96432,1.00,1.87
2015.04.22 13:03:41.098,0.96416,0.96429,1.50,1.00
2015.04.22 13:03:43.387,0.96419,0.96429,1.00,1.00
2015.04.22 13:03:43.895,0.96418,0.96429,1.00,1.00
2015.04.22 13:03:49.539,0.9642,0.96429,1.00,1.00
2015.04.22 13:03:49.894,0.96422,0.96429,1.00,1.00
2015.04.22 13:03:50.047,0.96424,0.96432,1.50,1.00
2015.04.22 13:03:50.251,0.96426,0.96432,1.00,1.00
2015.04.22 13:03:50.657,0.96422,0.96432,1.00,1.00
2015.04.22 13:03:51.829,0.96422,0.9643,1.00,1.00
2015.04.22 13:03:51.880,0.96418,0.9643,1.00,1.00
2015.04.22 13:03:52.350,0.96421,0.96429,1.50,1.00
2015.04.22 13:03:52.606,0.96426,0.96435,1.00,1.00
2015.04.22 13:03:52.758,0.96424,0.96435,1.50,1.00
2015.04.22 13:03:53.281,0.96423,0.96435,1.00,1.00
2015.04.22 13:03:54.091,0.96422,0.96435,1.00,1.50
2015.04.22 13:03:54.448,0.96427,0.96436,1.00,1.00
2015.04.22 13:03:54.752,0.96429,0.96436,1.12,1.00
2015.04.22 13:03:54.963,0.96429,0.96439,1.12,1.00
2015.04.22 13:03:55.422,0.96431,0.96439,1.00,1.00
2015.04.22 13:03:55.524,0.96427,0.96439,1.00,1.00
2015.04.22 13:03:55.626,0.96422,0.96439,1.27,1.50
2015.04.22 13:03:56.184,0.96422,0.96437,1.15,1.87
2015.04.22 13:03:56.990,0.96422,0.96437,1.65,1.87
2015.04.22 13:03:57.397,0.96428,0.96437,1.10,1.00
2015.04.22 13:03:57.703,0.9643,0.96439,1.00,1.00
2015.04.22 13:03:57.755,0.9643,0.96442,1.00,1.00
2015.04.22 13:03:59.292,0.9643,0.96442,1.17,1.87
2015.04.22 13:03:59.799,0.9643,0.96442,1.17,1.37
2015.04.22 13:04:00.484,0.96428,0.96437,2.25,1.87
2015.04.22 13:04:00.536,0.96426,0.96437,1.00,1.87
2015.04.22 13:04:00.638,0.96423,0.96435,1.20,1.12
2015.04.22 13:04:00.943,0.9642,0.96435,1.65,1.12
2015.04.22 13:04:01.047,0.96423,0.96436,1.00,1.37
2015.04.22 13:04:01.352,0.96424,0.96437,1.17,1.37
2015.04.22 13:04:01.658,0.96428,0.9644,1.17,1.00
2015.04.22 13:04:01.709,0.96428,0.9644,1.00,1.00
2015.04.22 13:04:01.811,0.96427,0.9644,1.00,1.87
2015.04.22 13:04:01.913,0.96423,0.96438,1.65,2.62
2015.04.22 13:04:02.421,0.96425,0.96438,1.10,2.62
2015.04.22 13:04:08.264,0.96426,0.96439,1.00,1.37
2015.04.22 13:04:09.509,0.96425,0.96438,1.10,1.37
2015.04.22 13:04:09.916,0.96428,0.96441,1.10,3.37
2015.04.22 13:04:09.968,0.96428,0.96441,1.17,1.87
2015.04.22 13:04:10.070,0.9643,0.96441,1.10,1.00
2015.04.22 13:04:10.882,0.96434,0.96443,1.00,1.00
2015.04.22 13:04:11.301,0.96433,0.96446,1.50,1.50
2015.04.22 13:04:11.657,0.96435,0.96446,1.00,1.00
2015.04.22 13:04:11.961,0.96443,0.96455,1.00,1.87
2015.04.22 13:04:12.468,0.96442,0.96456,1.10,1.87
2015.04.22 13:04:13.127,0.96443,0.96456,1.00,1.37
2015.04.22 13:04:13.432,0.96448,0.96458,1.00,2.62
2015.04.22 13:04:13.595,0.96448,0.96458,1.00,1.87
2015.04.22 13:04:13.646,0.96449,0.96461,1.10,1.00
2015.04.22 13:04:13.799,0.96451,0.96465,1.10,1.37
2015.04.22 13:04:14.310,0.96453,0.96466,1.00,1.37
2015.04.22 13:04:14.819,0.96453,0.96466,1.00,1.00
2015.04.22 13:04:15.326,0.96453,0.96466,1.00,1.37
2015.04.22 13:04:15.783,0.96453,0.96468,1.00,1.00
2015.04.22 13:04:16.292,0.96452,0.96468,1.12,1.00
2015.04.22 13:04:16.545,0.96452,0.96466,1.10,1.00
2015.04.22 13:04:20.306,0.96451,0.96462,1.17,1.00
2015.04.22 13:04:20.408,0.96449,0.96462,1.10,1.50
2015.04.22 13:04:20.917,0.96451,0.96467,1.10,1.37
2015.04.22 13:04:20.968,0.96451,0.96467,1.10,1.12
2015.04.22 13:04:21.152,0.96451,0.96467,1.07,1.12
2015.04.22 13:04:21.205,0.96451,0.96467,1.10,1.12
2015.04.22 13:04:21.460,0.96452,0.96465,1.10,1.00
2015.04.22 13:04:21.766,0.9646,0.96471,1.00,1.00
2015.04.22 13:04:21.817,0.96461,0.96475,1.00,1.12
2015.04.22 13:04:21.919,0.96463,0.96477,1.10,1.00
2015.04.22 13:04:22.223,0.96467,0.96482,2.40,1.12
2015.04.22 13:04:22.630,0.96469,0.96485,1.65,1.37
2015.04.22 13:04:22.731,0.96469,0.96487,1.65,1.37
2015.04.22 13:04:22.833,0.96472,0.96487,1.00,1.37
2015.04.22 13:04:23.257,0.9647,0.96485,1.10,1.37
2015.04.22 13:04:23.788,0.9647,0.96485,1.00,1.00
2015.04.22 13:04:24.093,0.96469,0.96482,1.50,1.00
2015.04.22 13:04:25.929,0.96469,0.96484,1.50,1.12
2015.04.22 13:04:26.387,0.96471,0.96485,1.00,1.00
2015.04.22 13:04:26.693,0.96475,0.96491,1.00,1.47
2015.04.22 13:04:27.201,0.96476,0.96492,1.00,1.47
2015.04.22 13:04:28.115,0.96475,0.96492,1.00,1.47
2015.04.22 13:04:31.855,0.96476,0.96492,1.00,1.37
2015.04.22 13:04:32.517,0.96478,0.96493,1.00,1.95
2015.04.22 13:04:32.720,0.96478,0.96493,1.00,1.00
2015.04.22 13:04:32.873,0.96478,0.96491,1.00,1.00
2015.04.22 13:04:33.379,0.96479,0.96492,1.00,1.00
2015.04.22 13:04:34.180,0.96481,0.96494,1.00,1.00
2015.04.22 13:04:34.486,0.96479,0.96492,1.00,1.00
2015.04.22 13:04:35.214,0.9648,0.96493,1.00,1.00
2015.04.22 13:04:35.722,0.96478,0.96491,1.00,1.00
2015.04.22 13:04:36.366,0.96479,0.96492,1.00,1.00
2015.04.22 13:04:36.673,0.96499,0.96504,1.37,1.00
2015.04.22 13:04:36.724,0.96501,0.96514,1.00,1.87
2015.04.22 13:04:36.877,0.96499,0.96515,1.00,1.75
2015.04.22 13:04:37.183,0.96495,0.96505,1.00,1.00
2015.04.22 13:04:37.285,0.9649,0.96503,1.00,1.00
2015.04.22 13:04:37.336,0.9649,0.96498,1.00,1.00
2015.04.22 13:04:37.388,0.96485,0.96498,1.50,1.50
2015.04.22 13:04:37.439,0.96485,0.96491,1.00,1.00
2015.04.22 13:04:37.490,0.96477,0.9649,1.37,1.00
2015.04.22 13:04:37.542,0.96475,0.9649,1.37,1.00
2015.04.22 13:04:38.063,0.96475,0.9649,1.00,1.50
2015.04.22 13:04:38.370,0.96478,0.96493,1.00,1.12
2015.04.22 13:04:38.676,0.96481,0.96494,1.00,1.00
2015.04.22 13:04:38.982,0.96484,0.96497,1.00,1.00
2015.04.22 13:04:39.292,0.9648,0.96491,1.00,1.00
2015.04.22 13:04:39.343,0.96478,0.96491,1.00,1.50
2015.04.22 13:04:39.446,0.96474,0.96488,1.00,1.00
2015.04.22 13:04:39.548,0.96473,0.96485,1.00,1.00
2015.04.22 13:04:39.904,0.96469,0.96485,1.00,1.50
2015.04.22 13:04:40.413,0.96469,0.96484,1.00,1.00
2015.04.22 13:04:40.869,0.96475,0.96485,1.00,1.00
2015.04.22 13:04:41.021,0.9648,0.96492,1.37,1.00
2015.04.22 13:04:41.348,0.96478,0.96493,1.87,1.00
2015.04.22 13:04:42.775,0.96478,0.96491,1.87,1.00
2015.04.22 13:04:43.309,0.96478,0.96491,1.00,1.00
2015.04.22 13:04:43.769,0.96475,0.96488,1.87,1.00
2015.04.22 13:04:43.820,0.96475,0.96488,1.50,1.00
2015.04.22 13:04:43.871,0.96471,0.96484,1.87,1.00
2015.04.22 13:04:44.381,0.96471,0.96485,1.10,1.00
2015.04.22 13:04:44.787,0.96469,0.96485,1.00,1.00
2015.04.22 13:04:44.838,0.96469,0.96481,1.00,1.00
2015.04.22 13:04:46.079,0.96467,0.96481,1.52,1.00
2015.04.22 13:04:46.596,0.96467,0.96482,1.47,1.00
2015.04.22 13:04:46.900,0.96457,0.96462,1.50,1.00
2015.04.22 13:04:46.952,0.96453,0.96461,1.50,1.50
2015.04.22 13:04:47.053,0.96447,0.96461,1.00,1.50
2015.04.22 13:04:47.104,0.96449,0.96461,1.00,1.50
2015.04.22 13:04:47.155,0.96449,0.96466,1.20,1.87
2015.04.22 13:04:47.226,0.96449,0.96466,1.95,1.50
2015.04.22 13:04:47.569,0.96454,0.96466,1.37,1.00
2015.04.22 13:04:47.773,0.96454,0.96466,1.12,1.00
2015.04.22 13:04:47.875,0.96452,0.96466,1.00,1.00
2015.04.22 13:04:47.977,0.96449,0.96465,1.12,1.00
2015.04.22 13:04:48.029,0.96449,0.96465,1.37,1.00
2015.04.22 13:04:48.588,0.96458,0.96466,1.00,1.00
2015.04.22 13:04:48.893,0.9646,0.96466,1.00,1.00
2015.04.22 13:04:49.655,0.9646,0.96471,1.00,1.50
2015.04.22 13:04:49.706,0.96464,0.96471,1.00,1.50
2015.04.22 13:04:49.859,0.96464,0.96475,1.00,1.00
2015.04.22 13:04:49.910,0.96468,0.96475,1.00,1.00
2015.04.22 13:04:49.962,0.96468,0.96478,1.00,1.00
2015.04.22 13:04:50.165,0.96468,0.96481,1.00,1.50
2015.04.22 13:04:50.368,0.96471,0.96481,1.00,1.00
2015.04.22 13:04:51.029,0.9647,0.96481,1.00,1.00
2015.04.22 13:04:51.577,0.96471,0.96481,1.00,1.00
2015.04.22 13:04:52.496,0.96471,0.96484,1.37,1.00
2015.04.22 13:04:52.649,0.9647,0.96483,1.00,1.00
2015.04.22 13:04:52.752,0.96472,0.96485,1.00,1.50
2015.04.22 13:04:53.277,0.96471,0.96484,1.00,1.00
2015.04.22 13:04:53.989,0.96473,0.96486,1.00,1.50
2015.04.22 13:04:55.739,0.96474,0.96488,1.00,1.00
2015.04.22 13:04:56.044,0.96476,0.96488,1.00,1.00
2015.04.22 13:04:56.095,0.96476,0.96491,1.00,2.25
2015.04.22 13:04:56.146,0.96476,0.96488,1.00,1.50
2015.04.22 13:04:56.451,0.96457,0.96469,1.37,1.00
2015.04.22 13:04:56.603,0.96452,0.96463,1.12,1.00
2015.04.22 13:04:57.161,0.96449,0.96464,1.87,1.00
2015.04.22 13:04:57.377,0.96454,0.96467,1.00,1.00
2015.04.22 13:04:59.681,0.96454,0.96467,1.00,1.37
2015.04.22 13:05:00.203,0.96453,0.96466,1.00,1.12
2015.04.22 13:05:01.119,0.96454,0.96467,1.00,1.37
2015.04.22 13:05:01.437,0.96456,0.96469,1.00,1.87
2015.04.22 13:05:01.540,0.96456,0.96469,1.00,1.00
2015.04.22 13:05:01.700,0.96458,0.96471,1.00,1.12
2015.04.22 13:05:02.208,0.96457,0.9647,1.00,1.12
2015.04.22 13:05:02.687,0.96459,0.96471,1.00,1.37
2015.04.22 13:05:02.993,0.96462,0.96474,1.00,1.12
2015.04.22 13:05:03.881,0.96462,0.96475,1.00,1.37
2015.04.22 13:05:04.287,0.96461,0.96474,1.00,1.37
2015.04.22 13:05:04.795,0.9646,0.96473,1.00,1.37
2015.04.22 13:05:04.998,0.96458,0.96471,1.00,1.37
2015.04.22 13:05:05.506,0.96459,0.96472,1.00,1.37
2015.04.22 13:05:06.802,0.96459,0.96472,1.00,1.12
2015.04.22 13:05:07.524,0.96456,0.96466,1.00,1.00
2015.04.22 13:05:07.576,0.96453,0.96466,1.00,1.00
2015.04.22 13:05:07.830,0.96451,0.96466,2.25,1.00
2015.04.22 13:05:08.152,0.96453,0.96466,1.00,1.00
2015.04.22 13:05:08.816,0.96451,0.96464,1.50,1.00
2015.04.22 13:05:09.783,0.96452,0.96465,1.00,1.00
2015.04.22 13:05:13.398,0.96451,0.96464,1.00,1.00
2015.04.22 13:05:13.500,0.96449,0.96463,1.00,1.00
2015.04.22 13:05:14.008,0.9645,0.96463,1.00,1.00
2015.04.22 13:05:14.283,0.96449,0.96461,1.00,1.00
2015.04.22 13:05:14.385,0.9645,0.96463,1.00,1.00
2015.04.22 13:05:15.700,0.9645,0.96464,1.00,1.00
2015.04.22 13:05:16.208,0.9645,0.96465,1.00,1.00
2015.04.22 13:05:17.121,0.96448,0.96461,2.25,1.00
2015.04.22 13:05:17.578,0.96444,0.96455,1.00,1.00
2015.04.22 13:05:17.628,0.96439,0.96455,1.00,1.00
2015.04.22 13:05:17.920,0.96441,0.96454,1.00,1.00
2015.04.22 13:05:18.784,0.9644,0.96453,1.00,1.00
2015.04.22 13:05:19.292,0.96441,0.96454,1.00,1.15
2015.04.22 13:05:19.598,0.96441,0.96454,1.50,1.10
2015.04.22 13:05:20.004,0.96445,0.96455,1.00,1.17
2015.04.22 13:05:24.078,0.96444,0.96455,1.00,1.07
2015.04.22 13:05:24.281,0.96445,0.96458,1.15,1.17
2015.04.22 13:05:24.789,0.96445,0.96458,1.00,1.15
2015.04.22 13:05:25.042,0.96447,0.96459,1.00,3.07
2015.04.22 13:05:27.409,0.96447,0.96459,1.00,1.17
2015.04.22 13:05:28.480,0.9645,0.9646,1.00,1.50
2015.04.22 13:05:28.785,0.96448,0.96458,1.00,2.32
2015.04.22 13:05:30.214,0.96449,0.96458,1.00,2.32
2015.04.22 13:05:30.730,0.9645,0.96458,1.00,2.32
2015.04.22 13:05:30.882,0.96448,0.96458,1.00,2.32
2015.04.22 13:05:32.385,0.9645,0.96458,1.00,2.32
2015.04.22 13:05:32.894,0.96451,0.9646,1.87,2.32
2015.04.22 13:05:33.402,0.96453,0.9646,1.00,2.32
2015.04.22 13:05:33.913,0.96452,0.9646,1.00,2.32
2015.04.22 13:05:34.222,0.96455,0.96462,1.00,2.32
2015.04.22 13:05:34.751,0.96456,0.96462,1.00,2.32
2015.04.22 13:05:34.853,0.96453,0.96462,1.00,2.32
2015.04.22 13:05:36.123,0.96453,0.96462,1.37,2.32
2015.04.22 13:05:36.174,0.96455,0.96462,1.00,2.32
2015.04.22 13:05:36.225,0.96457,0.96466,1.00,2.32
2015.04.22 13:05:36.732,0.96456,0.96466,1.00,2.32
2015.04.22 13:05:39.203,0.96456,0.96467,1.00,4.50
2015.04.22 13:05:39.713,0.96457,0.96467,1.00,2.32
2015.04.22 13:05:40.746,0.9646,0.96467,1.12,2.32
2015.04.22 13:05:40.848,0.96463,0.96472,1.00,1.50
2015.04.22 13:05:40.899,0.96463,0.96473,1.00,1.10
2015.04.22 13:05:41.054,0.96463,0.96477,1.44,4.50
2015.04.22 13:05:41.258,0.96463,0.96474,1.00,3.07
2015.04.22 13:05:41.309,0.96462,0.96469,1.00,2.25
2015.04.22 13:05:41.361,0.9646,0.96469,1.00,2.32
2015.04.22 13:05:41.517,0.9646,0.96467,1.00,2.32
2015.04.22 13:05:41.568,0.96458,0.96467,1.00,2.32
2015.04.22 13:05:41.671,0.96456,0.96467,1.00,2.32
2015.04.22 13:05:41.723,0.96456,0.96469,1.00,5.25
2015.04.22 13:05:42.231,0.96457,0.96469,1.00,4.50
2015.04.22 13:05:44.070,0.96456,0.96469,1.00,5.25
2015.04.22 13:05:44.595,0.96456,0.96468,1.00,4.50
2015.04.22 13:05:45.763,0.96462,0.96469,1.00,2.32
2015.04.22 13:05:45.864,0.9646,0.9647,1.00,2.70
2015.04.22 13:05:46.169,0.96457,0.9647,1.00,3.45
2015.04.22 13:05:46.220,0.96457,0.96468,1.00,2.32
2015.04.22 13:05:49.568,0.96457,0.9647,1.00,2.32
2015.04.22 13:05:50.328,0.96457,0.96469,1.12,2.32
2015.04.22 13:05:50.784,0.96462,0.9647,1.00,4.50
2015.04.22 13:05:50.937,0.96464,0.96473,1.00,6.00
2015.04.22 13:05:51.039,0.96466,0.96473,1.00,1.17
2015.04.22 13:05:51.343,0.96464,0.96473,1.00,3.07
2015.04.22 13:05:51.857,0.96464,0.96475,1.00,3.82
2015.04.22 13:05:52.111,0.96466,0.96475,1.00,3.82
2015.04.22 13:05:52.263,0.96466,0.96475,1.00,1.17
2015.04.22 13:05:52.314,0.96468,0.96475,1.00,1.17
2015.04.22 13:05:52.431,0.96468,0.96477,1.00,1.65
2015.04.22 13:05:52.939,0.96468,0.96479,1.00,1.20
2015.04.22 13:05:53.193,0.96466,0.96479,1.00,3.15
2015.04.22 13:05:53.346,0.96463,0.96476,1.00,1.00
2015.04.22 13:05:53.752,0.96461,0.96474,1.00,1.00
2015.04.22 13:05:54.087,0.96456,0.96469,1.10,1.00
2015.04.22 13:05:54.392,0.96455,0.96467,1.65,1.00
2015.04.22 13:05:54.902,0.96455,0.96468,2.40,1.00
2015.04.22 13:05:55.864,0.96457,0.9647,1.00,1.00
2015.04.22 13:05:55.967,0.9646,0.96473,1.10,1.00
2015.04.22 13:05:56.373,0.9646,0.96473,2.40,1.00
2015.04.22 13:05:56.525,0.96463,0.96475,1.00,1.00
2015.04.22 13:05:56.576,0.96465,0.96475,1.00,1.00
2015.04.22 13:05:56.627,0.96466,0.96479,1.00,1.37
2015.04.22 13:05:56.678,0.96466,0.96479,1.10,1.00
2015.04.22 13:05:56.780,0.96468,0.9648,1.17,1.00
2015.04.22 13:05:56.831,0.96471,0.96484,1.00,1.12
2015.04.22 13:05:56.882,0.96471,0.96488,1.50,2.70
2015.04.22 13:05:56.933,0.96473,0.96488,1.00,1.57
2015.04.22 13:05:57.390,0.96478,0.96491,1.00,2.62
2015.04.22 13:05:57.695,0.96484,0.96492,1.00,2.25
2015.04.22 13:05:57.848,0.96484,0.96501,1.15,1.87
2015.04.22 13:05:57.949,0.96486,0.96501,1.20,1.87
2015.04.22 13:05:58.051,0.96486,0.96501,1.17,1.12
2015.04.22 13:05:58.563,0.96487,0.96503,1.10,1.87
2015.04.22 13:05:59.073,0.96487,0.96501,1.00,1.37
2015.04.22 13:05:59.380,0.96483,0.96499,1.50,1.72
2015.04.22 13:05:59.685,0.96486,0.96501,1.57,1.37
2015.04.22 13:05:59.736,0.96486,0.96502,1.57,1.37
2015.04.22 13:06:00.362,0.96487,0.96502,1.00,1.37
2015.04.22 13:06:00.878,0.96486,0.96502,1.87,1.12
2015.04.22 13:06:01.285,0.96486,0.96497,1.00,1.37
2015.04.22 13:06:01.336,0.96483,0.96495,1.37,1.00
2015.04.22 13:06:01.387,0.96483,0.96495,1.37,1.00
2015.04.22 13:06:01.692,0.96484,0.96499,1.00,1.55
2015.04.22 13:06:02.222,0.96483,0.96499,1.00,2.77
2015.04.22 13:06:02.735,0.96483,0.96497,1.00,1.55
2015.04.22 13:06:02.838,0.96482,0.96495,1.00,2.02
2015.04.22 13:06:03.042,0.96478,0.96489,1.00,1.37
2015.04.22 13:06:03.093,0.96476,0.96489,1.00,1.37
2015.04.22 13:06:03.347,0.96475,0.96488,1.00,1.12
2015.04.22 13:06:03.880,0.96476,0.96489,1.00,1.37
2015.04.22 13:06:03.931,0.96476,0.96489,1.00,1.37
2015.04.22 13:06:04.481,0.96475,0.96488,1.00,1.37
2015.04.22 13:06:07.365,0.96475,0.96488,1.07,1.37
2015.04.22 13:06:07.873,0.96474,0.96486,1.07,1.37
2015.04.22 13:06:07.924,0.96473,0.96486,1.50,1.37
2015.04.22 13:06:08.303,0.96471,0.96486,1.10,1.37
2015.04.22 13:06:08.767,0.96471,0.96489,1.20,3.07
2015.04.22 13:06:09.021,0.96478,0.96489,1.00,1.10
2015.04.22 13:06:09.901,0.96477,0.96489,1.00,1.10
2015.04.22 13:06:11.030,0.96477,0.96489,1.00,1.37
2015.04.22 13:06:11.335,0.96476,0.96485,1.00,1.50
2015.04.22 13:06:11.437,0.96469,0.96484,1.00,1.12
2015.04.22 13:06:11.967,0.96467,0.96483,1.57,1.00
2015.04.22 13:06:12.530,0.96467,0.96484,1.57,1.12
2015.04.22 13:06:12.836,0.96473,0.96486,1.00,1.00
2015.04.22 13:06:14.699,0.96472,0.96485,1.00,1.00
2015.04.22 13:06:15.250,0.96471,0.96484,1.00,1.12
2015.04.22 13:06:15.763,0.96472,0.96485,1.00,1.37
2015.04.22 13:06:17.642,0.96472,0.96485,1.00,1.37
2015.04.22 13:06:17.997,0.96475,0.96486,1.00,1.00
2015.04.22 13:06:18.354,0.96478,0.96491,1.00,1.87
2015.04.22 13:06:18.456,0.9648,0.96493,1.00,1.37
2015.04.22 13:06:18.664,0.96482,0.96494,1.00,1.37
2015.04.22 13:06:19.221,0.96481,0.96494,1.00,1.87
2015.04.22 13:06:19.627,0.96481,0.96494,1.00,1.87
2015.04.22 13:06:19.780,0.96479,0.96492,1.00,1.37
2015.04.22 13:06:19.983,0.96476,0.96491,1.17,1.37
2015.04.22 13:06:20.135,0.96474,0.96487,1.65,1.37
2015.04.22 13:06:20.237,0.96473,0.96486,1.10,1.37
2015.04.22 13:06:20.410,0.96471,0.96486,2.25,1.37
2015.04.22 13:06:21.080,0.96473,0.96486,1.10,1.37
2015.04.22 13:06:21.537,0.96476,0.96489,1.00,3.37
2015.04.22 13:06:21.841,0.96478,0.96488,1.00,1.00
2015.04.22 13:06:21.943,0.96478,0.96491,1.10,1.00
2015.04.22 13:06:23.058,0.96478,0.96491,1.10,1.37
2015.04.22 13:06:23.820,0.96478,0.96491,1.10,1.00
2015.04.22 13:06:23.922,0.96478,0.96491,1.07,1.00
2015.04.22 13:06:24.443,0.9648,0.96493,1.00,1.37
2015.04.22 13:06:24.759,0.9648,0.96493,1.00,1.37
2015.04.22 13:06:25.262,0.9648,0.96493,1.10,1.37
2015.04.22 13:06:25.792,0.96479,0.96492,1.00,1.12
2015.04.22 13:06:26.097,0.96476,0.96489,1.17,1.00
2015.04.22 13:06:26.621,0.96475,0.96488,1.65,1.00
2015.04.22 13:06:26.976,0.96474,0.96487,1.10,1.00
2015.04.22 13:06:27.494,0.96473,0.96486,1.57,1.00
2015.04.22 13:06:29.560,0.96473,0.96486,1.57,1.00
2015.04.22 13:06:29.915,0.96471,0.96484,2.02,1.00
2015.04.22 13:06:30.422,0.96471,0.96484,2.02,1.00
2015.04.22 13:06:30.777,0.96471,0.96481,1.27,1.00
2015.04.22 13:06:30.930,0.9647,0.96481,1.37,1.00
2015.04.22 13:06:31.032,0.96468,0.96481,2.02,1.00
2015.04.22 13:06:32.388,0.96462,0.96474,3.07,1.00
2015.04.22 13:06:32.439,0.96464,0.96477,1.17,1.00
2015.04.22 13:06:32.642,0.96468,0.9648,1.00,1.00
2015.04.22 13:06:32.947,0.96465,0.9648,1.55,1.00
2015.04.22 13:06:34.859,0.96465,0.96478,1.17,1.00
2015.04.22 13:06:35.165,0.96463,0.96476,1.65,1.00
2015.04.22 13:06:35.470,0.96461,0.96474,2.02,1.00
2015.04.22 13:06:35.825,0.96463,0.96476,1.00,1.00
2015.04.22 13:06:35.927,0.96466,0.96479,1.00,1.00
2015.04.22 13:06:36.079,0.96467,0.96482,1.27,1.00
2015.04.22 13:06:36.181,0.96466,0.96479,1.55,1.00
2015.04.22 13:06:36.774,0.96466,0.96479,1.12,1.00
2015.04.22 13:06:37.306,0.96467,0.9648,1.00,1.00
2015.04.22 13:06:37.813,0.96465,0.96478,1.10,1.00
2015.04.22 13:06:38.270,0.96467,0.96478,1.12,1.00
2015.04.22 13:06:38.474,0.9647,0.96485,1.95,1.00
2015.04.22 13:06:38.982,0.96471,0.96486,1.00,1.00
2015.04.22 13:06:39.033,0.96471,0.96484,1.00,1.00
2015.04.22 13:06:39.338,0.96469,0.96482,1.57,1.00
2015.04.22 13:06:39.847,0.96469,0.96481,1.00,1.00
2015.04.22 13:06:39.949,0.96465,0.96478,1.57,1.00
2015.04.22 13:06:40.000,0.96463,0.96476,1.65,1.37
2015.04.22 13:06:40.051,0.96463,0.96476,1.57,1.37
2015.04.22 13:06:40.457,0.96461,0.96474,1.57,1.00
2015.04.22 13:06:42.895,0.96462,0.96475,1.00,1.00
2015.04.22 13:06:45.099,0.96463,0.96476,1.00,1.00
2015.04.22 13:06:45.152,0.96463,0.96476,1.00,1.37
2015.04.22 13:06:45.609,0.96465,0.96478,1.00,1.37
2015.04.22 13:06:46.118,0.96464,0.96477,1.00,1.37
2015.04.22 13:06:46.423,0.96462,0.96475,1.00,1.37
2015.04.22 13:06:46.650,0.96458,0.96473,1.07,1.37
2015.04.22 13:06:46.702,0.96458,0.9647,1.10,1.37
2015.04.22 13:06:46.909,0.96455,0.96469,1.10,1.37
2015.04.22 13:06:47.696,0.96455,0.96467,1.00,1.12
2015.04.22 13:06:48.154,0.96454,0.96469,1.15,1.12
2015.04.22 13:06:48.561,0.96454,0.96468,1.15,1.37
2015.04.22 13:06:49.070,0.96453,0.96467,1.17,1.37
2015.04.22 13:06:49.121,0.96453,0.96467,1.17,1.12
2015.04.22 13:06:49.628,0.96458,0.96467,1.00,1.00
2015.04.22 13:06:50.139,0.96458,0.96468,1.37,1.00
2015.04.22 13:06:50.241,0.96459,0.96471,1.37,1.00
2015.04.22 13:06:50.771,0.96459,0.9647,1.37,1.00
2015.04.22 13:06:50.924,0.96459,0.96472,1.37,1.50
2015.04.22 13:06:51.443,0.96457,0.96472,1.37,1.50
2015.04.22 13:06:52.103,0.9646,0.96473,1.37,2.25
2015.04.22 13:06:52.356,0.96467,0.96479,1.37,1.00
2015.04.22 13:06:53.499,0.96467,0.96479,1.37,1.00
2015.04.22 13:06:54.090,0.96467,0.9648,1.37,3.07
2015.04.22 13:07:00.725,0.96467,0.96479,1.37,1.00
2015.04.22 13:07:00.777,0.96467,0.96478,1.37,1.00
2015.04.22 13:07:00.880,0.96467,0.96478,1.12,1.00
2015.04.22 13:07:01.699,0.96465,0.96475,1.37,1.00
2015.04.22 13:07:01.953,0.96446,0.96462,1.55,2.10
2015.04.22 13:07:02.207,0.96445,0.96458,1.55,2.10
2015.04.22 13:07:02.359,0.96441,0.96454,1.95,1.35
2015.04.22 13:07:02.664,0.96442,0.96457,1.47,1.50
2015.04.22 13:07:03.443,0.96446,0.96458,1.37,1.00
2015.04.22 13:07:04.660,0.96444,0.96457,1.37,1.00
2015.04.22 13:07:04.980,0.96446,0.96459,1.37,1.00
2015.04.22 13:07:06.323,0.96444,0.96457,1.47,1.00
2015.04.22 13:07:07.108,0.96444,0.96451,1.37,1.00
2015.04.22 13:07:07.160,0.96441,0.96448,1.50,2.25
2015.04.22 13:07:07.211,0.96438,0.96442,1.00,1.00
2015.04.22 13:07:07.262,0.96431,0.96442,1.00,1.00
2015.04.22 13:07:07.314,0.96428,0.96441,1.00,1.00
2015.04.22 13:07:07.365,0.96428,0.96441,1.37,1.00
2015.04.22 13:07:07.518,0.96422,0.96438,1.92,1.00
2015.04.22 13:07:07.619,0.96421,0.96436,1.90,1.00
2015.04.22 13:07:07.974,0.96431,0.96438,1.00,1.00
2015.04.22 13:07:08.025,0.96431,0.9644,1.00,1.10
2015.04.22 13:07:08.279,0.96431,0.96442,1.00,1.00
2015.04.22 13:07:10.644,0.96431,0.96441,1.12,2.10
2015.04.22 13:07:11.248,0.96431,0.96438,1.00,1.00
2015.04.22 13:07:11.756,0.96431,0.96439,1.00,1.00
2015.04.22 13:07:12.061,0.9643,0.96438,1.00,1.60
2015.04.22 13:07:13.551,0.9643,0.96438,1.00,1.00
2015.04.22 13:07:14.058,0.96431,0.96439,1.00,1.00
2015.04.22 13:07:14.568,0.96431,0.96438,1.00,1.00
2015.04.22 13:07:16.006,0.96431,0.96439,1.00,1.00
2015.04.22 13:07:17.123,0.96431,0.96438,1.00,1.00
2015.04.22 13:07:19.782,0.96428,0.96435,1.00,2.10
2015.04.22 13:07:19.986,0.96428,0.96437,1.00,2.32
2015.04.22 13:07:20.088,0.9643,0.96437,1.00,1.50
2015.04.22 13:07:20.544,0.96431,0.9644,1.00,1.00
2015.04.22 13:07:20.748,0.96431,0.96438,1.00,1.00
2015.04.22 13:07:21.242,0.96431,0.96436,1.00,1.00
2015.04.22 13:07:21.293,0.9643,0.9644,1.00,1.50
2015.04.22 13:07:21.497,0.9643,0.96437,1.00,1.00
2015.04.22 13:07:22.285,0.9643,0.9644,1.00,1.07
2015.04.22 13:07:22.336,0.96431,0.96441,1.00,1.00
2015.04.22 13:07:22.844,0.9643,0.96442,1.00,1.00
2015.04.22 13:07:25.442,0.96431,0.96442,1.00,1.00
2015.04.22 13:07:25.544,0.96431,0.96442,1.37,1.00
2015.04.22 13:07:25.798,0.96434,0.96449,1.87,1.07
2015.04.22 13:07:26.399,0.96434,0.96447,1.37,1.00
2015.04.22 13:07:26.910,0.96433,0.96446,1.37,1.00
2015.04.22 13:07:27.012,0.96433,0.96448,1.37,1.50
2015.04.22 13:07:27.419,0.96433,0.96446,1.37,1.00
2015.04.22 13:07:27.928,0.96433,0.96446,1.37,1.00
2015.04.22 13:07:29.602,0.96433,0.96446,1.37,1.00
2015.04.22 13:07:29.908,0.96434,0.96447,1.37,1.00
2015.04.22 13:07:35.345,0.96435,0.96448,1.37,1.00
2015.04.22 13:07:35.603,0.96448,0.96459,1.00,1.00
2015.04.22 13:07:35.655,0.96448,0.96462,1.37,1.20
2015.04.22 13:07:36.177,0.96448,0.96463,1.37,1.50
2015.04.22 13:07:36.484,0.96442,0.96455,1.37,1.00
2015.04.22 13:07:37.004,0.96441,0.96454,2.62,1.00
2015.04.22 13:07:38.308,0.96441,0.96454,2.62,1.00
2015.04.22 13:07:39.016,0.96442,0.96455,1.37,1.00
2015.04.22 13:07:43.291,0.96441,0.96454,1.37,1.00
2015.04.22 13:07:47.243,0.9644,0.96453,1.37,1.00
2015.04.22 13:07:47.751,0.96439,0.96452,1.37,1.00
2015.04.22 13:07:47.955,0.96439,0.96452,1.37,1.00
2015.04.22 13:07:48.471,0.96434,0.96449,1.52,1.00
2015.04.22 13:07:48.573,0.96439,0.96452,1.37,1.10
2015.04.22 13:07:49.177,0.96439,0.96452,1.12,1.10
2015.04.22 13:07:49.735,0.96439,0.9645,1.12,2.32
2015.04.22 13:07:49.938,0.96431,0.96441,1.00,1.00
2015.04.22 13:07:50.445,0.96431,0.9644,1.00,1.00
2015.04.22 13:07:51.443,0.96431,0.96441,1.00,1.50
2015.04.22 13:07:51.951,0.96431,0.96442,1.00,1.50
2015.04.22 13:07:52.357,0.96432,0.96442,1.37,1.50
2015.04.22 13:07:52.408,0.96433,0.96446,1.37,1.00
2015.04.22 13:07:52.459,0.96435,0.96446,1.97,1.00
2015.04.22 13:07:52.510,0.96441,0.96454,1.00,6.45
2015.04.22 13:07:52.561,0.96441,0.96454,1.00,2.25
2015.04.22 13:07:52.612,0.96441,0.96454,1.37,1.50
2015.04.22 13:07:52.918,0.96441,0.96454,1.37,1.00
2015.04.22 13:07:53.184,0.96442,0.96456,1.37,1.00
2015.04.22 13:07:53.448,0.96442,0.96456,1.00,1.00
2015.04.22 13:07:53.500,0.9644,0.96454,1.55,1.00
2015.04.22 13:07:53.807,0.96438,0.9645,1.00,1.50
2015.04.22 13:07:53.859,0.96436,0.96449,1.00,1.00
2015.04.22 13:07:54.367,0.96435,0.96448,1.00,1.00
2015.04.22 13:07:55.043,0.96433,0.96446,1.47,1.00
2015.04.22 13:07:56.310,0.96433,0.96446,1.20,1.00
2015.04.22 13:07:56.817,0.96432,0.96445,1.55,1.00
2015.04.22 13:07:57.144,0.96438,0.96445,7.50,1.00
2015.04.22 13:07:59.014,0.96438,0.96446,7.50,1.00
2015.04.22 13:07:59.318,0.96438,0.96448,7.50,1.00
2015.04.22 13:07:59.825,0.9644,0.96448,7.50,1.00
2015.04.22 13:08:03.156,0.96438,0.96448,7.50,1.00
2015.04.22 13:08:03.663,0.96438,0.96447,7.50,1.00
2015.04.22 13:08:04.178,0.96438,0.96448,7.50,1.00
2015.04.22 13:08:06.088,0.9644,0.96448,7.50,1.00
2015.04.22 13:08:07.256,0.9644,0.96449,7.50,1.00
2015.04.22 13:08:07.460,0.9644,0.96455,8.77,1.00
2015.04.22 13:08:07.969,0.96443,0.96456,1.00,1.50
2015.04.22 13:08:08.323,0.96448,0.96456,7.50,1.50
2015.04.22 13:08:11.424,0.96448,0.96457,7.50,1.00
2015.04.22 13:08:14.948,0.96448,0.96458,8.25,1.00
2015.04.22 13:08:18.547,0.96448,0.96457,7.50,1.00
2015.04.22 13:08:19.003,0.96447,0.96455,7.50,1.50
2015.04.22 13:08:19.312,0.96447,0.96453,7.50,1.00
2015.04.22 13:08:19.821,0.96447,0.96455,7.50,1.50
2015.04.22 13:08:19.872,0.96443,0.96455,1.37,1.00
2015.04.22 13:08:20.244,0.96443,0.96457,1.37,1.50
2015.04.22 13:08:20.752,0.96443,0.96456,1.37,1.00
2015.04.22 13:08:21.783,0.96444,0.96457,1.37,2.25
2015.04.22 13:08:25.216,0.96445,0.96457,1.20,1.00
2015.04.22 13:08:25.748,0.96447,0.96458,1.00,1.00
2015.04.22 13:08:27.831,0.96449,0.96458,1.00,1.00
2015.04.22 13:08:28.339,0.96448,0.9646,1.00,1.00
2015.04.22 13:08:28.897,0.96447,0.9646,1.00,1.00
2015.04.22 13:08:30.863,0.96448,0.9646,1.00,1.50
2015.04.22 13:08:31.374,0.96447,0.9646,1.00,2.25
2015.04.22 13:08:33.829,0.96449,0.9646,1.00,1.50
2015.04.22 13:08:34.336,0.96448,0.9646,1.00,1.50
2015.04.22 13:08:34.843,0.96449,0.9646,1.00,1.50
2015.04.22 13:08:36.013,0.9645,0.9646,1.00,1.00
2015.04.22 13:08:36.522,0.96449,0.9646,1.00,1.00
2015.04.22 13:08:37.249,0.96448,0.9646,1.00,1.00
2015.04.22 13:08:37.756,0.96449,0.9646,1.00,1.00
2015.04.22 13:08:38.810,0.96449,0.96462,1.00,2.25
2015.04.22 13:08:38.861,0.96447,0.9646,1.12,1.00
2015.04.22 13:08:39.390,0.96446,0.96459,1.00,1.00
2015.04.22 13:08:39.717,0.96449,0.9646,1.00,1.00
2015.04.22 13:08:39.818,0.96446,0.9646,1.10,1.00
2015.04.22 13:08:40.022,0.96445,0.96458,1.20,1.00
2015.04.22 13:08:40.530,0.96446,0.96458,1.00,1.00
2015.04.22 13:08:41.038,0.96446,0.96459,1.00,1.00
2015.04.22 13:08:41.545,0.96445,0.96458,1.00,1.00
2015.04.22 13:08:42.478,0.96444,0.96457,1.10,1.00
2015.04.22 13:08:43.286,0.96445,0.96458,1.00,1.00
2015.04.22 13:08:44.520,0.96445,0.96458,1.07,1.00
2015.04.22 13:08:44.825,0.96444,0.96457,1.00,1.00
2015.04.22 13:08:44.928,0.96446,0.96459,1.00,1.50
2015.04.22 13:08:45.238,0.96448,0.9646,1.37,1.37
2015.04.22 13:08:45.747,0.96448,0.96461,1.37,2.25
2015.04.22 13:08:47.131,0.96443,0.96455,1.95,1.00
2015.04.22 13:08:47.607,0.96447,0.96458,1.37,1.37
2015.04.22 13:08:48.381,0.96447,0.96458,1.12,1.37
2015.04.22 13:08:48.533,0.96445,0.96458,1.50,1.87
2015.04.22 13:08:48.584,0.96445,0.96457,1.50,1.37
2015.04.22 13:08:48.788,0.96445,0.96458,1.50,1.50
2015.04.22 13:08:48.991,0.96445,0.96458,1.50,1.50
2015.04.22 13:08:49.533,0.96446,0.96459,1.00,1.50
2015.04.22 13:08:49.902,0.96443,0.96454,1.57,1.00
2015.04.22 13:08:50.207,0.96442,0.96451,2.25,1.00
2015.04.22 13:08:50.309,0.96437,0.9645,1.27,1.00
2015.04.22 13:08:50.411,0.96437,0.96447,1.12,1.50
2015.04.22 13:08:50.716,0.96436,0.96444,2.25,2.10
2015.04.22 13:08:51.021,0.96436,0.96442,2.25,1.00
2015.04.22 13:08:51.427,0.96431,0.96442,1.00,1.00
2015.04.22 13:08:51.731,0.96431,0.96444,1.00,1.00
2015.04.22 13:08:51.985,0.96431,0.96446,1.37,1.00
2015.04.22 13:08:52.086,0.96435,0.96446,1.00,1.00
2015.04.22 13:08:52.340,0.96436,0.96448,1.00,1.10
2015.04.22 13:08:52.391,0.96439,0.96448,1.00,1.10
2015.04.22 13:08:52.899,0.96438,0.96449,1.00,1.00
2015.04.22 13:08:53.507,0.96439,0.96449,1.00,1.00
2015.04.22 13:08:54.383,0.96438,0.96449,1.00,1.00
2015.04.22 13:08:57.351,0.96439,0.96449,1.00,1.00
2015.04.22 13:08:57.858,0.9644,0.9645,1.00,1.00
2015.04.22 13:09:00.383,0.9644,0.96446,1.00,1.50
2015.04.22 13:09:00.586,0.96431,0.96441,1.37,1.37
2015.04.22 13:09:00.688,0.96431,0.9644,1.00,1.12
2015.04.22 13:09:00.739,0.9643,0.96434,1.00,1.00
2015.04.22 13:09:00.841,0.96427,0.96434,1.00,1.00
2015.04.22 13:09:00.943,0.96431,0.96435,1.00,1.00
2015.04.22 13:09:01.044,0.96428,0.96433,1.00,1.37
2015.04.22 13:09:01.576,0.96429,0.96436,1.00,1.75
2015.04.22 13:09:02.108,0.9643,0.96438,1.00,2.25
2015.04.22 13:09:02.536,0.96424,0.96432,1.50,1.00
2015.04.22 13:09:02.639,0.96422,0.96431,1.00,1.10
2015.04.22 13:09:02.690,0.96418,0.9643,1.12,1.00
2015.04.22 13:09:02.844,0.96412,0.96427,1.37,1.00
2015.04.22 13:09:02.946,0.96413,0.96428,1.37,1.00
2015.04.22 13:09:03.655,0.96412,0.96427,1.47,1.00
2015.04.22 13:09:03.960,0.96411,0.96426,1.87,1.57
2015.04.22 13:09:04.265,0.96403,0.96414,3.00,1.00
2015.04.22 13:09:04.318,0.96403,0.96414,1.00,1.00
2015.04.22 13:09:04.420,0.96401,0.96412,2.25,1.00
2015.04.22 13:09:04.927,0.96401,0.96411,2.25,1.00
2015.04.22 13:09:05.282,0.96397,0.96411,1.12,1.00
2015.04.22 13:09:05.796,0.96397,0.96411,1.27,1.00
2015.04.22 13:09:06.306,0.96396,0.9641,1.47,1.00
2015.04.22 13:09:06.358,0.96394,0.96408,1.95,1.50
2015.04.22 13:09:06.878,0.96395,0.9641,1.00,1.10
2015.04.22 13:09:08.219,0.96397,0.9641,1.50,1.00
2015.04.22 13:09:08.523,0.96397,0.9641,1.50,1.37
2015.04.22 13:09:09.676,0.96397,0.96409,1.00,3.37
2015.04.22 13:09:09.778,0.96393,0.96407,1.00,2.02
2015.04.22 13:09:09.881,0.96395,0.96409,1.00,3.37
2015.04.22 13:09:10.389,0.96394,0.9641,1.00,1.37
2015.04.22 13:09:14.349,0.96391,0.96407,1.10,1.37
2015.04.22 13:09:14.655,0.96385,0.96399,1.12,1.72
2015.04.22 13:09:14.910,0.96385,0.96396,1.00,1.12
2015.04.22 13:09:14.962,0.96383,0.96397,1.00,1.37
2015.04.22 13:09:15.013,0.96385,0.96398,1.00,1.00
2015.04.22 13:09:15.317,0.96391,0.96403,1.00,1.47
2015.04.22 13:09:15.394,0.96391,0.96403,1.00,1.20
2015.04.22 13:09:15.598,0.96395,0.96404,1.00,1.20
2015.04.22 13:09:15.953,0.96397,0.96407,1.00,1.95
2015.04.22 13:09:16.359,0.96395,0.96406,1.50,1.47
2015.04.22 13:09:20.692,0.96394,0.96406,1.00,1.37
2015.04.22 13:09:20.794,0.96392,0.96405,1.50,1.12
2015.04.22 13:09:21.301,0.96393,0.96405,1.00,1.12
2015.04.22 13:09:21.832,0.96392,0.96405,1.50,1.12
2015.04.22 13:09:22.392,0.96393,0.96405,1.00,1.12
2015.04.22 13:09:22.799,0.96395,0.96406,1.00,1.87
2015.04.22 13:09:23.307,0.96394,0.96406,1.50,1.37
2015.04.22 13:09:23.841,0.96395,0.96406,1.00,1.37
2015.04.22 13:09:24.836,0.96394,0.96406,1.50,1.37
2015.04.22 13:09:25.395,0.96395,0.96406,1.00,1.87
2015.04.22 13:09:25.701,0.96397,0.96408,1.00,1.00
2015.04.22 13:09:26.208,0.96396,0.96409,1.50,1.87
2015.04.22 13:09:27.402,0.96395,0.96407,1.00,1.12
2015.04.22 13:09:27.909,0.96394,0.96407,1.50,1.87
2015.04.22 13:09:29.011,0.96399,0.96407,1.00,1.12
2015.04.22 13:09:29.317,0.96408,0.96417,1.00,1.00
2015.04.22 13:09:29.591,0.9641,0.9642,1.00,1.50
2015.04.22 13:09:30.360,0.96409,0.9642,1.00,1.00
2015.04.22 13:09:31.251,0.96409,0.96421,1.00,1.50
2015.04.22 13:09:31.928,0.96408,0.96421,1.50,1.00
2015.04.22 13:09:33.317,0.96408,0.9642,1.00,1.00
2015.04.22 13:09:33.632,0.96406,0.96419,1.50,1.00
2015.04.22 13:09:34.156,0.96407,0.96419,1.00,1.00
2015.04.22 13:09:34.562,0.96405,0.96418,1.87,1.00
2015.04.22 13:09:35.068,0.96406,0.96419,1.00,1.50
2015.04.22 13:09:37.271,0.96406,0.96418,1.00,1.00
2015.04.22 13:09:38.821,0.96405,0.96418,1.00,1.50
2015.04.22 13:09:41.576,0.96405,0.96418,1.57,1.00
2015.04.22 13:09:42.126,0.96405,0.96419,1.57,1.50
2015.04.22 13:09:42.683,0.96407,0.96419,1.00,1.00
2015.04.22 13:09:43.190,0.96406,0.96419,1.87,1.00
2015.04.22 13:09:43.697,0.96407,0.96419,1.00,1.00
2015.04.22 13:09:44.566,0.96406,0.96419,1.12,1.50
2015.04.22 13:09:45.075,0.96405,0.96418,1.00,1.00
2015.04.22 13:09:45.590,0.96407,0.96419,1.00,1.00
2015.04.22 13:09:46.908,0.96408,0.96419,1.00,1.00
2015.04.22 13:09:47.416,0.96407,0.96419,1.00,1.00
2015.04.22 13:09:48.538,0.96408,0.96419,1.00,1.00
2015.04.22 13:09:49.046,0.96409,0.96419,1.00,1.00
2015.04.22 13:09:51.724,0.96409,0.96421,1.00,1.00
2015.04.22 13:09:52.235,0.9641,0.96421,1.50,1.00
2015.04.22 13:09:52.744,0.96411,0.96421,1.00,1.00
2015.04.22 13:09:53.992,0.96411,0.96421,1.00,3.00
2015.04.22 13:09:54.197,0.96411,0.96421,1.00,1.50
2015.04.22 13:09:54.605,0.96409,0.96421,1.00,1.00
2015.04.22 13:09:55.112,0.96408,0.96421,1.00,1.50
2015.04.22 13:09:57.132,0.96408,0.96421,1.00,2.40
2015.04.22 13:09:57.657,0.96409,0.96421,1.00,1.50
2015.04.22 13:09:58.427,0.96409,0.96421,1.50,1.50
2015.04.22 13:10:00.203,0.9641,0.96422,1.87,1.10
2015.04.22 13:10:00.710,0.96411,0.96422,1.00,1.00
2015.04.22 13:10:01.224,0.96412,0.96422,1.00,1.00
2015.04.22 13:10:01.884,0.96414,0.96422,1.00,1.00
2015.04.22 13:10:02.393,0.96413,0.96422,1.00,1.00
2015.04.22 13:10:02.726,0.96415,0.96424,1.00,1.10
2015.04.22 13:10:02.878,0.96413,0.96424,1.00,1.10
2015.04.22 13:10:04.485,0.96414,0.96425,1.00,1.00
2015.04.22 13:10:05.027,0.96415,0.96427,1.00,1.87
2015.04.22 13:10:05.534,0.96416,0.96427,1.00,1.87
2015.04.22 13:10:06.509,0.96417,0.96429,1.00,1.47
2015.04.22 13:10:06.712,0.96419,0.96431,1.00,1.37
2015.04.22 13:10:06.813,0.96417,0.96431,1.00,1.00
2015.04.22 13:10:10.532,0.96417,0.9643,1.00,1.00
2015.04.22 13:10:17.592,0.96419,0.9643,1.00,1.00
2015.04.22 13:10:18.323,0.9642,0.9643,1.10,1.00
2015.04.22 13:10:18.476,0.96427,0.9644,1.00,1.00
2015.04.22 13:10:18.527,0.96429,0.9644,1.00,1.00
2015.04.22 13:10:18.578,0.96429,0.96442,1.00,1.12
2015.04.22 13:10:18.680,0.96432,0.96442,1.00,1.12
2015.04.22 13:10:19.187,0.96432,0.96443,1.00,1.50
2015.04.22 13:10:19.441,0.96429,0.96443,1.00,1.50
2015.04.22 13:10:19.956,0.96428,0.96442,1.00,1.00
2015.04.22 13:10:20.480,0.96428,0.96443,1.50,2.25
2015.04.22 13:10:21.190,0.96428,0.96443,1.50,2.32
2015.04.22 13:10:21.697,0.96428,0.96441,1.00,1.50
2015.04.22 13:10:26.470,0.96429,0.96442,1.50,1.00
2015.04.22 13:10:27.366,0.96431,0.96443,1.00,1.00
2015.04.22 13:10:28.386,0.9643,0.96443,1.00,1.50
2015.04.22 13:10:29.080,0.9643,0.96437,1.00,1.00
2015.04.22 13:10:29.182,0.96427,0.96437,1.00,1.00
2015.04.22 13:10:29.233,0.96425,0.96437,1.00,1.50
2015.04.22 13:10:29.385,0.96426,0.96439,1.00,1.87
2015.04.22 13:10:29.892,0.96425,0.96438,1.00,1.00
2015.04.22 13:10:31.061,0.96425,0.96436,1.00,1.00
2015.04.22 13:10:31.366,0.96414,0.96431,1.27,1.00
2015.04.22 13:10:31.584,0.9642,0.96432,1.00,1.00
2015.04.22 13:10:33.003,0.9642,0.96433,1.00,1.50
2015.04.22 13:10:33.510,0.96421,0.96433,1.00,1.00
2015.04.22 13:10:34.094,0.96421,0.96434,1.00,1.50
2015.04.22 13:10:36.568,0.96421,0.96432,1.00,1.00
2015.04.22 13:10:37.090,0.9642,0.96431,1.00,1.00
2015.04.22 13:10:37.671,0.9642,0.96432,1.00,1.57
2015.04.22 13:10:38.382,0.96421,0.96432,1.00,1.12
2015.04.22 13:10:38.962,0.96421,0.96425,1.00,1.87
2015.04.22 13:10:39.064,0.96414,0.96421,2.32,1.00
2015.04.22 13:10:39.115,0.96409,0.96424,1.75,1.00
2015.04.22 13:10:39.166,0.96419,0.96424,1.00,1.00
2015.04.22 13:10:39.217,0.96419,0.96427,1.00,1.00
2015.04.22 13:10:39.268,0.96419,0.96429,1.00,1.00
2015.04.22 13:10:39.775,0.96418,0.9643,1.00,1.00
2015.04.22 13:10:39.927,0.96421,0.96431,1.00,1.12
2015.04.22 13:10:40.818,0.96424,0.96432,1.00,1.00
2015.04.22 13:10:40.921,0.96426,0.96435,1.00,1.00
2015.04.22 13:10:41.073,0.96426,0.96437,1.00,1.00
2015.04.22 13:10:41.584,0.96426,0.96438,1.00,1.50
2015.04.22 13:10:41.889,0.96425,0.96437,1.00,1.37
2015.04.22 13:10:42.041,0.96422,0.96433,1.00,1.37
2015.04.22 13:10:42.144,0.96422,0.96434,1.00,1.50
2015.04.22 13:10:42.315,0.96424,0.96434,1.00,1.00
2015.04.22 13:10:42.738,0.96424,0.96436,1.00,1.00
2015.04.22 13:10:42.992,0.96426,0.96436,1.00,1.00
2015.04.22 13:10:43.044,0.96426,0.96438,1.00,1.20
2015.04.22 13:10:43.095,0.96429,0.96438,1.00,1.20
2015.04.22 13:10:43.146,0.96429,0.96441,1.00,2.25
2015.04.22 13:10:43.349,0.96432,0.96443,1.00,1.37
2015.04.22 13:10:43.880,0.96431,0.96443,1.00,3.00
2015.04.22 13:10:43.982,0.96429,0.96443,1.00,3.00
2015.04.22 13:10:46.051,0.96429,0.96442,1.00,1.00
2015.04.22 13:10:47.917,0.96429,0.96443,1.00,3.00
2015.04.22 13:10:48.427,0.9643,0.96443,1.00,2.62
2015.04.22 13:10:48.529,0.96432,0.96443,1.00,1.87
2015.04.22 13:10:48.682,0.96433,0.96445,1.00,1.12
2015.04.22 13:10:49.732,0.96434,0.96445,1.00,1.00
2015.04.22 13:10:51.100,0.96434,0.96446,1.00,1.12
2015.04.22 13:10:51.153,0.96434,0.96447,1.00,2.62
2015.04.22 13:10:51.254,0.96435,0.96447,1.00,2.25
2015.04.22 13:10:51.458,0.96437,0.96447,1.00,1.00
2015.04.22 13:10:51.509,0.96437,0.96449,1.00,1.10
2015.04.22 13:10:51.561,0.96439,0.96449,1.00,1.00
2015.04.22 13:10:51.662,0.96439,0.96452,1.00,1.57
2015.04.22 13:10:52.170,0.96439,0.96451,1.00,2.62
2015.04.22 13:10:53.899,0.96436,0.96448,1.00,1.00
2015.04.22 13:10:54.207,0.96435,0.96446,1.00,1.00
2015.04.22 13:10:54.361,0.96432,0.96444,1.00,1.50
2015.04.22 13:10:54.412,0.96432,0.96441,1.00,1.00
2015.04.22 13:10:54.869,0.96432,0.96443,1.00,1.50
2015.04.22 13:10:55.377,0.96432,0.96444,1.00,2.32
2015.04.22 13:10:56.252,0.96431,0.96444,1.00,3.00
2015.04.22 13:10:56.709,0.9643,0.96442,1.00,1.00
2015.04.22 13:10:57.218,0.9643,0.96443,1.00,1.50
2015.04.22 13:10:57.743,0.9643,0.96442,1.00,1.00
2015.04.22 13:10:58.261,0.9643,0.96443,1.00,1.00
2015.04.22 13:11:01.713,0.9643,0.9644,1.00,1.00
2015.04.22 13:11:02.647,0.96432,0.96442,1.00,1.00
2015.04.22 13:11:02.952,0.96438,0.96446,1.00,1.00
2015.04.22 13:11:03.470,0.96438,0.96447,1.00,1.00
2015.04.22 13:11:04.352,0.96438,0.96449,1.10,1.00
2015.04.22 13:11:04.707,0.9644,0.96449,1.00,1.00
2015.04.22 13:11:05.011,0.96442,0.96449,1.00,1.00
2015.04.22 13:11:06.156,0.96443,0.96452,1.00,1.00
2015.04.22 13:11:06.208,0.96444,0.96453,2.25,1.00
2015.04.22 13:11:06.311,0.96452,0.96459,1.00,1.12
2015.04.22 13:11:06.362,0.96452,0.96461,1.00,1.00
2015.04.22 13:11:06.871,0.96451,0.96461,1.00,1.00
2015.04.22 13:11:11.430,0.96451,0.96463,1.00,1.00
2015.04.22 13:11:14.544,0.96451,0.9646,1.00,1.00
2015.04.22 13:11:15.205,0.96451,0.9646,1.00,1.37
2015.04.22 13:11:15.460,0.96442,0.96451,1.00,1.00
2015.04.22 13:11:15.511,0.96439,0.96451,1.00,1.00
2015.04.22 13:11:21.336,0.9644,0.96451,1.00,1.12
2015.04.22 13:11:21.539,0.96442,0.96451,1.00,1.12
2015.04.22 13:11:22.070,0.96441,0.96451,1.00,1.12
2015.04.22 13:11:23.405,0.9644,0.96451,1.00,1.12
2015.04.22 13:11:24.761,0.96441,0.96451,1.00,1.12
2015.04.22 13:11:25.514,0.9644,0.96451,1.00,1.12
2015.04.22 13:11:26.021,0.9644,0.9645,1.00,1.00
2015.04.22 13:11:26.528,0.96439,0.9645,1.00,1.00
2015.04.22 13:11:26.727,0.96437,0.9645,1.10,1.50
2015.04.22 13:11:26.830,0.96439,0.9645,1.00,1.00
2015.04.22 13:11:28.369,0.96438,0.9645,1.00,1.00
2015.04.22 13:11:32.010,0.96438,0.96451,1.00,1.87
2015.04.22 13:11:34.960,0.96441,0.96451,1.00,1.12
2015.04.22 13:11:35.468,0.96442,0.96452,1.00,1.12
2015.04.22 13:11:35.993,0.96441,0.96452,1.10,1.12
2015.04.22 13:11:39.294,0.96441,0.9645,1.10,1.00
2015.04.22 13:11:41.063,0.96441,0.9645,1.17,1.00
2015.04.22 13:11:41.418,0.96441,0.96452,1.17,1.12
2015.04.22 13:11:41.942,0.96443,0.96452,1.00,1.12
2015.04.22 13:11:43.452,0.96442,0.96452,1.10,1.12
2015.04.22 13:11:45.761,0.96439,0.96452,1.65,1.87
2015.04.22 13:11:46.277,0.96439,0.96452,1.17,1.50
2015.04.22 13:11:46.531,0.96441,0.9645,1.00,1.00
2015.04.22 13:11:47.033,0.9644,0.9645,1.00,1.00
2015.04.22 13:11:48.814,0.96439,0.9645,1.10,1.00
2015.04.22 13:11:49.376,0.9644,0.9645,1.00,1.00
2015.04.22 13:11:49.427,0.9644,0.96453,1.00,1.00
2015.04.22 13:11:49.478,0.96442,0.96454,1.00,1.00
2015.04.22 13:11:49.784,0.96444,0.96454,1.00,1.00
2015.04.22 13:11:49.835,0.96438,0.9645,1.37,1.00
2015.04.22 13:11:49.886,0.96437,0.9645,1.10,1.00
2015.04.22 13:11:50.039,0.9644,0.9645,1.00,1.00
2015.04.22 13:11:50.191,0.9644,0.96453,1.00,1.00
2015.04.22 13:11:50.243,0.96442,0.96454,1.00,1.00
2015.04.22 13:11:51.105,0.96442,0.9645,1.00,1.00
2015.04.22 13:11:51.156,0.96438,0.9645,1.10,1.00
2015.04.22 13:11:51.207,0.96438,0.96448,1.00,1.50
2015.04.22 13:11:51.258,0.96436,0.96448,1.57,1.50
2015.04.22 13:11:51.360,0.96432,0.96447,1.07,1.00
2015.04.22 13:11:51.411,0.96431,0.96447,1.00,1.00
2015.04.22 13:11:51.513,0.9643,0.96443,1.17,1.00
2015.04.22 13:11:51.818,0.9643,0.96439,1.00,1.00
2015.04.22 13:11:53.040,0.96426,0.96437,1.65,1.00
2015.04.22 13:11:53.091,0.96426,0.96437,1.00,1.00
2015.04.22 13:11:53.142,0.96424,0.9644,1.55,1.50
2015.04.22 13:11:53.245,0.96424,0.96438,1.37,1.00
2015.04.22 13:11:54.107,0.96424,0.96438,1.00,1.00
2015.04.22 13:11:54.616,0.96424,0.96437,1.00,1.00
2015.04.22 13:11:55.123,0.96425,0.96438,1.00,1.00
2015.04.22 13:11:56.325,0.96424,0.96437,1.00,1.00
2015.04.22 13:11:56.958,0.96424,0.96436,1.00,1.00
2015.04.22 13:11:58.971,0.96424,0.96437,1.00,1.00
2015.04.22 13:11:59.745,0.96424,0.96438,1.00,1.50
2015.04.22 13:12:00.253,0.96424,0.96437,1.00,1.50
2015.04.22 13:12:01.441,0.96422,0.96437,1.10,2.25
2015.04.22 13:12:01.917,0.96424,0.96437,1.00,1.00
2015.04.22 13:12:02.425,0.96423,0.96435,1.00,1.00
2015.04.22 13:12:02.969,0.96422,0.96435,1.50,1.50
2015.04.22 13:12:04.113,0.96422,0.96429,1.00,1.00
2015.04.22 13:12:04.367,0.96411,0.96425,1.47,1.00
2015.04.22 13:12:04.898,0.96414,0.96425,1.00,1.00
2015.04.22 13:12:04.950,0.96414,0.96427,1.00,1.00
2015.04.22 13:12:05.104,0.96416,0.96429,1.00,1.12
2015.04.22 13:12:05.663,0.96418,0.96431,1.00,1.00
2015.04.22 13:12:06.170,0.96417,0.9643,1.00,1.00
2015.04.22 13:12:07.633,0.96415,0.96428,1.10,1.00
2015.04.22 13:12:08.513,0.96416,0.96429,1.00,2.25
2015.04.22 13:12:09.020,0.96415,0.96428,1.00,1.00
2015.04.22 13:12:09.325,0.96412,0.96425,1.00,1.00
2015.04.22 13:12:09.630,0.96409,0.96421,1.17,1.00
2015.04.22 13:12:10.239,0.96407,0.9642,1.65,1.00
2015.04.22 13:12:10.391,0.96402,0.96417,1.15,1.50
2015.04.22 13:12:10.493,0.96402,0.96415,1.00,1.00
2015.04.22 13:12:10.797,0.96394,0.96409,1.15,1.00
2015.04.22 13:12:11.253,0.96397,0.96407,1.00,1.50
2015.04.22 13:12:11.457,0.96393,0.96407,1.95,1.00
2015.04.22 13:12:11.509,0.96393,0.96409,1.27,1.50
2015.04.22 13:12:12.017,0.96392,0.96408,1.52,1.00
2015.04.22 13:12:12.524,0.96392,0.96408,3.82,1.00
2015.04.22 13:12:16.170,0.96394,0.96409,1.27,1.00
2015.04.22 13:12:16.831,0.96397,0.9641,1.00,1.00
2015.04.22 13:12:17.368,0.96398,0.96411,1.00,1.50
2015.04.22 13:12:20.227,0.964,0.96412,1.00,1.00
2015.04.22 13:12:20.582,0.96404,0.96415,1.00,1.50
2015.04.22 13:12:20.684,0.96404,0.96417,1.00,1.50
2015.04.22 13:12:24.851,0.96405,0.96418,1.00,1.50
2015.04.22 13:12:24.954,0.96405,0.96418,1.07,1.00
2015.04.22 13:12:25.058,0.96409,0.96422,1.10,1.50
2015.04.22 13:12:25.109,0.96411,0.96422,1.00,1.00
2015.04.22 13:12:25.161,0.96411,0.96424,1.00,2.25
2015.04.22 13:12:25.529,0.96416,0.96428,1.00,1.50
2015.04.22 13:12:25.732,0.96417,0.96431,1.00,1.50
2015.04.22 13:12:26.241,0.96417,0.9643,1.00,1.00
2015.04.22 13:12:26.750,0.96416,0.96429,1.00,1.50
2015.04.22 13:12:27.261,0.96415,0.96428,1.00,1.00
2015.04.22 13:12:28.174,0.96416,0.96429,1.00,1.50
2015.04.22 13:12:28.225,0.96416,0.96429,1.37,1.50
2015.04.22 13:12:28.428,0.96423,0.96436,1.00,2.25
2015.04.22 13:12:28.784,0.96424,0.96438,1.00,1.00
2015.04.22 13:12:28.937,0.96427,0.96438,1.00,1.00
2015.04.22 13:12:29.396,0.96425,0.96438,1.00,1.00
2015.04.22 13:12:33.968,0.96424,0.96436,1.10,1.00
2015.04.22 13:12:34.121,0.96422,0.96435,1.00,1.00
2015.04.22 13:12:34.649,0.96423,0.96436,1.00,1.00
2015.04.22 13:12:34.751,0.96425,0.96437,1.00,1.00
2015.04.22 13:12:34.853,0.96426,0.9644,1.10,1.50
2015.04.22 13:12:34.905,0.96426,0.9644,1.07,1.00
2015.04.22 13:12:35.311,0.96431,0.96441,1.00,1.00
2015.04.22 13:12:35.413,0.96433,0.96444,1.10,1.00
2015.04.22 13:12:35.515,0.96433,0.96446,1.10,1.00
2015.04.22 13:12:35.770,0.96436,0.96447,1.00,1.00
2015.04.22 13:12:36.195,0.96438,0.96449,1.00,1.00
2015.04.22 13:12:36.704,0.96437,0.96449,1.00,1.37
2015.04.22 13:12:36.958,0.96435,0.96449,1.57,1.37
2015.04.22 13:12:37.060,0.96435,0.9645,1.57,1.12
2015.04.22 13:12:37.161,0.9644,0.96451,1.00,1.00
2015.04.22 13:12:37.212,0.9644,0.96453,1.00,1.00
2015.04.22 13:12:37.517,0.96439,0.96451,1.00,1.00
2015.04.22 13:12:37.721,0.96437,0.9645,1.00,2.25
2015.04.22 13:12:37.823,0.96435,0.96448,1.00,1.00
2015.04.22 13:12:38.128,0.96432,0.96445,1.00,1.50
2015.04.22 13:12:38.281,0.9643,0.96445,1.00,1.50
2015.04.22 13:12:38.788,0.9643,0.96444,1.00,1.00
2015.04.22 13:12:39.229,0.9643,0.96441,1.00,1.00
2015.04.22 13:12:41.086,0.9643,0.96441,1.75,1.00
2015.04.22 13:12:42.277,0.9643,0.96441,1.12,1.00
2015.04.22 13:12:42.649,0.9643,0.96438,1.12,1.00
2015.04.22 13:12:43.005,0.96427,0.96435,1.75,1.00
2015.04.22 13:12:44.830,0.96426,0.96435,1.00,1.00
2015.04.22 13:12:47.514,0.96427,0.96435,1.00,1.00
2015.04.22 13:12:48.061,0.96426,0.96435,1.00,1.00
2015.04.22 13:12:49.374,0.96427,0.96435,1.00,1.00
2015.04.22 13:12:52.656,0.96427,0.96438,1.00,1.00
2015.04.22 13:12:52.708,0.96429,0.96438,1.00,1.00
2015.04.22 13:12:53.014,0.96431,0.96438,1.00,1.00
2015.04.22 13:12:56.875,0.96431,0.96437,1.00,1.00
2015.04.22 13:12:56.976,0.96429,0.96437,1.00,1.00
2015.04.22 13:12:57.535,0.96428,0.96435,1.00,1.00
2015.04.22 13:12:58.425,0.96427,0.96435,1.00,1.00
2015.04.22 13:12:58.935,0.96428,0.96436,1.00,1.00
2015.04.22 13:12:59.444,0.96427,0.96437,1.00,1.00
2015.04.22 13:12:59.749,0.96432,0.96439,1.00,1.00
2015.04.22 13:13:00.383,0.9643,0.96439,1.00,1.00
2015.04.22 13:13:00.688,0.9643,0.96442,1.00,1.00
2015.04.22 13:13:00.739,0.96434,0.96442,1.00,1.00
2015.04.22 13:13:00.790,0.96434,0.96446,1.00,1.00
2015.04.22 13:13:00.841,0.96436,0.96446,1.00,1.00
2015.04.22 13:13:01.046,0.96434,0.96446,1.00,1.00
2015.04.22 13:13:01.553,0.96435,0.96446,1.00,1.00
2015.04.22 13:13:02.277,0.96436,0.96446,1.00,1.00
2015.04.22 13:13:02.834,0.96433,0.96446,1.00,1.50
2015.04.22 13:13:02.885,0.96433,0.96444,1.00,1.00
2015.04.22 13:13:03.038,0.96431,0.96443,1.00,1.00
2015.04.22 13:13:03.140,0.96427,0.96437,1.00,1.00
2015.04.22 13:13:03.662,0.96428,0.96437,1.00,1.00
2015.04.22 13:13:04.018,0.96426,0.96437,1.00,1.00
2015.04.22 13:13:04.538,0.96426,0.96436,1.00,1.00
2015.04.22 13:13:06.357,0.96424,0.96436,1.10,1.00
2015.04.22 13:13:06.510,0.96424,0.96434,1.00,1.00
2015.04.22 13:13:07.042,0.96423,0.96434,1.10,1.00
2015.04.22 13:13:09.654,0.96424,0.96434,1.00,1.00
2015.04.22 13:13:10.845,0.96424,0.96435,1.00,1.00
2015.04.22 13:13:11.352,0.9642,0.96435,3.07,1.50
2015.04.22 13:13:11.510,0.96419,0.96435,1.27,1.50
2015.04.22 13:13:11.966,0.96423,0.96435,1.00,1.00
2015.04.22 13:13:13.592,0.96419,0.96435,3.45,1.00
2015.04.22 13:13:14.048,0.96424,0.96435,1.00,1.00
2015.04.22 13:13:14.677,0.96422,0.96435,1.00,1.00
2015.04.22 13:13:15.299,0.96424,0.96435,1.50,1.00
2015.04.22 13:13:16.488,0.96424,0.96433,1.50,1.00
2015.04.22 13:13:17.031,0.96423,0.96433,2.62,1.00
2015.04.22 13:13:17.432,0.96423,0.96427,1.87,1.00
2015.04.22 13:13:17.483,0.9642,0.96427,1.87,1.00
2015.04.22 13:13:17.585,0.96417,0.96427,1.37,1.00
2015.04.22 13:13:17.687,0.96414,0.96424,1.37,1.00
2015.04.22 13:13:17.840,0.96409,0.96419,1.00,1.00
2015.04.22 13:13:18.349,0.96406,0.96418,1.50,1.00
2015.04.22 13:13:18.705,0.9641,0.96418,1.87,1.00
2015.04.22 13:13:19.264,0.96409,0.96418,1.12,1.00
2015.04.22 13:13:20.283,0.96408,0.96417,1.37,1.00
2015.04.22 13:13:20.690,0.96403,0.96417,2.02,1.00
2015.04.22 13:13:23.546,0.96402,0.96414,3.37,1.00
2015.04.22 13:13:23.648,0.96402,0.96414,1.37,1.00
2015.04.22 13:13:24.178,0.96401,0.96413,1.95,1.00
2015.04.22 13:13:26.598,0.964,0.96413,1.27,1.00
2015.04.22 13:13:26.851,0.96401,0.96413,2.02,1.00
2015.04.22 13:13:27.004,0.96411,0.96422,1.37,1.12
2015.04.22 13:13:27.222,0.96413,0.96425,1.87,1.50
2015.04.22 13:13:27.983,0.96414,0.96422,1.37,1.00
2015.04.22 13:13:28.034,0.96411,0.96422,1.37,1.00
2015.04.22 13:13:28.389,0.96408,0.96419,1.37,1.00
2015.04.22 13:13:28.491,0.96407,0.96419,1.37,1.00
2015.04.22 13:13:28.542,0.96407,0.96417,1.37,1.00
2015.04.22 13:13:29.050,0.96403,0.96416,2.02,1.00
2015.04.22 13:13:30.249,0.96403,0.96415,2.02,1.00
2015.04.22 13:13:30.452,0.96399,0.96411,1.37,1.00
2015.04.22 13:13:30.960,0.96399,0.9641,1.37,1.00
2015.04.22 13:13:34.410,0.96395,0.9641,2.02,1.50
2015.04.22 13:13:35.322,0.96398,0.9641,1.00,1.00
2015.04.22 13:13:35.425,0.964,0.9641,1.00,1.00
2015.04.22 13:13:35.730,0.96402,0.96412,1.12,1.00
2015.04.22 13:13:36.238,0.96403,0.96413,1.00,1.00
2015.04.22 13:13:36.339,0.96403,0.96416,1.12,1.50
2015.04.22 13:13:36.390,0.96405,0.96416,1.87,1.50
2015.04.22 13:13:36.694,0.9641,0.9642,2.62,1.00
2015.04.22 13:13:44.137,0.96412,0.96422,1.37,1.00
2015.04.22 13:13:44.238,0.96413,0.96424,1.12,1.00
2015.04.22 13:13:44.745,0.96414,0.96424,1.12,1.00
2015.04.22 13:13:44.897,0.96418,0.9643,1.47,1.00
2015.04.22 13:13:45.151,0.96417,0.96427,1.37,1.00
2015.04.22 13:13:45.922,0.96415,0.96425,1.37,1.00
2015.04.22 13:14:01.312,0.96415,0.96426,1.37,1.00
2015.04.22 13:14:02.489,0.96414,0.96426,1.37,1.50
2015.04.22 13:14:03.025,0.96412,0.96425,1.37,1.00
2015.04.22 13:14:03.905,0.96411,0.96424,1.37,1.00
2015.04.22 13:14:04.327,0.96411,0.96424,1.12,1.00
2015.04.22 13:14:04.560,0.96407,0.96423,2.77,1.37
2015.04.22 13:14:04.764,0.96404,0.96417,1.10,1.00
2015.04.22 13:14:04.866,0.96401,0.96417,1.47,1.50
2015.04.22 13:14:04.917,0.964,0.96417,1.20,1.87
2015.04.22 13:14:05.273,0.96396,0.96413,2.40,1.87
2015.04.22 13:14:05.679,0.964,0.96413,1.07,1.12
2015.04.22 13:14:05.983,0.96403,0.96414,1.00,1.37
2015.04.22 13:14:06.085,0.964,0.96413,1.17,1.12
2015.04.22 13:14:06.238,0.964,0.96413,1.17,1.37
2015.04.22 13:14:07.346,0.964,0.96413,1.65,1.12
2015.04.22 13:14:07.448,0.96403,0.96414,1.00,1.37
2015.04.22 13:14:07.803,0.96404,0.96415,1.00,1.00
2015.04.22 13:14:14.274,0.96402,0.96415,1.07,1.50
2015.04.22 13:14:17.706,0.96408,0.96415,1.00,1.00
2015.04.22 13:14:18.061,0.9641,0.96415,1.00,1.00
2015.04.22 13:14:18.366,0.96417,0.96423,1.00,1.00
2015.04.22 13:14:18.468,0.96417,0.96426,1.00,1.00
2015.04.22 13:14:18.570,0.96419,0.96426,1.00,1.00
2015.04.22 13:14:18.671,0.96419,0.96428,1.00,1.50
2015.04.22 13:14:19.178,0.9642,0.96428,1.00,1.50
2015.04.22 13:14:22.992,0.96418,0.96428,1.00,1.00
2015.04.22 13:14:24.489,0.96416,0.96428,1.00,1.00
2015.04.22 13:14:24.998,0.96417,0.96428,1.00,1.00
2015.04.22 13:14:25.519,0.96416,0.96428,1.00,1.00
2015.04.22 13:14:26.407,0.96416,0.96429,1.00,1.00
2015.04.22 13:14:26.559,0.96415,0.96427,1.00,1.00
2015.04.22 13:14:27.116,0.96415,0.96426,1.00,1.00
2015.04.22 13:14:27.890,0.96414,0.96425,1.00,1.00
2015.04.22 13:14:28.398,0.96414,0.96424,1.00,1.00
2015.04.22 13:14:29.762,0.96414,0.96425,1.00,1.00
2015.04.22 13:14:30.646,0.96414,0.96426,1.12,1.00
2015.04.22 13:14:30.748,0.96414,0.96429,1.95,1.50
2015.04.22 13:14:31.102,0.96414,0.96427,1.95,1.00
2015.04.22 13:14:31.604,0.96414,0.96427,1.95,1.00
2015.04.22 13:14:32.230,0.96417,0.96427,1.00,1.00
2015.04.22 13:14:32.781,0.96417,0.96428,1.00,1.00
2015.04.22 13:14:34.428,0.9642,0.96428,1.00,1.00
2015.04.22 13:14:34.479,0.9642,0.96431,1.00,1.50
2015.04.22 13:14:35.570,0.9642,0.96432,1.00,1.50
2015.04.22 13:14:36.025,0.96422,0.96432,1.00,1.50
2015.04.22 13:14:38.329,0.96424,0.96432,1.00,1.00
2015.04.22 13:14:38.583,0.96424,0.96435,1.00,1.50
2015.04.22 13:14:38.634,0.96426,0.96435,1.00,1.50
2015.04.22 13:14:38.787,0.96426,0.96437,1.00,1.00
2015.04.22 13:14:38.838,0.96426,0.9644,1.00,1.50
2015.04.22 13:14:39.370,0.96425,0.96439,1.00,1.00
2015.04.22 13:14:39.421,0.96425,0.96437,1.00,1.00
2015.04.22 13:14:40.555,0.96425,0.96436,1.00,1.00
2015.04.22 13:14:41.325,0.96423,0.96434,1.00,1.00
2015.04.22 13:14:41.854,0.96423,0.96433,1.00,1.00
2015.04.22 13:14:42.160,0.96425,0.96433,1.00,1.00
2015.04.22 13:14:42.683,0.96425,0.96434,1.00,1.00
2015.04.22 13:14:44.733,0.96425,0.96433,1.00,1.00
2015.04.22 13:14:45.501,0.96425,0.96434,1.00,1.00
2015.04.22 13:14:47.158,0.96425,0.96435,1.00,1.00
2015.04.22 13:14:48.248,0.96425,0.96435,1.37,1.00
2015.04.22 13:14:48.756,0.96425,0.96436,1.37,1.00
2015.04.22 13:14:49.293,0.96425,0.96435,1.37,1.00
2015.04.22 13:14:50.771,0.96425,0.96436,1.37,1.00
2015.04.22 13:14:51.329,0.96425,0.96437,1.47,1.00
2015.04.22 13:14:51.856,0.96425,0.96436,1.37,1.00
2015.04.22 13:14:52.213,0.96431,0.96435,1.00,1.00
2015.04.22 13:14:52.314,0.96428,0.96438,1.10,1.00
2015.04.22 13:14:52.821,0.96428,0.96439,1.00,1.00
2015.04.22 13:14:53.963,0.96428,0.96438,1.00,1.00
2015.04.22 13:14:54.421,0.96425,0.96438,2.02,1.00
2015.04.22 13:14:56.026,0.96431,0.96439,1.00,1.00
2015.04.22 13:14:56.178,0.96431,0.96444,1.00,1.15
2015.04.22 13:14:56.229,0.96431,0.96445,1.00,2.62
2015.04.22 13:14:57.487,0.96431,0.96445,1.87,1.50
2015.04.22 13:14:57.798,0.96442,0.96455,1.50,1.00
2015.04.22 13:14:58.307,0.96443,0.96455,1.00,1.00
2015.04.22 13:14:59.016,0.96441,0.96455,1.00,1.00
2015.04.22 13:14:59.169,0.96441,0.96453,1.00,1.00
2015.04.22 13:14:59.322,0.96439,0.96453,1.00,2.25
2015.04.22 13:14:59.736,0.9644,0.9645,1.00,1.00
2015.04.22 13:14:59.940,0.9644,0.96453,1.00,3.90
2015.04.22 13:15:00.855,0.96439,0.96452,1.00,1.10
2015.04.22 13:15:01.750,0.96439,0.96452,1.87,1.00
2015.04.22 13:15:01.903,0.96441,0.96454,1.00,1.00
2015.04.22 13:15:01.954,0.96443,0.96455,1.00,2.62
2015.04.22 13:15:02.906,0.96443,0.96454,1.00,1.00
2015.04.22 13:15:03.160,0.9644,0.96452,1.00,1.00
2015.04.22 13:15:03.674,0.96441,0.96452,1.00,1.00
2015.04.22 13:15:04.436,0.96441,0.9645,1.00,1.00
2015.04.22 13:15:04.941,0.9644,0.9645,1.00,1.00
2015.04.22 13:15:05.448,0.96438,0.96449,1.00,1.07
2015.04.22 13:15:05.823,0.96436,0.96449,1.37,2.62
2015.04.22 13:15:05.975,0.96433,0.96446,1.00,2.70
2015.04.22 13:15:06.078,0.96433,0.96443,1.00,1.00
2015.04.22 13:15:07.730,0.96433,0.96445,1.37,1.00
2015.04.22 13:15:08.035,0.9644,0.96448,1.00,1.00
2015.04.22 13:15:08.087,0.9644,0.96451,1.00,1.00
2015.04.22 13:15:08.290,0.96442,0.96452,1.00,1.00
2015.04.22 13:15:08.610,0.96447,0.96452,1.00,1.00
2015.04.22 13:15:08.664,0.96446,0.96456,1.00,1.00
2015.04.22 13:15:09.424,0.96448,0.96456,1.00,1.00
2015.04.22 13:15:10.302,0.96447,0.96456,1.00,1.00
2015.04.22 13:15:11.962,0.96446,0.96456,1.00,1.00
2015.04.22 13:15:12.470,0.96445,0.96456,1.00,1.00
2015.04.22 13:15:12.775,0.96444,0.96454,1.00,1.00
2015.04.22 13:15:12.826,0.96442,0.96454,1.00,1.00
2015.04.22 13:15:13.754,0.96442,0.96451,1.00,1.00
2015.04.22 13:15:13.907,0.96437,0.96449,1.12,1.50
2015.04.22 13:15:14.692,0.96437,0.96448,1.12,1.00
2015.04.22 13:15:14.895,0.9643,0.96446,1.55,1.00
2015.04.22 13:15:14.946,0.9643,0.96446,1.47,1.00
2015.04.22 13:15:15.352,0.96437,0.96448,1.00,1.50
2015.04.22 13:15:15.902,0.96438,0.96448,1.00,1.50
2015.04.22 13:15:16.459,0.96439,0.96448,1.00,1.00
2015.04.22 13:15:20.213,0.96438,0.96448,1.00,1.00
2015.04.22 13:15:20.518,0.96441,0.96448,1.00,1.00
2015.04.22 13:15:20.720,0.96441,0.9645,1.00,1.00
2015.04.22 13:15:21.706,0.96441,0.96449,1.00,1.00
2015.04.22 13:15:22.215,0.96441,0.9645,1.00,1.00
2015.04.22 13:15:23.431,0.96441,0.9645,1.00,1.37
2015.04.22 13:15:24.269,0.9644,0.96449,1.00,1.12
2015.04.22 13:15:24.777,0.9644,0.96448,1.00,1.12
2015.04.22 13:15:25.284,0.96439,0.96448,1.00,1.12
2015.04.22 13:15:25.814,0.9644,0.96449,1.00,1.12
2015.04.22 13:15:26.884,0.96436,0.96448,1.00,1.07
2015.04.22 13:15:26.986,0.96439,0.96448,1.00,1.20
2015.04.22 13:15:27.037,0.96439,0.96448,1.00,1.20
2015.04.22 13:15:27.544,0.9644,0.96448,1.00,1.95
2015.04.22 13:15:27.900,0.96434,0.96446,1.00,1.00
2015.04.22 13:15:28.153,0.96434,0.96445,1.00,1.17
2015.04.22 13:15:28.256,0.96434,0.96445,1.00,1.10
2015.04.22 13:15:28.408,0.96434,0.96443,1.00,1.00
2015.04.22 13:15:28.561,0.96424,0.96441,1.95,2.62
2015.04.22 13:15:28.612,0.96424,0.96437,1.10,1.00
2015.04.22 13:15:28.916,0.96414,0.9643,1.95,1.37
2015.04.22 13:15:29.170,0.96414,0.9643,1.95,1.37
2015.04.22 13:15:29.677,0.96414,0.9643,1.50,1.37
2015.04.22 13:15:29.727,0.96414,0.9643,1.50,1.37
2015.04.22 13:15:31.282,0.96415,0.9643,1.00,1.37
2015.04.22 13:15:31.536,0.96421,0.9643,1.00,1.37
2015.04.22 13:15:31.996,0.96421,0.9643,1.00,1.00
2015.04.22 13:15:32.301,0.96423,0.9643,1.00,1.00
2015.04.22 13:15:33.394,0.96428,0.96432,1.00,1.00
2015.04.22 13:15:33.598,0.9643,0.9644,1.00,1.00
2015.04.22 13:15:34.110,0.96429,0.9644,1.00,1.50
2015.04.22 13:15:34.365,0.96428,0.96438,1.00,1.00
2015.04.22 13:15:36.225,0.96427,0.96437,1.00,1.00
2015.04.22 13:15:36.378,0.96425,0.96436,1.00,1.00
2015.04.22 13:15:36.890,0.96424,0.96435,1.00,1.00
2015.04.22 13:15:38.032,0.96425,0.96435,1.00,1.00
2015.04.22 13:15:38.084,0.96425,0.96435,1.37,1.00
2015.04.22 13:15:38.339,0.96428,0.96437,1.00,1.00
2015.04.22 13:15:38.866,0.96428,0.96437,1.37,1.00
2015.04.22 13:15:45.313,0.96427,0.96437,1.00,1.00
2015.04.22 13:15:45.873,0.96425,0.96437,1.37,1.00
2015.04.22 13:15:46.447,0.96424,0.96434,1.37,1.00
2015.04.22 13:15:46.549,0.96428,0.96437,1.00,1.00
2015.04.22 13:15:46.601,0.96432,0.96436,1.00,1.00
2015.04.22 13:15:46.703,0.96432,0.96444,1.00,1.50
2015.04.22 13:15:47.211,0.96431,0.96444,1.00,1.50
2015.04.22 13:15:47.466,0.96433,0.96444,1.00,1.50
2015.04.22 13:15:48.027,0.96435,0.96444,1.00,1.00
2015.04.22 13:15:48.534,0.96434,0.96444,1.00,1.00
2015.04.22 13:15:49.004,0.96433,0.96446,1.00,1.50
2015.04.22 13:15:49.208,0.9643,0.96443,1.10,1.00
2015.04.22 13:15:49.719,0.9643,0.96442,1.00,1.00
2015.04.22 13:15:49.939,0.96426,0.96439,1.00,1.00
2015.04.22 13:15:50.461,0.96425,0.96438,1.00,1.00
2015.04.22 13:15:50.614,0.96424,0.96436,1.00,1.00
2015.04.22 13:15:50.919,0.96425,0.96438,1.00,1.57
2015.04.22 13:15:51.326,0.96423,0.96436,1.00,1.00
2015.04.22 13:15:51.998,0.96422,0.96435,1.50,1.00
2015.04.22 13:15:53.542,0.96423,0.96436,1.00,1.00
2015.04.22 13:15:54.204,0.96424,0.96437,1.00,1.00
2015.04.22 13:15:54.716,0.96425,0.96438,1.10,1.00
2015.04.22 13:15:55.021,0.96429,0.96442,1.37,1.50
2015.04.22 13:15:55.174,0.96433,0.96446,1.00,1.00
2015.04.22 13:15:56.492,0.96438,0.9645,1.00,1.17
2015.04.22 13:15:56.746,0.96438,0.96453,1.00,1.50
2015.04.22 13:15:57.152,0.96443,0.96456,1.10,1.07
2015.04.22 13:15:57.203,0.96443,0.96458,1.57,1.00
2015.04.22 13:15:57.255,0.96446,0.9646,1.00,1.87
2015.04.22 13:15:57.559,0.96446,0.96458,1.00,1.00
2015.04.22 13:15:58.093,0.96445,0.96458,1.00,1.50
2015.04.22 13:15:58.601,0.96446,0.96458,1.00,1.00
2015.04.22 13:15:59.109,0.96445,0.96459,1.00,1.00
2015.04.22 13:16:00.225,0.96446,0.96459,1.07,1.00
2015.04.22 13:16:00.380,0.96452,0.96465,1.00,1.00
2015.04.22 13:16:00.584,0.96456,0.96469,1.00,1.50
2015.04.22 13:16:00.685,0.96456,0.96471,1.00,1.87
2015.04.22 13:16:01.193,0.96457,0.96471,1.00,1.95
2015.04.22 13:16:01.650,0.96459,0.96472,1.00,1.00
2015.04.22 13:16:02.418,0.96459,0.96473,1.00,1.65
2015.04.22 13:16:02.925,0.96459,0.96474,1.00,2.70
2015.04.22 13:16:03.433,0.9646,0.96472,1.00,1.00
2015.04.22 13:16:03.738,0.96456,0.96469,1.87,1.10
2015.04.22 13:16:04.060,0.96456,0.96464,1.12,1.00
2015.04.22 13:16:04.314,0.96452,0.96463,1.37,1.00
2015.04.22 13:16:04.822,0.96451,0.96462,1.37,1.00
2015.04.22 13:16:04.923,0.96451,0.96462,1.00,1.00
2015.04.22 13:16:04.974,0.96449,0.96462,1.87,1.00
2015.04.22 13:16:05.025,0.96449,0.9646,1.12,1.00
2015.04.22 13:16:05.527,0.96447,0.96459,1.37,1.00
2015.04.22 13:16:06.089,0.96447,0.9646,2.62,1.00
2015.04.22 13:16:06.394,0.96451,0.96462,1.12,1.00
2015.04.22 13:16:06.445,0.96451,0.96464,1.37,1.00
2015.04.22 13:16:06.547,0.9645,0.96464,1.37,1.10
2015.04.22 13:16:06.649,0.96453,0.96466,1.37,1.10
2015.04.22 13:16:07.006,0.96453,0.96468,1.37,1.87
2015.04.22 13:16:07.107,0.96457,0.9647,1.37,1.65
2015.04.22 13:16:07.412,0.96457,0.9647,1.37,1.10
2015.04.22 13:16:07.463,0.96457,0.9647,1.37,1.10
2015.04.22 13:16:07.768,0.96457,0.9647,1.12,1.00
2015.04.22 13:16:08.536,0.96457,0.9647,1.37,1.00
2015.04.22 13:16:08.741,0.96458,0.96472,1.37,1.10
2015.04.22 13:16:08.792,0.96458,0.96472,1.37,1.17
2015.04.22 13:16:08.894,0.96457,0.9647,1.37,1.07
2015.04.22 13:16:09.301,0.96456,0.96469,1.87,1.00
2015.04.22 13:16:09.403,0.96456,0.96469,1.87,1.00
2015.04.22 13:16:10.040,0.96456,0.96469,1.87,1.00
2015.04.22 13:16:10.423,0.96458,0.96473,1.37,1.10
2015.04.22 13:16:10.525,0.96465,0.96477,1.00,2.25
2015.04.22 13:16:11.033,0.96465,0.96478,1.00,1.12
2015.04.22 13:16:11.338,0.96458,0.96471,1.37,1.00
2015.04.22 13:16:11.846,0.96457,0.9647,1.87,1.00
2015.04.22 13:16:13.279,0.96457,0.9647,1.87,1.00
2015.04.22 13:16:13.584,0.96456,0.96467,1.37,1.00
2015.04.22 13:16:13.941,0.96454,0.96463,1.37,1.00
2015.04.22 13:16:14.467,0.96449,0.96459,1.87,1.00
2015.04.22 13:16:14.670,0.96448,0.96457,1.37,1.00
2015.04.22 13:16:14.976,0.96446,0.96454,1.12,1.00
2015.04.22 13:16:15.027,0.96446,0.96456,1.00,1.00
2015.04.22 13:16:16.216,0.96446,0.96455,1.00,1.00
2015.04.22 13:16:16.369,0.96444,0.96455,1.12,1.00
2015.04.22 13:16:16.522,0.96441,0.96455,1.12,1.00
2015.04.22 13:16:16.573,0.96441,0.96452,1.00,1.00
2015.04.22 13:16:17.080,0.96441,0.96451,1.00,1.00
2015.04.22 13:16:18.779,0.96441,0.96452,1.12,1.00
2015.04.22 13:16:19.311,0.96441,0.96452,1.37,1.00
2015.04.22 13:16:19.516,0.96444,0.96457,1.37,1.10
2015.04.22 13:16:22.523,0.96445,0.96458,1.12,1.00
2015.04.22 13:16:23.259,0.96445,0.96458,1.37,1.00
2015.04.22 13:16:23.360,0.96448,0.96461,1.00,1.00
2015.04.22 13:16:23.513,0.96449,0.96461,1.37,1.00
2015.04.22 13:16:24.159,0.96449,0.9646,1.12,1.00
2015.04.22 13:16:24.538,0.96447,0.9646,1.10,1.00
2015.04.22 13:16:24.589,0.96446,0.96458,1.27,1.00
2015.04.22 13:16:24.945,0.96445,0.96457,1.12,1.00
2015.04.22 13:16:25.251,0.96444,0.96453,1.00,1.00
2015.04.22 13:16:25.404,0.96442,0.96452,1.00,1.00
2015.04.22 13:16:25.455,0.96442,0.9645,1.00,1.50
2015.04.22 13:16:25.607,0.96435,0.96445,1.10,1.00
2015.04.22 13:16:25.658,0.96433,0.96445,1.20,1.00
2015.04.22 13:16:26.115,0.96433,0.96442,1.00,1.00
2015.04.22 13:16:26.470,0.96433,0.96444,1.00,1.00
2015.04.22 13:16:26.775,0.96433,0.96442,1.00,1.00
2015.04.22 13:16:27.315,0.96433,0.96443,1.00,1.00
2015.04.22 13:16:27.621,0.96435,0.96444,1.00,1.00
2015.04.22 13:16:27.672,0.96435,0.96447,1.00,1.00
2015.04.22 13:16:28.180,0.96435,0.96448,1.50,1.00
2015.04.22 13:16:30.783,0.96435,0.96448,1.50,1.37
2015.04.22 13:16:37.172,0.96436,0.96448,1.15,1.37
2015.04.22 13:16:37.275,0.96436,0.96448,1.10,1.37
2015.04.22 13:16:37.478,0.96436,0.96449,1.50,1.00
2015.04.22 13:16:39.045,0.96436,0.96449,1.65,1.00
2015.04.22 13:16:39.579,0.96436,0.96449,1.57,1.00
2015.04.22 13:16:40.087,0.96436,0.96448,1.00,1.00
2015.04.22 13:16:40.614,0.96436,0.96447,1.00,1.00
2015.04.22 13:16:41.325,0.96436,0.96445,1.00,1.00
2015.04.22 13:16:41.376,0.96434,0.96445,1.00,1.00
2015.04.22 13:16:41.735,0.96432,0.96441,1.17,1.50
2015.04.22 13:16:41.787,0.96431,0.96441,1.10,1.50
2015.04.22 13:16:42.042,0.96426,0.9644,1.37,1.00
2015.04.22 13:16:42.094,0.96427,0.96437,1.37,1.00
2015.04.22 13:16:42.203,0.96426,0.96439,1.87,1.50
2015.04.22 13:16:42.306,0.96426,0.96437,1.37,1.00
2015.04.22 13:16:42.763,0.96424,0.96433,1.37,1.00
2015.04.22 13:16:42.866,0.96421,0.96431,1.00,1.00
2015.04.22 13:16:42.968,0.96417,0.9643,1.37,1.00
2015.04.22 13:16:43.426,0.96415,0.96427,1.37,1.00
2015.04.22 13:16:43.593,0.96415,0.96429,1.37,1.00
2015.04.22 13:16:44.381,0.96414,0.9643,1.47,1.00
2015.04.22 13:16:44.535,0.96418,0.96431,2.62,1.00
2015.04.22 13:16:44.586,0.96421,0.96434,1.37,1.00
2015.04.22 13:16:45.095,0.9642,0.96433,1.47,1.00
2015.04.22 13:16:45.604,0.96421,0.96434,1.37,1.00
2015.04.22 13:16:47.382,0.96422,0.96435,1.37,1.00
2015.04.22 13:16:47.586,0.96425,0.96438,1.37,1.00
2015.04.22 13:16:49.112,0.96425,0.96438,1.00,1.00
2015.04.22 13:16:49.670,0.96424,0.96437,1.00,1.00
2015.04.22 13:16:50.187,0.96423,0.96436,1.00,1.00
2015.04.22 13:16:50.239,0.96421,0.96434,2.32,1.00
2015.04.22 13:16:50.544,0.96417,0.9643,2.40,1.00
2015.04.22 13:16:50.697,0.96415,0.96429,1.17,1.00
2015.04.22 13:16:50.799,0.96413,0.96427,1.57,1.87
2015.04.22 13:16:51.310,0.96413,0.96427,1.07,1.87
2015.04.22 13:16:51.826,0.96415,0.96427,1.00,1.87
2015.04.22 13:16:52.375,0.96416,0.96427,1.00,1.87
2015.04.22 13:16:52.926,0.96416,0.96428,1.00,1.87
2015.04.22 13:16:54.410,0.96417,0.9643,1.00,4.12
2015.04.22 13:16:54.949,0.96416,0.96429,1.00,2.62
2015.04.22 13:16:59.337,0.96416,0.96429,1.07,2.62
2015.04.22 13:17:01.528,0.96416,0.96429,1.57,2.62
2015.04.22 13:17:02.055,0.96416,0.96429,1.65,2.62
2015.04.22 13:17:03.732,0.96416,0.96429,1.57,1.37
2015.04.22 13:17:04.036,0.9642,0.96429,1.17,1.57
2015.04.22 13:17:06.957,0.96423,0.96431,1.00,1.12
2015.04.22 13:17:11.576,0.96421,0.96436,2.92,1.37
2015.04.22 13:17:12.244,0.96421,0.96432,1.70,1.37
2015.04.22 13:17:12.855,0.9642,0.96432,2.25,1.37
2015.04.22 13:17:13.325,0.96415,0.96428,1.57,1.37
2015.04.22 13:17:13.685,0.96413,0.96427,1.15,1.37
2015.04.22 13:17:13.990,0.96408,0.96419,3.07,1.12
2015.04.22 13:17:15.192,0.9641,0.96423,1.00,1.37
2015.04.22 13:17:15.395,0.96403,0.96416,1.17,1.87
2015.04.22 13:17:15.497,0.964,0.96416,1.50,1.37
2015.04.22 13:17:16.004,0.96399,0.96415,4.50,1.37
2015.04.22 13:17:16.518,0.96399,0.96415,6.67,1.37
2015.04.22 13:17:19.163,0.96399,0.96416,6.67,1.37
2015.04.22 13:17:20.176,0.96399,0.96416,6.69,1.37
2015.04.22 13:17:20.723,0.96399,0.96416,6.67,1.37
2015.04.22 13:17:20.826,0.96399,0.96416,7.05,1.12
2015.04.22 13:17:21.975,0.96399,0.96415,5.92,1.00
2015.04.22 13:17:22.027,0.96399,0.96415,3.75,1.60
2015.04.22 13:17:22.078,0.96397,0.96409,1.95,1.00
2015.04.22 13:17:22.129,0.96397,0.96405,1.07,1.00
2015.04.22 13:17:22.180,0.96389,0.96405,4.20,1.00
2015.04.22 13:17:22.231,0.96389,0.96405,3.82,1.37
2015.04.22 13:17:22.402,0.96388,0.96405,1.15,2.25
2015.04.22 13:17:22.934,0.96386,0.96401,3.82,1.37
2015.04.22 13:17:23.087,0.96385,0.96401,2.25,1.87
2015.04.22 13:17:23.189,0.96383,0.96399,1.15,1.37
2015.04.22 13:17:24.077,0.96383,0.96398,3.07,1.37
2015.04.22 13:17:24.894,0.96384,0.96398,1.15,1.00
2015.04.22 13:17:26.202,0.96384,0.96397,1.15,1.00
2015.04.22 13:17:26.729,0.96386,0.96399,1.10,1.00
2015.04.22 13:17:26.934,0.96389,0.96402,1.00,1.50
2015.04.22 13:17:27.445,0.9639,0.96403,1.00,1.00
2015.04.22 13:17:27.956,0.96389,0.96402,1.00,1.00
2015.04.22 13:17:28.585,0.9639,0.96403,1.00,1.00
2015.04.22 13:17:29.195,0.9639,0.96402,1.00,1.00
2015.04.22 13:17:29.702,0.9639,0.96403,1.00,1.50
2015.04.22 13:17:31.375,0.9639,0.96405,1.00,1.87
2015.04.22 13:17:35.586,0.9639,0.96404,1.00,1.00
2015.04.22 13:17:36.105,0.9639,0.96403,1.00,1.00
2015.04.22 13:17:39.814,0.96391,0.96404,1.00,1.00
2015.04.22 13:17:40.017,0.96387,0.964,1.50,1.00
2015.04.22 13:17:41.005,0.96388,0.96401,1.00,1.00
2015.04.22 13:17:43.254,0.96387,0.964,1.50,1.00
2015.04.22 13:17:43.912,0.96387,0.96399,1.00,1.00
2015.04.22 13:17:49.048,0.96388,0.96401,1.00,1.00
2015.04.22 13:17:49.101,0.9639,0.96401,1.00,1.00
2015.04.22 13:17:49.152,0.96392,0.96405,1.00,1.00
2015.04.22 13:17:49.255,0.96391,0.96403,1.00,1.00
2015.04.22 13:17:49.782,0.96392,0.96404,1.00,1.00
2015.04.22 13:17:50.138,0.96399,0.96408,1.00,1.00
2015.04.22 13:17:50.240,0.96399,0.96412,1.00,1.50
2015.04.22 13:17:50.291,0.96401,0.96412,1.00,1.00
2015.04.22 13:17:50.595,0.96407,0.96422,1.00,1.37
2015.04.22 13:17:51.062,0.96405,0.96417,1.00,1.00
2015.04.22 13:17:51.367,0.96405,0.96415,1.00,1.00
2015.04.22 13:17:51.876,0.96405,0.96414,1.00,1.00
2015.04.22 13:17:52.143,0.96405,0.96416,1.00,1.00
2015.04.22 13:17:54.413,0.96403,0.96416,1.12,1.00
2015.04.22 13:17:54.567,0.96401,0.96409,1.00,1.00
2015.04.22 13:17:54.618,0.96398,0.96409,1.12,1.00
2015.04.22 13:17:54.670,0.96398,0.96412,1.12,1.00
2015.04.22 13:17:55.127,0.96398,0.9641,1.12,1.00
2015.04.22 13:17:55.637,0.96398,0.96411,1.50,1.00
2015.04.22 13:17:57.724,0.96398,0.9641,1.00,1.00
2015.04.22 13:17:57.927,0.96393,0.96406,1.87,1.00
2015.04.22 13:18:00.230,0.96394,0.96406,1.60,1.00
2015.04.22 13:18:00.282,0.96397,0.9641,1.00,1.10
2015.04.22 13:18:00.384,0.96396,0.96408,1.00,1.00
2015.04.22 13:18:00.891,0.96396,0.96409,1.50,1.00
2015.04.22 13:18:01.412,0.96397,0.9641,1.00,1.00
2015.04.22 13:18:02.374,0.96397,0.9641,1.37,1.00
2015.04.22 13:18:02.527,0.96401,0.96414,1.00,1.50
2015.04.22 13:18:02.831,0.96399,0.96412,1.00,1.00
2015.04.22 13:18:07.783,0.96399,0.96412,3.60,1.00
2015.04.22 13:18:07.988,0.96406,0.9642,1.50,1.12
2015.04.22 13:18:08.497,0.96407,0.96422,1.00,2.40
2015.04.22 13:18:09.016,0.96407,0.96422,1.00,2.02
2015.04.22 13:18:09.846,0.96407,0.96422,1.87,1.00
2015.04.22 13:18:09.897,0.96409,0.96422,1.00,1.00
2015.04.22 13:18:10.274,0.96411,0.96423,1.00,1.10
2015.04.22 13:18:10.681,0.96409,0.96423,1.00,1.10
2015.04.22 13:18:11.668,0.9641,0.96423,1.00,1.00
2015.04.22 13:18:11.770,0.96412,0.96423,1.00,1.00
2015.04.22 13:18:11.872,0.9641,0.96423,1.00,1.00
2015.04.22 13:18:11.973,0.96413,0.96425,1.00,1.87
2015.04.22 13:18:12.075,0.96411,0.96425,1.00,1.00
2015.04.22 13:18:12.483,0.96411,0.96422,1.00,1.00
2015.04.22 13:18:12.788,0.96413,0.96422,1.00,1.00
2015.04.22 13:18:12.991,0.96411,0.96422,1.00,1.00
2015.04.22 13:18:13.270,0.96409,0.96422,1.50,1.00
2015.04.22 13:18:13.777,0.9641,0.96422,1.00,1.00
2015.04.22 13:18:14.318,0.96411,0.96422,1.00,1.00
2015.04.22 13:18:15.682,0.96413,0.96425,1.00,1.00
2015.04.22 13:18:15.785,0.96418,0.9643,1.00,1.27
2015.04.22 13:18:15.887,0.96419,0.96433,1.57,1.00
2015.04.22 13:18:16.401,0.96418,0.96433,1.50,1.00
2015.04.22 13:18:17.998,0.96418,0.96434,1.00,1.20
2015.04.22 13:18:19.363,0.96419,0.96434,1.50,1.10
2015.04.22 13:18:19.465,0.96421,0.96436,1.00,1.20
2015.04.22 13:18:20.196,0.96421,0.96435,1.00,1.37
2015.04.22 13:18:21.598,0.96421,0.96432,1.00,1.00
2015.04.22 13:18:21.801,0.96413,0.96425,1.00,1.00
2015.04.22 13:18:21.904,0.96413,0.96422,1.10,1.00
2015.04.22 13:18:22.107,0.96419,0.96429,1.00,1.00
2015.04.22 13:18:22.158,0.96419,0.96432,1.00,1.10
2015.04.22 13:18:22.260,0.96419,0.96435,1.50,2.62
2015.04.22 13:18:22.463,0.96418,0.9643,1.10,1.00
2015.04.22 13:18:25.717,0.96418,0.96429,1.10,1.00
2015.04.22 13:18:26.142,0.96413,0.96424,1.10,1.00
2015.04.22 13:18:26.498,0.96411,0.96421,1.15,1.00
2015.04.22 13:18:26.600,0.96411,0.96423,1.10,1.00
2015.04.22 13:18:26.854,0.9641,0.96421,1.00,1.00
2015.04.22 13:18:30.497,0.96414,0.96421,2.10,1.00
2015.04.22 13:18:30.599,0.96416,0.96428,1.00,1.00
2015.04.22 13:18:30.853,0.96416,0.96428,2.92,1.00
2015.04.22 13:18:31.006,0.96416,0.96428,1.00,1.00
2015.04.22 13:18:32.907,0.96416,0.96427,1.00,1.00
2015.04.22 13:18:32.958,0.96416,0.96423,1.00,2.25
2015.04.22 13:18:33.061,0.96412,0.96417,1.00,1.00
2015.04.22 13:18:33.112,0.96406,0.96417,1.37,1.00
2015.04.22 13:18:33.621,0.96407,0.96418,1.10,1.00
2015.04.22 13:18:34.129,0.96407,0.96419,1.10,1.00
2015.04.22 13:18:37.242,0.96407,0.96419,1.37,1.00
2015.04.22 13:18:37.395,0.96411,0.9642,1.00,1.00
2015.04.22 13:18:37.865,0.96409,0.9642,1.00,1.00
2015.04.22 13:18:39.500,0.96409,0.96419,1.00,1.00
2015.04.22 13:18:41.462,0.96409,0.96414,1.00,1.00
2015.04.22 13:18:41.564,0.96403,0.96415,1.12,1.00
2015.04.22 13:18:41.666,0.96403,0.96413,1.00,1.00
2015.04.22 13:18:41.717,0.96401,0.96413,1.00,1.00
2015.04.22 13:18:41.819,0.964,0.9641,1.00,1.00
2015.04.22 13:18:42.326,0.964,0.96409,1.00,1.00
2015.04.22 13:18:43.871,0.964,0.9641,1.00,1.00
2015.04.22 13:18:44.430,0.964,0.96409,1.00,1.00
2015.04.22 13:18:47.389,0.964,0.96408,1.00,1.00
2015.04.22 13:18:47.643,0.96397,0.96407,1.00,1.00
2015.04.22 13:18:47.948,0.96395,0.96406,1.00,1.00
2015.04.22 13:18:48.304,0.96399,0.96409,1.00,1.00
2015.04.22 13:18:48.406,0.964,0.96413,1.00,1.50
2015.04.22 13:18:48.632,0.96399,0.9641,1.00,1.00
2015.04.22 13:18:49.189,0.96399,0.96409,1.00,1.00
2015.04.22 13:18:49.980,0.96399,0.96409,1.60,1.00
2015.04.22 13:18:50.031,0.964,0.96411,1.30,1.00
2015.04.22 13:18:50.133,0.964,0.96413,2.47,1.00
2015.04.22 13:18:50.184,0.96402,0.96413,1.00,1.00
2015.04.22 13:18:51.581,0.964,0.96413,2.47,1.00
2015.04.22 13:18:51.683,0.964,0.96409,1.00,1.00
2015.04.22 13:18:52.191,0.96399,0.96409,1.00,1.00
2015.04.22 13:18:53.774,0.96399,0.9641,1.00,1.00
2015.04.22 13:18:54.743,0.96399,0.96409,1.00,1.00
2015.04.22 13:18:54.895,0.96396,0.96407,1.00,1.00
2015.04.22 13:18:54.997,0.96394,0.96406,1.00,1.00
2015.04.22 13:18:55.048,0.96394,0.96403,1.00,1.00
2015.04.22 13:18:55.555,0.96394,0.96404,1.00,1.50
2015.04.22 13:18:56.165,0.96394,0.96405,1.00,1.50
2015.04.22 13:18:57.386,0.96394,0.96407,2.25,1.00
2015.04.22 13:18:57.437,0.96396,0.96408,1.50,1.00
2015.04.22 13:18:57.743,0.96398,0.9641,1.00,1.00
2015.04.22 13:18:58.309,0.96398,0.96409,1.00,1.00
2015.04.22 13:19:00.057,0.96398,0.9641,1.00,1.00
2015.04.22 13:19:00.713,0.96398,0.96411,1.50,1.00
2015.04.22 13:19:01.221,0.96399,0.96412,1.00,1.00
2015.04.22 13:19:06.215,0.96398,0.96409,1.00,1.00
2015.04.22 13:19:06.420,0.96398,0.96411,1.00,1.00
2015.04.22 13:19:07.161,0.96398,0.96412,1.50,1.00
2015.04.22 13:19:07.864,0.96398,0.96411,1.50,1.00
2015.04.22 13:19:08.597,0.96398,0.96412,1.50,1.00
2015.04.22 13:19:08.648,0.964,0.96412,1.50,1.00
2015.04.22 13:19:08.750,0.96401,0.96414,1.00,2.25
2015.04.22 13:19:08.852,0.96404,0.96414,1.00,1.00
2015.04.22 13:19:08.954,0.96404,0.96416,1.10,1.00
2015.04.22 13:19:09.465,0.96404,0.96417,1.10,2.10
2015.04.22 13:19:10.226,0.96404,0.96417,1.10,2.47
2015.04.22 13:19:10.429,0.96401,0.96415,1.17,1.35
2015.04.22 13:19:10.936,0.96402,0.96415,1.00,1.60
2015.04.22 13:19:14.751,0.96402,0.96415,1.10,1.00
2015.04.22 13:19:14.802,0.96404,0.96416,1.00,1.35
2015.04.22 13:19:15.106,0.96402,0.96415,1.00,2.85
2015.04.22 13:19:15.430,0.96402,0.96413,1.00,2.10
2015.04.22 13:19:16.052,0.96402,0.96414,1.00,1.60
2015.04.22 13:19:16.925,0.96402,0.96414,1.10,2.85
2015.04.22 13:19:18.483,0.96402,0.96413,1.00,2.10
2015.04.22 13:19:19.550,0.964,0.96406,1.00,2.10
2015.04.22 13:19:19.653,0.96395,0.96407,1.10,2.10
2015.04.22 13:19:20.187,0.96395,0.96407,1.10,2.10
2015.04.22 13:19:20.694,0.96395,0.96408,1.00,2.85
2015.04.22 13:19:21.202,0.96395,0.96407,1.00,2.10
2015.04.22 13:19:21.510,0.96397,0.96407,1.00,2.10
2015.04.22 13:19:21.562,0.96397,0.96409,1.00,1.12
2015.04.22 13:19:21.664,0.96398,0.96411,1.10,1.35
2015.04.22 13:19:21.715,0.964,0.96413,1.00,3.67
2015.04.22 13:19:21.766,0.964,0.96413,1.00,1.35
2015.04.22 13:19:21.970,0.96403,0.96414,1.00,2.10
2015.04.22 13:19:22.478,0.96404,0.96415,1.00,2.10
2015.04.22 13:19:22.529,0.96404,0.96416,1.00,1.50
2015.04.22 13:19:22.632,0.96405,0.96418,1.50,1.00
2015.04.22 13:19:22.734,0.96409,0.96422,1.00,2.10
2015.04.22 13:19:23.040,0.96411,0.96422,1.00,1.00
2015.04.22 13:19:23.091,0.96411,0.96424,1.00,1.72
2015.04.22 13:19:23.244,0.96413,0.96424,1.00,1.35
2015.04.22 13:19:23.774,0.96413,0.96426,1.00,2.47
2015.04.22 13:19:25.361,0.96415,0.96426,1.00,1.60
2015.04.22 13:19:25.412,0.96415,0.96427,1.00,1.00
2015.04.22 13:19:25.475,0.96416,0.96429,1.00,1.30
2015.04.22 13:19:25.985,0.96417,0.96429,1.00,1.30
2015.04.22 13:19:26.504,0.96416,0.9643,1.00,3.60
2015.04.22 13:19:26.656,0.96418,0.96431,1.00,1.60
2015.04.22 13:19:27.793,0.96417,0.96428,1.00,1.35
2015.04.22 13:19:29.919,0.96416,0.96429,1.50,1.60
2015.04.22 13:19:30.224,0.96416,0.96425,1.50,1.00
2015.04.22 13:19:30.688,0.96413,0.96424,1.50,1.60
2015.04.22 13:19:30.792,0.96411,0.96421,1.00,1.00
2015.04.22 13:19:30.944,0.96411,0.96423,1.00,1.35
2015.04.22 13:19:31.453,0.96412,0.96425,1.00,3.97
2015.04.22 13:19:32.270,0.96412,0.96423,1.00,1.00
2015.04.22 13:19:32.372,0.96412,0.96419,1.00,1.00
2015.04.22 13:19:32.575,0.96411,0.96421,1.50,1.00
2015.04.22 13:19:33.085,0.9641,0.96422,1.50,2.10
2015.04.22 13:19:33.618,0.9641,0.9642,1.00,2.10
2015.04.22 13:19:34.125,0.96409,0.96422,1.50,3.60
2015.04.22 13:19:34.711,0.96409,0.96422,2.32,2.85
2015.04.22 13:19:35.219,0.96409,0.96421,2.25,2.10
2015.04.22 13:19:35.728,0.96412,0.96425,1.00,2.10
2015.04.22 13:19:35.830,0.96414,0.96427,1.00,3.97
2015.04.22 13:19:36.339,0.96415,0.96426,1.12,2.10
2015.04.22 13:19:36.952,0.96416,0.96427,1.00,2.10
2015.04.22 13:19:37.460,0.96415,0.96427,1.12,2.10
2015.04.22 13:19:39.246,0.96415,0.96427,1.12,2.10
2015.04.22 13:19:39.499,0.96413,0.96426,1.00,3.97
2015.04.22 13:19:40.009,0.96412,0.96425,1.00,1.60
2015.04.22 13:19:40.525,0.96413,0.96426,1.00,2.47
2015.04.22 13:19:40.881,0.96415,0.96426,1.00,1.72
2015.04.22 13:19:40.932,0.96415,0.96426,1.45,1.00
2015.04.22 13:19:41.033,0.96419,0.9643,1.00,1.35
2015.04.22 13:19:41.201,0.96423,0.96431,1.00,1.00
2015.04.22 13:19:41.256,0.96421,0.96432,1.00,1.60
2015.04.22 13:19:41.358,0.96421,0.96432,1.00,2.85
2015.04.22 13:19:41.865,0.96421,0.96432,1.00,2.85
2015.04.22 13:19:42.372,0.96422,0.96433,1.00,2.85
2015.04.22 13:19:42.879,0.96421,0.96433,1.00,3.60
2015.04.22 13:19:43.387,0.96422,0.96433,1.00,2.10
2015.04.22 13:19:44.651,0.96423,0.96434,1.00,1.00
2015.04.22 13:19:44.754,0.9643,0.96438,1.00,1.00
2015.04.22 13:19:44.855,0.96432,0.96446,1.87,2.10
2015.04.22 13:19:44.906,0.96432,0.96446,1.87,2.10
2015.04.22 13:19:45.212,0.9644,0.96452,1.00,2.10
2015.04.22 13:19:45.314,0.96438,0.96452,1.87,2.10
2015.04.22 13:19:45.676,0.96437,0.96447,1.87,1.00
2015.04.22 13:19:46.184,0.96437,0.96446,1.00,1.00
2015.04.22 13:19:46.286,0.96435,0.96446,1.00,1.12
2015.04.22 13:19:46.388,0.96433,0.96445,1.65,2.10
2015.04.22 13:19:46.731,0.9643,0.96442,1.07,1.00
2015.04.22 13:19:46.833,0.9643,0.96442,1.00,1.00
2015.04.22 13:19:47.037,0.96427,0.96442,1.95,1.37
2015.04.22 13:19:47.343,0.96422,0.96433,1.12,1.60
2015.04.22 13:19:47.750,0.96424,0.96432,1.00,1.00
2015.04.22 13:19:48.308,0.96424,0.96433,1.00,1.35
2015.04.22 13:19:49.172,0.96422,0.96433,1.00,1.35
2015.04.22 13:19:51.480,0.96422,0.96432,1.00,1.00
2015.04.22 13:19:51.987,0.96421,0.96433,1.00,1.50
2015.04.22 13:19:52.536,0.96422,0.96432,1.00,1.00
2015.04.22 13:19:52.688,0.9642,0.96434,1.10,2.10
2015.04.22 13:19:52.791,0.9642,0.96434,1.10,2.47
2015.04.22 13:19:53.767,0.96419,0.96431,1.10,1.12
2015.04.22 13:19:55.087,0.9642,0.96431,1.00,1.12
2015.04.22 13:19:55.595,0.96419,0.9643,1.00,1.00
2015.04.22 13:19:56.103,0.96419,0.96429,1.00,1.00
2015.04.22 13:19:56.564,0.96419,0.96431,1.00,2.25
2015.04.22 13:19:57.838,0.9642,0.96433,1.00,1.72
2015.04.22 13:19:59.475,0.96422,0.96435,1.00,2.85
2015.04.22 13:20:00.207,0.96424,0.96435,1.00,2.47
2015.04.22 13:20:00.512,0.96428,0.96439,1.00,2.25
2015.04.22 13:20:00.614,0.96428,0.96439,1.00,1.50
2015.04.22 13:20:00.716,0.96428,0.9644,1.00,1.97
2015.04.22 13:20:01.224,0.96428,0.96439,1.00,2.47
2015.04.22 13:20:02.489,0.96428,0.96438,1.50,2.47
2015.04.22 13:20:03.455,0.96428,0.96438,1.00,2.47
2015.04.22 13:20:03.972,0.96428,0.96438,1.00,2.47
2015.04.22 13:20:04.479,0.96427,0.96438,1.00,2.47
2015.04.22 13:20:04.632,0.96425,0.96436,1.50,1.72
2015.04.22 13:20:05.347,0.96424,0.96437,1.50,3.22
2015.04.22 13:20:05.550,0.96424,0.96437,1.50,1.35
2015.04.22 13:20:06.059,0.96424,0.96437,1.00,1.60
2015.04.22 13:20:07.173,0.96424,0.96437,1.10,1.35
2015.04.22 13:20:07.686,0.96425,0.96437,1.00,1.35
2015.04.22 13:20:09.429,0.96424,0.96437,1.50,1.35
2015.04.22 13:20:10.817,0.96423,0.96437,1.07,3.60
2015.04.22 13:20:11.515,0.96423,0.96437,1.10,3.60
2015.04.22 13:20:12.018,0.96422,0.96435,1.17,1.60
2015.04.22 13:20:12.526,0.96421,0.96434,2.40,1.37
2015.04.22 13:20:13.168,0.96421,0.96434,2.40,1.37
2015.04.22 13:20:13.789,0.96421,0.96434,1.57,3.22
2015.04.22 13:20:14.094,0.96421,0.96433,1.00,3.22
2015.04.22 13:20:15.734,0.96422,0.96432,1.00,1.97
