2013.07.10 17:00:00.000,0.96654,0.96667,3.94,2.63
2013.07.10 17:00:00.361,0.96652,0.96666,2.25,7.13
2013.07.10 17:00:00.421,0.96652,0.96664,1.50,2.63
2013.07.10 17:00:00.781,0.9665,0.96663,2.44,5.63
2013.07.10 17:00:01.141,0.96647,0.96659,3.00,3.38
2013.07.10 17:00:01.443,0.96647,0.96655,2.25,3.38
2013.07.10 17:00:01.810,0.96642,0.96654,1.50,7.13
2013.07.10 17:00:01.930,0.96638,0.96652,3.00,3.38
2013.07.10 17:00:02.351,0.96638,0.9665,2.25,1.13
2013.07.10 17:00:03.273,0.96636,0.96646,1.50,1.13
2013.07.10 17:00:03.372,0.96632,0.96644,1.13,1.13
2013.07.10 17:00:03.551,0.96633,0.96646,1.50,1.32
2013.07.10 17:00:04.091,0.96634,0.96646,3.00,1.32
2013.07.10 17:00:04.210,0.96637,0.96649,1.50,1.50
2013.07.10 17:00:07.200,0.96637,0.96649,3.00,1.50
2013.07.10 17:00:07.809,0.96637,0.96649,2.25,2.25
2013.07.10 17:00:08.110,0.96637,0.96647,2.25,1.50
2013.07.10 17:00:08.230,0.96635,0.96646,1.50,2.25
2013.07.10 17:00:08.472,0.96632,0.96642,1.88,1.50
2013.07.10 17:00:08.710,0.9663,0.96642,3.00,2.25
2013.07.10 17:00:09.370,0.9663,0.96641,3.00,1.50
2013.07.10 17:00:09.910,0.96629,0.96642,1.50,2.25
2013.07.10 17:00:10.701,0.96629,0.96642,1.50,2.25
2013.07.10 17:00:11.301,0.96629,0.96642,1.50,1.50
2013.07.10 17:00:11.541,0.96629,0.9664,1.50,1.50
2013.07.10 17:00:11.662,0.96626,0.96638,1.88,2.63
2013.07.10 17:00:11.732,0.96626,0.96637,1.13,3.00
2013.07.10 17:00:11.910,0.96621,0.96634,1.50,2.25
2013.07.10 17:00:12.332,0.96619,0.96633,2.82,3.00
2013.07.10 17:00:12.880,0.9662,0.96633,1.69,3.00
2013.07.10 17:00:13.420,0.9662,0.96633,1.69,2.25
2013.07.10 17:00:13.541,0.96619,0.96632,2.07,1.50
2013.07.10 17:00:15.303,0.96618,0.96631,2.63,1.50
2013.07.10 17:00:16.164,0.96617,0.96629,2.07,1.50
2013.07.10 17:00:17.282,0.96617,0.96628,2.07,1.50
2013.07.10 17:00:17.461,0.96614,0.96626,3.60,1.88
2013.07.10 17:00:17.880,0.96613,0.96624,1.50,1.50
2013.07.10 17:00:17.940,0.96609,0.96622,3.94,1.50
2013.07.10 17:00:18.180,0.96607,0.9662,1.50,1.13
2013.07.10 17:00:18.720,0.96608,0.96621,1.50,1.13
2013.07.10 17:00:19.270,0.96609,0.96621,1.50,2.25
2013.07.10 17:00:20.124,0.9661,0.9662,1.50,1.50
2013.07.10 17:00:20.373,0.96607,0.96618,2.25,1.88
2013.07.10 17:00:20.443,0.96607,0.96618,2.25,1.13
2013.07.10 17:00:21.171,0.96607,0.96618,1.50,1.88
2013.07.10 17:00:21.351,0.96607,0.96618,1.50,1.88
2013.07.10 17:00:21.651,0.96604,0.96617,1.50,1.50
2013.07.10 17:00:22.813,0.96604,0.96617,1.50,1.50
2013.07.10 17:00:23.370,0.96604,0.96617,1.50,1.50
2013.07.10 17:00:24.340,0.96603,0.96616,1.50,1.50
2013.07.10 17:00:24.520,0.96605,0.96618,1.50,1.13
2013.07.10 17:00:25.060,0.96604,0.96618,1.50,1.88
2013.07.10 17:00:26.150,0.96604,0.96617,1.50,1.13
2013.07.10 17:00:26.391,0.96601,0.96615,2.25,1.50
2013.07.10 17:00:27.230,0.96602,0.96615,1.50,1.50
2013.07.10 17:00:27.470,0.96604,0.96618,1.50,2.82
2013.07.10 17:00:27.650,0.96608,0.96619,1.50,1.69
2013.07.10 17:00:27.831,0.96609,0.9662,3.00,1.13
2013.07.10 17:00:27.951,0.96611,0.96621,1.50,1.13
2013.07.10 17:00:29.621,0.96611,0.96624,1.50,5.25
2013.07.10 17:00:31.130,0.96611,0.96624,1.50,1.50
2013.07.10 17:00:34.330,0.96611,0.96624,1.50,3.00
2013.07.10 17:00:40.591,0.96611,0.96624,1.50,2.63
2013.07.10 17:00:40.894,0.96614,0.96626,1.13,3.19
2013.07.10 17:00:41.200,0.96621,0.96633,2.25,1.69
2013.07.10 17:00:41.260,0.96622,0.96634,1.50,3.19
2013.07.10 17:00:41.320,0.96624,0.96637,1.88,4.50
2013.07.10 17:00:41.380,0.96625,0.96637,1.88,3.00
2013.07.10 17:00:41.561,0.96625,0.96637,2.63,2.63
2013.07.10 17:00:42.043,0.96628,0.9664,1.50,1.88
2013.07.10 17:00:42.162,0.96629,0.96641,1.50,2.25
2013.07.10 17:00:42.343,0.96633,0.96643,1.88,1.50
2013.07.10 17:00:42.591,0.96635,0.96646,1.50,3.00
2013.07.10 17:00:43.132,0.96635,0.96647,1.50,1.50
2013.07.10 17:00:43.550,0.96636,0.96647,1.50,1.50
2013.07.10 17:00:43.801,0.96637,0.96648,1.50,2.25
2013.07.10 17:00:50.660,0.96638,0.9665,1.50,1.69
2013.07.10 17:00:50.720,0.9664,0.9665,1.50,1.69
2013.07.10 17:00:50.780,0.96641,0.96652,1.50,1.50
2013.07.10 17:00:50.900,0.96644,0.96652,1.13,1.50
2013.07.10 17:00:50.960,0.96644,0.96654,1.13,1.50
2013.07.10 17:00:51.022,0.96645,0.96655,1.50,1.13
2013.07.10 17:00:51.560,0.96645,0.96656,2.25,2.25
2013.07.10 17:00:51.681,0.96647,0.96656,1.50,2.25
2013.07.10 17:00:51.800,0.96647,0.96658,1.50,1.13
2013.07.10 17:00:53.590,0.96646,0.96659,3.00,1.13
2013.07.10 17:00:54.310,0.96646,0.96658,1.50,2.63
2013.07.10 17:00:54.820,0.96646,0.96658,2.25,1.88
2013.07.10 17:00:55.680,0.96646,0.96658,1.50,2.63
2013.07.10 17:00:56.041,0.96645,0.96658,1.50,3.00
2013.07.10 17:00:56.100,0.96644,0.96657,2.25,2.25
2013.07.10 17:00:56.613,0.96644,0.96657,2.25,1.50
2013.07.10 17:01:03.791,0.96645,0.96657,1.50,1.13
2013.07.10 17:01:04.952,0.96644,0.96657,2.25,1.88
2013.07.10 17:01:05.265,0.96646,0.96658,1.50,1.88
2013.07.10 17:01:06.062,0.96646,0.96657,1.50,1.50
2013.07.10 17:01:06.180,0.96644,0.96657,2.25,1.50
2013.07.10 17:01:06.310,0.96645,0.96658,2.25,1.13
2013.07.10 17:01:06.830,0.96645,0.96658,1.50,1.88
2013.07.10 17:01:07.190,0.96646,0.96658,1.50,1.88
2013.07.10 17:01:07.671,0.96645,0.96658,1.50,1.88
2013.07.10 17:01:08.090,0.96643,0.96656,3.75,1.50
2013.07.10 17:01:08.630,0.96644,0.96657,1.50,1.50
2013.07.10 17:01:10.191,0.96643,0.96655,1.50,3.00
2013.07.10 17:01:10.731,0.96641,0.96653,1.50,1.50
2013.07.10 17:01:15.702,0.96641,0.96652,1.50,1.50
2013.07.10 17:01:16.062,0.96638,0.96646,1.50,1.13
2013.07.10 17:01:16.181,0.96638,0.96646,1.50,2.25
2013.07.10 17:01:16.661,0.96633,0.96647,3.00,1.50
2013.07.10 17:01:17.380,0.96633,0.96646,2.25,1.50
2013.07.10 17:01:18.751,0.96631,0.96643,1.13,1.50
2013.07.10 17:01:19.051,0.96628,0.96641,2.25,2.63
2013.07.10 17:01:19.171,0.96627,0.96641,3.00,3.38
2013.07.10 17:01:19.472,0.96627,0.96637,1.50,1.13
2013.07.10 17:01:19.650,0.96627,0.96638,1.50,1.88
2013.07.10 17:01:20.013,0.96625,0.96638,2.07,1.88
2013.07.10 17:01:20.552,0.96625,0.96638,2.07,1.88
2013.07.10 17:01:21.241,0.96625,0.96638,1.13,1.88
2013.07.10 17:01:24.311,0.96625,0.96637,1.13,1.13
2013.07.10 17:01:24.671,0.96616,0.96627,2.25,1.13
2013.07.10 17:01:24.733,0.96614,0.96627,3.00,1.88
2013.07.10 17:01:24.971,0.96616,0.96628,1.50,3.57
2013.07.10 17:01:25.151,0.96613,0.96624,1.50,1.13
2013.07.10 17:01:25.698,0.96613,0.96624,1.50,1.13
2013.07.10 17:01:26.240,0.96612,0.96624,1.50,1.13
2013.07.10 17:01:28.420,0.96612,0.96624,3.00,1.13
2013.07.10 17:01:31.713,0.96612,0.96624,1.50,1.13
2013.07.10 17:01:32.500,0.96613,0.96624,1.50,1.13
2013.07.10 17:01:33.050,0.96612,0.96624,1.50,1.13
2013.07.10 17:01:33.860,0.96612,0.96624,3.00,1.13
2013.07.10 17:01:34.380,0.96612,0.96624,1.50,1.13
2013.07.10 17:01:34.860,0.96611,0.96623,1.50,1.13
2013.07.10 17:01:35.370,0.96611,0.96624,2.25,1.88
2013.07.10 17:01:37.351,0.96612,0.96624,1.50,1.88
2013.07.10 17:01:41.100,0.96611,0.96624,2.25,1.88
2013.07.10 17:01:45.031,0.96612,0.96624,1.50,1.88
2013.07.10 17:01:49.191,0.96613,0.96626,2.25,1.50
2013.07.10 17:01:51.181,0.96613,0.96626,3.34,1.50
2013.07.10 17:01:51.303,0.96618,0.96627,1.55,2.25
2013.07.10 17:01:51.612,0.96621,0.96627,1.50,1.50
2013.07.10 17:01:52.092,0.96621,0.96629,1.50,1.50
2013.07.10 17:01:52.510,0.96621,0.96629,2.25,1.50
2013.07.10 17:01:52.813,0.96626,0.96633,1.14,1.50
2013.07.10 17:01:53.131,0.96625,0.96634,2.25,1.50
2013.07.10 17:01:53.673,0.9663,0.96634,1.50,1.50
2013.07.10 17:01:53.790,0.96626,0.96635,1.50,1.50
2013.07.10 17:01:54.151,0.96626,0.96637,1.50,1.50
2013.07.10 17:01:54.837,0.96626,0.96635,2.25,1.50
2013.07.10 17:01:55.330,0.9663,0.96636,1.50,2.25
2013.07.10 17:01:55.492,0.9663,0.96639,1.50,1.50
2013.07.10 17:01:55.920,0.9663,0.96641,1.50,1.13
2013.07.10 17:01:56.551,0.9663,0.96641,1.50,1.88
2013.07.10 17:01:57.391,0.9663,0.96641,1.50,1.13
2013.07.10 17:01:59.630,0.96631,0.96643,2.25,3.38
2013.07.10 17:01:59.991,0.96631,0.96643,2.25,2.63
2013.07.10 17:02:00.490,0.96631,0.96643,2.25,3.38
2013.07.10 17:02:01.283,0.96631,0.96643,1.50,4.13
2013.07.10 17:02:01.833,0.96631,0.96643,1.50,4.13
2013.07.10 17:02:04.151,0.96631,0.96643,1.50,2.63
2013.07.10 17:02:05.650,0.96628,0.96641,2.25,1.13
2013.07.10 17:02:06.931,0.96628,0.96641,1.50,1.88
2013.07.10 17:02:07.881,0.96628,0.96642,2.25,3.75
2013.07.10 17:02:07.943,0.96629,0.96642,1.50,2.25
2013.07.10 17:02:08.850,0.96628,0.96641,1.50,1.50
2013.07.10 17:02:10.610,0.96629,0.96642,1.13,3.00
2013.07.10 17:02:11.202,0.96628,0.96641,1.50,1.50
2013.07.10 17:02:11.794,0.96628,0.96642,1.88,3.00
2013.07.10 17:02:12.571,0.96628,0.96642,1.88,4.50
2013.07.10 17:02:13.114,0.96625,0.96639,2.25,6.75
2013.07.10 17:02:13.423,0.96624,0.96636,1.88,1.50
2013.07.10 17:02:15.312,0.96625,0.96636,1.50,1.50
2013.07.10 17:02:15.671,0.96626,0.96637,2.63,3.00
2013.07.10 17:02:16.220,0.96626,0.96638,2.63,2.25
2013.07.10 17:02:16.281,0.96626,0.96639,3.38,1.50
2013.07.10 17:02:16.843,0.96628,0.96641,1.13,2.25
2013.07.10 17:02:17.961,0.96629,0.96642,1.13,1.50
2013.07.10 17:02:18.650,0.96629,0.96641,1.13,1.50
2013.07.10 17:02:19.170,0.96628,0.9664,1.32,1.50
2013.07.10 17:02:19.710,0.96628,0.96641,2.82,1.50
2013.07.10 17:02:20.250,0.96628,0.9664,2.07,1.50
2013.07.10 17:02:20.860,0.96627,0.96639,1.88,1.50
2013.07.10 17:02:21.401,0.96627,0.9664,2.63,1.50
2013.07.10 17:02:22.190,0.96629,0.96641,1.88,1.50
2013.07.10 17:02:22.750,0.96629,0.96642,2.63,1.50
2013.07.10 17:02:23.330,0.96629,0.96642,3.00,1.50
2013.07.10 17:02:23.451,0.96631,0.96644,1.13,1.50
2013.07.10 17:02:31.262,0.96631,0.96644,3.38,1.50
2013.07.10 17:02:31.453,0.96633,0.96646,3.00,1.32
2013.07.10 17:02:31.521,0.96634,0.96646,1.13,1.32
2013.07.10 17:02:32.060,0.96634,0.96646,1.88,1.69
2013.07.10 17:02:34.930,0.96634,0.96647,1.50,1.50
2013.07.10 17:02:36.160,0.96633,0.96647,3.38,3.00
2013.07.10 17:02:36.641,0.96632,0.96644,1.50,3.75
2013.07.10 17:02:37.060,0.96632,0.96644,1.50,1.50
2013.07.10 17:02:37.240,0.96631,0.96644,1.13,3.00
2013.07.10 17:02:40.543,0.96631,0.96644,1.50,3.00
2013.07.10 17:02:41.280,0.96631,0.96644,2.63,1.50
2013.07.10 17:02:43.640,0.96631,0.96644,1.88,1.50
2013.07.10 17:02:46.740,0.96631,0.96644,1.88,1.50
2013.07.10 17:02:51.410,0.96631,0.96644,3.38,1.50
2013.07.10 17:02:53.060,0.96632,0.96645,1.50,1.50
2013.07.10 17:02:54.337,0.96632,0.96645,2.25,1.50
2013.07.10 17:02:54.970,0.96633,0.96647,1.88,3.00
2013.07.10 17:03:02.920,0.96633,0.96646,2.25,1.50
2013.07.10 17:03:04.390,0.96634,0.96646,1.50,1.50
2013.07.10 17:03:04.933,0.96632,0.96645,3.00,1.50
2013.07.10 17:03:05.063,0.96632,0.9664,3.00,2.25
2013.07.10 17:03:05.610,0.96631,0.96642,1.50,2.25
2013.07.10 17:03:05.790,0.9663,0.96642,1.13,3.75
2013.07.10 17:03:06.391,0.96628,0.9664,2.82,1.50
2013.07.10 17:03:06.930,0.96627,0.9664,1.88,1.50
2013.07.10 17:03:18.280,0.96629,0.9664,1.13,1.50
2013.07.10 17:03:19.361,0.9663,0.96643,2.63,3.75
2013.07.10 17:03:19.900,0.9663,0.96644,2.63,5.44
2013.07.10 17:03:20.081,0.96632,0.96644,1.50,3.19
2013.07.10 17:03:20.142,0.96632,0.96645,1.50,2.63
2013.07.10 17:03:20.260,0.96632,0.96645,1.50,3.38
2013.07.10 17:03:20.762,0.96631,0.96643,1.50,2.25
2013.07.10 17:03:25.344,0.96631,0.96643,2.25,2.25
2013.07.10 17:03:26.202,0.96631,0.96643,1.50,2.44
2013.07.10 17:03:28.636,0.9663,0.96641,1.88,1.50
2013.07.10 17:03:29.601,0.96629,0.96641,1.13,1.50
2013.07.10 17:03:30.411,0.96629,0.96641,1.13,1.50
2013.07.10 17:03:36.481,0.96629,0.96641,1.13,1.50
2013.07.10 17:03:38.340,0.96629,0.96641,1.13,1.50
2013.07.10 17:03:41.313,0.96629,0.96642,1.88,3.19
2013.07.10 17:03:41.860,0.96631,0.96642,1.13,1.69
2013.07.10 17:03:42.412,0.9663,0.96642,2.63,1.32
2013.07.10 17:03:42.961,0.96629,0.96641,1.88,2.25
2013.07.10 17:03:43.020,0.96629,0.96641,1.88,1.50
2013.07.10 17:03:43.560,0.96629,0.96641,1.13,4.50
2013.07.10 17:03:44.101,0.96628,0.96641,1.13,3.75
2013.07.10 17:03:44.640,0.96627,0.9664,1.13,1.50
2013.07.10 17:03:45.120,0.96629,0.96641,1.50,1.50
2013.07.10 17:03:45.300,0.96631,0.96643,1.88,1.50
2013.07.10 17:03:45.540,0.96631,0.96645,1.88,2.82
2013.07.10 17:03:46.480,0.96632,0.96645,1.50,2.07
2013.07.10 17:03:47.860,0.96632,0.96645,1.50,1.13
2013.07.10 17:03:48.520,0.96633,0.96646,1.50,1.13
2013.07.10 17:03:53.612,0.96633,0.96644,1.50,1.88
2013.07.10 17:03:53.971,0.96633,0.96641,1.50,3.00
2013.07.10 17:03:55.370,0.9663,0.96641,1.88,3.00
2013.07.10 17:03:56.027,0.96628,0.96641,1.13,4.50
2013.07.10 17:04:01.681,0.96626,0.96632,4.13,1.50
2013.07.10 17:04:01.864,0.96619,0.96626,1.05,1.92
2013.07.10 17:04:01.991,0.96615,0.96624,1.88,1.69
2013.07.10 17:04:02.052,0.96614,0.96623,1.50,2.48
2013.07.10 17:04:02.112,0.96612,0.96623,1.50,2.48
2013.07.10 17:04:02.291,0.96609,0.96621,1.50,1.35
2013.07.10 17:04:02.530,0.96609,0.9662,1.50,1.13
2013.07.10 17:04:03.071,0.96607,0.9662,2.25,1.50
2013.07.10 17:04:03.190,0.96608,0.96621,2.25,1.13
2013.07.10 17:04:04.871,0.96608,0.96614,1.50,1.35
2013.07.10 17:04:05.112,0.96594,0.96605,2.44,1.50
2013.07.10 17:04:05.291,0.96593,0.96605,1.50,2.44
2013.07.10 17:04:05.472,0.9659,0.96602,1.50,1.50
2013.07.10 17:04:05.831,0.96587,0.96599,1.50,1.50
2013.07.10 17:04:06.997,0.96587,0.966,1.50,1.88
2013.07.10 17:04:07.539,0.96586,0.966,1.50,1.88
2013.07.10 17:04:13.581,0.96585,0.96598,1.88,1.50
2013.07.10 17:04:18.071,0.96585,0.96598,1.50,1.50
2013.07.10 17:04:18.432,0.9656,0.96578,3.00,3.23
2013.07.10 17:04:18.672,0.96558,0.96572,1.69,1.50
2013.07.10 17:04:19.031,0.96557,0.96574,1.69,3.00
2013.07.10 17:04:19.151,0.96556,0.96573,2.44,3.45
2013.07.10 17:04:19.271,0.96553,0.96572,2.44,3.00
2013.07.10 17:04:19.572,0.96553,0.96571,3.19,1.50
2013.07.10 17:04:20.234,0.96554,0.96572,2.07,2.25
2013.07.10 17:04:20.304,0.96554,0.96569,2.07,1.50
2013.07.10 17:04:20.492,0.9655,0.96565,1.50,2.25
2013.07.10 17:04:21.390,0.96548,0.96565,1.50,2.25
2013.07.10 17:04:22.020,0.96548,0.96566,1.50,1.32
2013.07.10 17:04:22.604,0.96548,0.96562,1.50,1.50
2013.07.10 17:04:22.913,0.9654,0.9656,1.88,1.32
2013.07.10 17:04:23.101,0.96543,0.96561,2.63,1.69
2013.07.10 17:04:23.771,0.96544,0.96561,1.13,1.69
2013.07.10 17:04:23.854,0.96548,0.96565,2.25,2.29
2013.07.10 17:04:24.542,0.96547,0.96563,3.00,1.50
2013.07.10 17:04:24.602,0.96546,0.96559,1.13,1.50
2013.07.10 17:04:24.664,0.96543,0.96559,5.67,1.50
2013.07.10 17:04:25.210,0.96544,0.96559,1.13,1.50
2013.07.10 17:04:25.751,0.96543,0.96558,3.02,1.50
2013.07.10 17:04:25.932,0.9654,0.96557,2.25,2.82
2013.07.10 17:04:26.052,0.9654,0.96556,2.25,3.00
2013.07.10 17:04:26.354,0.96539,0.96549,1.50,1.50
2013.07.10 17:04:26.484,0.96536,0.96547,1.13,1.50
2013.07.10 17:04:26.672,0.96532,0.96544,2.44,1.13
2013.07.10 17:04:26.733,0.96532,0.96536,1.69,1.50
2013.07.10 17:04:27.044,0.9652,0.96533,1.95,3.38
2013.07.10 17:04:27.113,0.96516,0.96529,1.88,2.25
2013.07.10 17:04:27.186,0.96516,0.96526,1.88,2.10
2013.07.10 17:04:27.371,0.96516,0.9653,1.50,1.35
2013.07.10 17:04:27.732,0.96519,0.96531,1.13,2.25
2013.07.10 17:04:27.851,0.96519,0.96532,1.13,1.50
2013.07.10 17:04:27.974,0.96516,0.96534,1.50,2.25
2013.07.10 17:04:28.283,0.96525,0.96534,2.28,1.50
2013.07.10 17:04:28.405,0.96526,0.96539,2.25,1.50
2013.07.10 17:04:28.676,0.96527,0.9654,1.50,1.50
2013.07.10 17:04:29.222,0.96528,0.9654,1.13,1.50
2013.07.10 17:04:29.763,0.96529,0.96541,1.13,1.50
2013.07.10 17:04:31.132,0.96534,0.96541,1.53,1.50
2013.07.10 17:04:31.492,0.96535,0.96542,1.50,1.50
2013.07.10 17:04:31.553,0.96536,0.96549,1.88,2.25
2013.07.10 17:04:32.092,0.96536,0.96549,1.13,2.25
2013.07.10 17:04:33.424,0.96537,0.96549,2.25,2.44
2013.07.10 17:04:33.492,0.96537,0.96549,2.63,2.44
2013.07.10 17:04:33.793,0.96539,0.96551,4.13,1.73
2013.07.10 17:04:34.540,0.96539,0.96551,4.29,1.50
2013.07.10 17:04:37.341,0.96543,0.96554,3.05,3.19
2013.07.10 17:04:37.642,0.96545,0.96556,1.50,1.50
2013.07.10 17:04:42.281,0.96544,0.96557,1.88,3.75
2013.07.10 17:04:42.820,0.96544,0.96557,1.88,2.44
2013.07.10 17:04:47.132,0.96545,0.96557,1.50,2.25
2013.07.10 17:04:50.601,0.96544,0.96557,3.38,2.44
2013.07.10 17:04:52.653,0.96545,0.96557,1.50,2.25
2013.07.10 17:04:53.752,0.96545,0.96557,1.50,2.25
2013.07.10 17:04:58.280,0.96545,0.96557,1.50,2.25
2013.07.10 17:04:58.642,0.96543,0.96554,1.88,1.50
2013.07.10 17:04:59.060,0.96543,0.96552,1.13,1.50
2013.07.10 17:04:59.600,0.96541,0.96552,1.13,1.50
2013.07.10 17:05:00.370,0.96544,0.96556,2.25,2.25
2013.07.10 17:05:01.210,0.96545,0.96557,1.50,3.00
2013.07.10 17:05:02.830,0.96545,0.96557,1.50,3.00
2013.07.10 17:05:04.001,0.96545,0.96557,1.50,2.25
2013.07.10 17:05:08.001,0.96546,0.96557,4.13,1.50
2013.07.10 17:05:08.480,0.96552,0.96559,1.50,1.50
2013.07.10 17:05:08.540,0.96552,0.96561,3.00,1.50
2013.07.10 17:05:08.782,0.96555,0.96562,1.35,1.50
2013.07.10 17:05:08.841,0.96558,0.96567,1.88,2.25
2013.07.10 17:05:09.081,0.96558,0.96569,4.69,2.25
2013.07.10 17:05:09.140,0.96558,0.96571,5.81,1.50
2013.07.10 17:05:09.382,0.9656,0.96572,1.13,1.50
2013.07.10 17:05:14.179,0.96566,0.96573,1.50,1.50
2013.07.10 17:05:14.440,0.96561,0.96573,3.75,1.50
2013.07.10 17:05:15.200,0.96561,0.96574,3.75,2.25
2013.07.10 17:05:15.932,0.96564,0.96574,1.13,2.25
2013.07.10 17:05:16.291,0.96567,0.96574,1.50,1.50
2013.07.10 17:05:16.591,0.96567,0.96576,1.50,1.50
2013.07.10 17:05:17.136,0.96567,0.96577,1.50,2.25
2013.07.10 17:05:17.680,0.96567,0.96577,1.50,1.50
2013.07.10 17:05:18.232,0.96567,0.96578,1.50,2.25
2013.07.10 17:05:19.071,0.96566,0.96578,2.25,2.25
2013.07.10 17:05:19.900,0.96566,0.96578,2.25,2.25
2013.07.10 17:05:20.083,0.96563,0.96575,1.50,1.50
2013.07.10 17:05:20.441,0.96562,0.96574,3.80,1.73
2013.07.10 17:05:20.743,0.96561,0.96568,2.25,2.25
2013.07.10 17:05:20.870,0.96557,0.96568,1.69,2.10
2013.07.10 17:05:20.931,0.96557,0.96568,1.69,2.85
2013.07.10 17:05:21.053,0.96555,0.96565,1.50,1.50
2013.07.10 17:05:21.612,0.96556,0.96567,1.50,1.50
2013.07.10 17:05:25.851,0.96556,0.96568,2.63,2.25
2013.07.10 17:05:26.870,0.96557,0.96568,1.50,2.25
2013.07.10 17:05:29.601,0.96556,0.96568,1.13,3.19
2013.07.10 17:05:29.722,0.96555,0.96567,3.75,1.95
2013.07.10 17:05:30.081,0.96554,0.96561,1.50,1.50
2013.07.10 17:05:30.631,0.96553,0.96561,1.50,1.50
2013.07.10 17:05:30.873,0.96551,0.96561,1.50,1.50
2013.07.10 17:05:35.763,0.96551,0.96561,2.25,2.25
2013.07.10 17:05:36.310,0.96551,0.96561,1.50,2.25
2013.07.10 17:05:40.551,0.96551,0.96561,2.44,2.25
2013.07.10 17:05:41.270,0.96552,0.96562,2.44,1.50
2013.07.10 17:05:41.810,0.96552,0.96561,2.44,1.50
2013.07.10 17:05:42.370,0.96552,0.96561,2.44,1.50
2013.07.10 17:05:42.930,0.96552,0.96561,1.50,1.50
2013.07.10 17:05:43.911,0.96554,0.96563,1.50,2.25
2013.07.10 17:05:44.030,0.96552,0.96563,2.07,2.25
2013.07.10 17:05:44.361,0.96552,0.96563,2.07,2.25
2013.07.10 17:05:44.871,0.96552,0.96562,1.69,1.50
2013.07.10 17:05:45.411,0.96551,0.96562,1.50,2.25
2013.07.10 17:05:46.530,0.96551,0.96562,1.50,1.50
2013.07.10 17:05:49.549,0.96552,0.96565,1.50,2.25
2013.07.10 17:05:49.612,0.96553,0.96566,1.50,3.00
2013.07.10 17:05:52.321,0.96554,0.96566,3.00,1.50
2013.07.10 17:05:52.381,0.96555,0.96568,1.50,3.57
2013.07.10 17:05:53.220,0.96555,0.96567,2.25,1.50
2013.07.10 17:05:57.560,0.96555,0.96569,2.25,1.88
2013.07.10 17:05:57.741,0.96555,0.96567,2.25,1.50
2013.07.10 17:05:58.270,0.96555,0.96567,2.25,1.50
2013.07.10 17:05:58.811,0.96556,0.96568,1.50,1.50
2013.07.10 17:05:59.396,0.96556,0.96568,1.50,2.25
2013.07.10 17:05:59.700,0.96557,0.96568,3.00,1.50
2013.07.10 17:06:00.000,0.96557,0.96568,1.50,1.50
2013.07.10 17:06:01.361,0.96557,0.96569,1.50,2.25
2013.07.10 17:06:01.970,0.96556,0.96568,3.00,1.50
2013.07.10 17:06:04.570,0.96556,0.96569,2.25,2.25
2013.07.10 17:06:05.290,0.96556,0.96569,2.25,1.50
2013.07.10 17:06:05.350,0.96557,0.9657,2.25,2.25
2013.07.10 17:06:05.890,0.96558,0.96569,1.50,1.50
2013.07.10 17:06:13.230,0.96558,0.96568,1.50,1.50
2013.07.10 17:06:13.413,0.96556,0.96568,1.50,1.50
2013.07.10 17:06:23.571,0.96556,0.96567,1.50,1.50
2013.07.10 17:06:32.490,0.96556,0.96567,1.50,1.50
2013.07.10 17:06:36.600,0.96556,0.96567,1.50,1.50
2013.07.10 17:06:38.770,0.96558,0.96569,1.13,3.94
2013.07.10 17:06:38.830,0.96558,0.96569,1.13,3.94
2013.07.10 17:06:38.890,0.9656,0.96569,2.25,2.25
2013.07.10 17:06:39.191,0.96561,0.96568,1.50,1.50
2013.07.10 17:06:39.251,0.96558,0.96568,1.50,1.50
2013.07.10 17:06:39.430,0.96558,0.96569,1.50,1.50
2013.07.10 17:06:39.971,0.96559,0.9657,1.88,1.50
2013.07.10 17:06:40.091,0.9656,0.96571,1.50,1.50
2013.07.10 17:06:40.451,0.96559,0.9657,3.75,1.50
2013.07.10 17:06:40.511,0.96559,0.96571,3.38,1.50
2013.07.10 17:06:42.087,0.96562,0.96575,2.46,1.50
2013.07.10 17:06:42.273,0.96564,0.96576,2.25,3.00
2013.07.10 17:06:46.000,0.96565,0.96577,1.50,1.50
2013.07.10 17:06:49.700,0.96564,0.96577,1.50,1.88
2013.07.10 17:06:49.880,0.96563,0.96575,1.50,3.38
2013.07.10 17:06:50.001,0.96563,0.96575,3.00,1.13
2013.07.10 17:06:50.691,0.96564,0.96577,1.50,2.25
2013.07.10 17:06:51.361,0.96564,0.96577,2.63,1.50
2013.07.10 17:06:51.721,0.96565,0.96578,4.28,1.50
2013.07.10 17:06:51.901,0.96569,0.9658,1.13,3.00
2013.07.10 17:06:52.990,0.96568,0.96579,1.69,1.50
2013.07.10 17:06:58.982,0.96567,0.96579,3.19,1.50
2013.07.10 17:07:00.801,0.96568,0.9658,1.50,2.25
2013.07.10 17:07:06.410,0.96568,0.96579,1.69,1.50
2013.07.10 17:07:06.771,0.96567,0.96576,3.38,1.13
2013.07.10 17:07:06.950,0.96563,0.96575,1.69,2.25
2013.07.10 17:07:07.491,0.96562,0.96574,2.28,1.13
2013.07.10 17:07:08.151,0.96563,0.96575,1.50,2.25
2013.07.10 17:07:08.331,0.96564,0.96576,2.44,1.50
2013.07.10 17:07:08.511,0.96565,0.96578,1.13,2.25
2013.07.10 17:07:09.361,0.96565,0.96578,1.13,2.25
2013.07.10 17:07:09.931,0.96565,0.96578,1.88,2.25
2013.07.10 17:07:10.881,0.96565,0.96578,1.88,1.50
2013.07.10 17:07:11.880,0.96565,0.96578,2.63,2.25
2013.07.10 17:07:12.062,0.96563,0.96575,2.44,2.63
2013.07.10 17:07:12.600,0.96562,0.96574,2.28,1.13
2013.07.10 17:07:19.536,0.96563,0.96575,1.50,3.00
2013.07.10 17:07:19.664,0.96563,0.96575,1.50,1.50
2013.07.10 17:07:20.034,0.96564,0.96574,1.50,2.25
2013.07.10 17:07:20.341,0.96563,0.96569,2.25,1.50
2013.07.10 17:07:20.824,0.96562,0.96568,1.50,1.50
2013.07.10 17:07:22.087,0.9656,0.96569,3.00,1.50
2013.07.10 17:07:22.159,0.96557,0.96568,2.82,1.50
2013.07.10 17:07:23.301,0.96557,0.96568,1.69,1.50
2013.07.10 17:07:23.840,0.96557,0.96567,1.69,1.50
2013.07.10 17:07:23.961,0.96557,0.9657,1.69,2.25
2013.07.10 17:07:24.021,0.96557,0.9657,1.69,1.50
2013.07.10 17:07:24.261,0.96558,0.96568,1.50,1.50
2013.07.10 17:07:24.621,0.96561,0.9657,2.25,1.50
2013.07.10 17:07:24.682,0.96562,0.9657,1.50,1.50
2013.07.10 17:07:24.921,0.9656,0.9657,1.50,2.25
2013.07.10 17:07:25.460,0.96559,0.96571,1.50,1.50
2013.07.10 17:07:26.301,0.9656,0.96571,3.75,1.50
2013.07.10 17:07:26.362,0.9656,0.96572,3.75,1.50
2013.07.10 17:07:26.922,0.96562,0.96574,1.50,2.48
2013.07.10 17:07:28.540,0.96562,0.96574,3.05,2.85
2013.07.10 17:07:29.082,0.96563,0.96574,1.50,2.25
2013.07.10 17:07:29.383,0.96567,0.96576,1.13,3.98
2013.07.10 17:07:29.682,0.96569,0.96579,1.13,1.50
2013.07.10 17:07:29.744,0.96569,0.96579,2.63,1.50
2013.07.10 17:07:29.815,0.96569,0.96578,3.00,1.50
2013.07.10 17:07:29.884,0.9657,0.96578,2.07,3.00
2013.07.10 17:07:30.014,0.9657,0.9658,2.07,1.50
2013.07.10 17:07:30.083,0.96571,0.96582,1.32,1.50
2013.07.10 17:07:30.452,0.96573,0.96582,1.50,1.50
2013.07.10 17:07:30.751,0.96576,0.96587,2.63,2.25
2013.07.10 17:07:30.811,0.96576,0.96587,3.23,1.50
2013.07.10 17:07:32.204,0.96578,0.96588,3.38,3.00
2013.07.10 17:07:32.451,0.96578,0.96588,3.38,3.00
2013.07.10 17:07:32.691,0.96578,0.96588,3.38,1.50
2013.07.10 17:07:33.112,0.96578,0.96588,1.88,1.50
2013.07.10 17:07:34.144,0.96577,0.96587,3.19,1.50
2013.07.10 17:07:35.002,0.96577,0.96588,3.19,1.50
2013.07.10 17:07:35.492,0.96577,0.96587,2.44,1.50
2013.07.10 17:07:37.862,0.96577,0.96587,3.00,1.50
2013.07.10 17:07:38.101,0.96581,0.9659,1.13,1.50
2013.07.10 17:07:38.461,0.96582,0.96593,2.25,1.50
2013.07.10 17:07:38.521,0.96582,0.96594,2.25,1.50
2013.07.10 17:07:38.581,0.96583,0.96595,1.50,2.25
2013.07.10 17:07:39.130,0.96584,0.96595,2.25,1.50
2013.07.10 17:07:40.941,0.96584,0.96596,3.19,2.25
2013.07.10 17:07:45.081,0.96584,0.96596,2.82,3.75
2013.07.10 17:07:45.381,0.96584,0.96596,2.07,3.75
2013.07.10 17:07:47.473,0.96585,0.96597,3.00,1.50
2013.07.10 17:07:47.831,0.96588,0.96598,1.50,2.25
2013.07.10 17:07:48.382,0.96588,0.96599,2.25,1.50
2013.07.10 17:07:49.860,0.96588,0.96599,2.25,1.50
2013.07.10 17:07:50.101,0.96587,0.96598,2.25,1.50
2013.07.10 17:07:51.812,0.96586,0.96597,1.50,2.25
2013.07.10 17:07:52.350,0.96586,0.96596,1.50,1.50
2013.07.10 17:08:00.051,0.96586,0.96596,1.13,1.50
2013.07.10 17:08:00.171,0.96586,0.96597,1.13,1.50
2013.07.10 17:08:00.291,0.96586,0.96595,1.13,1.50
2013.07.10 17:08:01.311,0.96586,0.96595,1.13,1.50
2013.07.10 17:08:06.771,0.96587,0.96598,1.69,1.50
2013.07.10 17:08:06.831,0.96589,0.96598,1.50,1.50
2013.07.10 17:08:06.891,0.96589,0.96597,1.50,2.25
2013.07.10 17:08:07.430,0.96587,0.96597,1.69,1.50
2013.07.10 17:08:10.691,0.96587,0.96598,1.13,2.25
2013.07.10 17:08:10.932,0.96587,0.96598,1.13,2.25
2013.07.10 17:08:11.471,0.96588,0.96598,1.50,1.50
2013.07.10 17:08:11.772,0.96591,0.96601,1.50,2.63
2013.07.10 17:08:11.831,0.96591,0.96602,1.88,1.50
2013.07.10 17:08:12.011,0.96595,0.96605,2.25,1.50
2013.07.10 17:08:12.550,0.96596,0.96606,1.50,1.50
2013.07.10 17:08:13.051,0.96594,0.96605,5.25,1.50
2013.07.10 17:08:13.844,0.96597,0.96605,1.13,1.50
2013.07.10 17:08:13.914,0.96597,0.96607,1.32,1.50
2013.07.10 17:08:14.282,0.96597,0.96609,2.07,1.50
2013.07.10 17:08:14.344,0.96598,0.9661,1.50,2.25
2013.07.10 17:08:15.090,0.96602,0.96613,1.50,1.88
2013.07.10 17:08:15.152,0.96602,0.96613,1.50,1.50
2013.07.10 17:08:15.710,0.96601,0.96613,3.00,2.25
2013.07.10 17:08:16.351,0.96602,0.96613,1.50,1.50
2013.07.10 17:08:20.071,0.96603,0.96613,1.50,1.50
2013.07.10 17:08:20.794,0.96602,0.96613,1.50,1.50
2013.07.10 17:08:23.061,0.96602,0.96613,1.50,1.50
2013.07.10 17:08:24.491,0.96603,0.96614,1.50,2.25
2013.07.10 17:08:25.030,0.96603,0.96613,1.50,1.50
2013.07.10 17:08:37.311,0.96603,0.96614,1.50,1.13
2013.07.10 17:08:38.451,0.96603,0.96615,1.50,2.25
2013.07.10 17:08:44.790,0.96603,0.96615,2.25,2.25
2013.07.10 17:08:45.479,0.96603,0.96615,2.25,3.75
2013.07.10 17:08:47.501,0.96603,0.96615,3.00,2.63
2013.07.10 17:08:49.801,0.96605,0.96615,1.13,1.13
2013.07.10 17:08:50.041,0.96606,0.96618,1.50,3.00
2013.07.10 17:08:50.340,0.96607,0.9662,3.00,2.25
2013.07.10 17:08:50.401,0.96609,0.96622,1.50,1.88
2013.07.10 17:08:55.735,0.96608,0.96621,4.32,1.13
2013.07.10 17:08:56.343,0.96609,0.9662,2.25,1.50
2013.07.10 17:09:04.921,0.96609,0.96622,2.44,2.63
2013.07.10 17:09:05.041,0.96611,0.96622,1.50,1.88
2013.07.10 17:09:05.221,0.96611,0.96624,2.25,1.13
2013.07.10 17:09:07.482,0.96611,0.96623,2.25,1.88
2013.07.10 17:09:07.723,0.9661,0.96623,2.25,7.20
2013.07.10 17:09:07.782,0.96608,0.96621,3.00,1.50
2013.07.10 17:09:07.901,0.96608,0.96619,3.00,1.88
2013.07.10 17:09:08.411,0.96608,0.9662,3.75,1.13
2013.07.10 17:09:08.872,0.96609,0.96621,2.25,1.50
2013.07.10 17:09:09.411,0.9661,0.96623,2.25,1.50
2013.07.10 17:09:23.922,0.96612,0.96624,1.50,1.88
2013.07.10 17:09:25.011,0.96612,0.96624,3.00,1.88
2013.07.10 17:09:25.371,0.96615,0.96624,2.25,1.50
2013.07.10 17:09:25.611,0.96615,0.96627,2.25,1.13
2013.07.10 17:09:25.800,0.96617,0.96628,1.50,1.88
2013.07.10 17:09:25.922,0.96619,0.96629,1.50,1.50
2013.07.10 17:09:26.101,0.96619,0.96632,1.50,3.15
2013.07.10 17:09:26.342,0.96619,0.96631,1.50,1.50
2013.07.10 17:09:26.463,0.96618,0.9663,1.50,1.50
2013.07.10 17:09:26.821,0.96619,0.96631,1.50,1.50
2013.07.10 17:09:27.122,0.96619,0.96631,1.50,1.13
2013.07.10 17:09:27.181,0.96619,0.96631,1.50,1.88
2013.07.10 17:09:27.421,0.9662,0.96632,1.50,3.04
2013.07.10 17:09:27.971,0.9662,0.96632,1.50,2.29
2013.07.10 17:09:28.391,0.9662,0.96631,1.50,1.88
2013.07.10 17:09:28.690,0.9662,0.96631,1.50,1.88
2013.07.10 17:09:32.682,0.96619,0.96632,2.25,4.54
2013.07.10 17:09:34.590,0.96619,0.96631,2.25,1.50
2013.07.10 17:09:36.294,0.96619,0.96628,1.50,1.88
2013.07.10 17:09:36.721,0.96617,0.96629,1.50,5.63
2013.07.10 17:09:37.201,0.96617,0.96627,1.50,1.13
2013.07.10 17:09:37.262,0.96614,0.96626,2.44,5.33
2013.07.10 17:09:38.603,0.96612,0.96623,1.50,2.33
2013.07.10 17:09:42.852,0.9661,0.96623,2.44,3.08
2013.07.10 17:09:43.390,0.9661,0.96623,1.50,4.02
2013.07.10 17:09:48.041,0.96611,0.96623,2.25,1.50
2013.07.10 17:09:48.401,0.96615,0.96629,2.44,3.38
2013.07.10 17:09:48.941,0.96616,0.96629,1.50,2.63
2013.07.10 17:09:58.262,0.96617,0.96629,1.69,1.13
2013.07.10 17:10:00.352,0.96616,0.96629,2.44,1.13
2013.07.10 17:10:08.791,0.96617,0.9663,1.50,1.13
2013.07.10 17:10:15.242,0.96617,0.96631,1.50,3.00
2013.07.10 17:10:16.020,0.96618,0.96631,2.25,1.50
2013.07.10 17:10:20.821,0.96618,0.96627,2.63,2.25
2013.07.10 17:10:21.001,0.96613,0.96618,1.50,1.50
2013.07.10 17:10:21.124,0.96609,0.96617,1.50,5.82
2013.07.10 17:10:21.191,0.96606,0.96615,1.50,1.88
2013.07.10 17:10:21.251,0.96604,0.96614,1.50,1.13
2013.07.10 17:10:21.374,0.96602,0.96614,1.50,1.13
2013.07.10 17:10:21.644,0.96602,0.96612,1.50,1.50
2013.07.10 17:10:21.954,0.96601,0.96612,1.50,3.38
2013.07.10 17:10:23.152,0.96601,0.96608,1.50,1.50
2013.07.10 17:10:23.271,0.96597,0.96606,1.50,1.13
2013.07.10 17:10:23.331,0.96597,0.96606,1.50,1.13
2013.07.10 17:10:23.451,0.96594,0.96606,1.50,1.88
2013.07.10 17:10:23.812,0.96594,0.96607,1.50,1.88
2013.07.10 17:10:24.411,0.96595,0.96608,1.50,1.50
2013.07.10 17:10:26.092,0.96595,0.96609,3.00,4.13
2013.07.10 17:10:26.214,0.96597,0.9661,2.25,3.75
2013.07.10 17:10:26.681,0.96598,0.96607,1.50,1.13
2013.07.10 17:10:26.921,0.96595,0.96605,1.50,1.50
2013.07.10 17:10:27.532,0.96595,0.96605,1.50,1.50
2013.07.10 17:10:27.651,0.96595,0.96607,1.13,1.50
2013.07.10 17:10:27.771,0.96596,0.96608,1.50,3.00
2013.07.10 17:10:27.831,0.96595,0.96605,1.88,1.50
2013.07.10 17:10:28.370,0.96593,0.96605,1.50,2.25
2013.07.10 17:10:29.362,0.96593,0.96604,1.50,3.38
2013.07.10 17:10:29.661,0.96592,0.96603,1.50,1.69
2013.07.10 17:10:30.201,0.9659,0.96602,2.07,1.88
2013.07.10 17:10:31.953,0.9659,0.96597,1.69,3.89
2013.07.10 17:10:32.015,0.96585,0.96593,1.50,3.94
2013.07.10 17:10:32.142,0.96588,0.96593,1.50,2.70
2013.07.10 17:10:32.805,0.96579,0.96587,2.25,1.50
2013.07.10 17:10:32.875,0.96574,0.96583,4.50,3.00
2013.07.10 17:10:33.503,0.96569,0.96581,1.13,1.13
2013.07.10 17:10:37.421,0.96569,0.96581,1.50,1.13
2013.07.10 17:10:39.772,0.96569,0.96582,1.50,1.50
2013.07.10 17:10:48.123,0.9657,0.96582,1.50,1.88
2013.07.10 17:10:49.383,0.9657,0.96582,2.25,1.13
2013.07.10 17:10:49.981,0.9657,0.96582,1.50,2.63
2013.07.10 17:10:52.392,0.9657,0.96583,2.25,4.88
2013.07.10 17:10:52.751,0.96571,0.96583,2.25,4.13
2013.07.10 17:10:52.991,0.96575,0.96588,2.25,3.75
2013.07.10 17:10:53.111,0.96576,0.96589,2.25,1.50
2013.07.10 17:10:53.172,0.96578,0.9659,2.25,1.13
2013.07.10 17:10:53.714,0.96578,0.9659,1.50,1.13
2013.07.10 17:10:56.371,0.96578,0.96589,1.50,1.50
2013.07.10 17:10:56.732,0.96575,0.96587,2.44,1.50
2013.07.10 17:10:56.793,0.96577,0.96591,1.50,2.25
2013.07.10 17:10:59.056,0.96576,0.96586,2.63,1.13
2013.07.10 17:10:59.122,0.96574,0.96585,2.25,1.50
2013.07.10 17:10:59.181,0.96574,0.96587,2.25,1.50
2013.07.10 17:10:59.423,0.96577,0.9659,1.50,2.07
2013.07.10 17:11:03.851,0.96577,0.9659,1.50,1.50
2013.07.10 17:11:03.971,0.96574,0.96586,1.69,3.00
2013.07.10 17:11:04.153,0.96575,0.96586,2.25,1.50
2013.07.10 17:11:04.272,0.96577,0.9659,1.50,1.13
2013.07.10 17:11:07.141,0.96577,0.96588,1.50,1.88
2013.07.10 17:11:07.262,0.96574,0.96585,2.25,1.50
2013.07.10 17:11:37.251,0.96573,0.96585,1.50,1.50
2013.07.10 17:11:37.372,0.96573,0.96584,2.25,1.73
2013.07.10 17:11:37.933,0.96571,0.96583,1.13,3.23
2013.07.10 17:11:39.183,0.9657,0.96582,1.69,1.13
2013.07.10 17:11:39.243,0.9657,0.96582,1.69,1.13
2013.07.10 17:11:39.481,0.96569,0.96582,1.88,1.50
2013.07.10 17:11:40.321,0.96569,0.96581,1.88,2.63
2013.07.10 17:11:43.471,0.96568,0.96581,1.50,2.25
2013.07.10 17:11:43.712,0.96568,0.96581,1.50,1.13
2013.07.10 17:11:49.634,0.96569,0.96581,3.03,2.25
2013.07.10 17:11:49.993,0.96571,0.96583,3.78,2.63
2013.07.10 17:11:50.174,0.96573,0.96584,1.50,1.92
2013.07.10 17:11:58.802,0.96573,0.96584,2.25,3.23
2013.07.10 17:11:59.353,0.96571,0.96584,1.50,3.23
2013.07.10 17:12:00.771,0.96573,0.96584,1.50,2.10
2013.07.10 17:12:01.536,0.96573,0.96584,2.25,1.35
2013.07.10 17:12:02.151,0.96573,0.96585,1.50,3.79
2013.07.10 17:12:02.631,0.96571,0.96584,2.25,3.60
2013.07.10 17:12:04.186,0.96571,0.96583,1.50,1.88
2013.07.10 17:12:04.525,0.96569,0.96581,1.50,1.88
2013.07.10 17:12:05.072,0.96568,0.96579,1.50,2.63
2013.07.10 17:12:05.552,0.96565,0.96578,1.69,2.25
2013.07.10 17:12:06.741,0.96564,0.96577,3.57,1.13
2013.07.10 17:12:06.802,0.96564,0.96576,2.25,1.88
2013.07.10 17:12:07.377,0.96564,0.96575,1.50,1.50
2013.07.10 17:12:13.392,0.96563,0.96574,1.50,1.35
2013.07.10 17:12:15.883,0.96562,0.96574,2.25,2.10
2013.07.10 17:12:16.421,0.96562,0.96574,2.25,1.50
2013.07.10 17:12:19.192,0.96562,0.96574,2.25,1.88
2013.07.10 17:12:22.542,0.96562,0.96574,2.25,1.88
2013.07.10 17:12:23.802,0.96564,0.96574,2.25,1.13
2013.07.10 17:12:24.342,0.96562,0.96574,1.50,1.88
2013.07.10 17:12:25.741,0.96562,0.96571,1.50,2.25
2013.07.10 17:12:26.042,0.96561,0.96567,1.50,2.63
2013.07.10 17:12:26.402,0.9656,0.96565,1.50,2.10
2013.07.10 17:12:27.241,0.96553,0.96565,2.25,3.60
2013.07.10 17:12:27.781,0.96552,0.96564,1.50,1.50
2013.07.10 17:12:28.593,0.96552,0.96565,2.44,2.48
2013.07.10 17:12:28.661,0.96552,0.96565,1.69,2.10
2013.07.10 17:12:29.202,0.96554,0.96564,1.13,1.50
2013.07.10 17:12:31.751,0.96552,0.9656,1.69,1.50
2013.07.10 17:12:31.871,0.96552,0.96561,1.50,1.69
2013.07.10 17:12:31.931,0.96549,0.96557,1.50,1.50
2013.07.10 17:12:31.992,0.96548,0.96557,3.00,1.50
2013.07.10 17:12:32.232,0.96549,0.96559,1.50,1.50
2013.07.10 17:12:32.711,0.96548,0.9656,2.25,3.38
2013.07.10 17:12:33.141,0.96549,0.9656,1.50,1.88
2013.07.10 17:12:33.841,0.9655,0.96561,1.50,1.88
2013.07.10 17:12:35.621,0.9655,0.96561,1.50,2.10
2013.07.10 17:12:35.944,0.96547,0.96559,1.50,1.88
2013.07.10 17:12:36.552,0.96546,0.96558,1.50,1.13
2013.07.10 17:12:37.112,0.96546,0.96559,1.50,1.88
2013.07.10 17:12:37.651,0.96546,0.96559,1.50,2.25
2013.07.10 17:12:39.461,0.96547,0.96559,1.50,2.25
2013.07.10 17:12:39.762,0.96559,0.96564,1.50,1.50
2013.07.10 17:12:39.941,0.9656,0.96569,2.25,1.50
2013.07.10 17:12:40.061,0.96562,0.9657,1.50,3.00
2013.07.10 17:12:40.929,0.96565,0.96575,1.50,1.50
2013.07.10 17:12:41.004,0.96569,0.96578,1.50,1.88
2013.07.10 17:12:42.342,0.96567,0.96578,1.50,1.88
2013.07.10 17:12:43.002,0.96566,0.96571,2.25,1.35
2013.07.10 17:12:43.243,0.96557,0.96567,1.13,2.82
2013.07.10 17:12:43.421,0.96553,0.96566,1.50,2.25
2013.07.10 17:12:44.202,0.96553,0.96566,1.50,1.88
2013.07.10 17:12:44.741,0.96553,0.96564,1.50,1.13
2013.07.10 17:12:46.832,0.96553,0.96561,1.50,1.13
2013.07.10 17:12:47.013,0.96551,0.96561,1.50,10.20
2013.07.10 17:12:47.132,0.96551,0.96556,1.50,2.25
2013.07.10 17:12:47.312,0.96551,0.96558,1.50,4.14
2013.07.10 17:12:47.374,0.9655,0.96558,2.25,3.38
2013.07.10 17:12:47.444,0.96547,0.96554,1.88,1.13
2013.07.10 17:12:47.574,0.96546,0.96554,2.25,1.13
2013.07.10 17:12:47.644,0.96545,0.96553,1.50,1.69
2013.07.10 17:12:47.772,0.96546,0.96552,3.00,1.69
2013.07.10 17:12:47.833,0.96547,0.96553,3.00,1.50
2013.07.10 17:12:48.072,0.96545,0.96553,1.50,2.07
2013.07.10 17:12:48.621,0.96543,0.96553,1.50,2.82
2013.07.10 17:12:48.682,0.96541,0.96553,1.50,2.82
2013.07.10 17:12:49.222,0.96539,0.96553,3.38,1.50
2013.07.10 17:12:49.285,0.96541,0.96555,1.50,3.57
2013.07.10 17:12:49.831,0.96542,0.96555,1.50,2.44
2013.07.10 17:12:51.857,0.96541,0.96549,2.25,2.28
2013.07.10 17:12:52.042,0.9654,0.96547,1.50,3.00
2013.07.10 17:12:52.162,0.96537,0.96549,1.50,2.82
2013.07.10 17:12:52.404,0.9654,0.96551,1.50,1.88
2013.07.10 17:12:52.522,0.9654,0.96552,1.50,2.63
2013.07.10 17:12:52.823,0.96541,0.96551,1.50,1.13
2013.07.10 17:12:53.062,0.96539,0.96549,1.50,1.13
2013.07.10 17:12:53.122,0.96539,0.96551,1.50,2.25
2013.07.10 17:12:53.542,0.96539,0.96551,1.50,2.25
2013.07.10 17:12:53.782,0.96535,0.96548,1.88,1.88
2013.07.10 17:12:55.144,0.96536,0.96549,4.88,3.00
2013.07.10 17:12:55.213,0.96538,0.96551,1.50,2.25
2013.07.10 17:12:55.391,0.9654,0.96552,1.50,1.13
2013.07.10 17:12:55.692,0.9654,0.96551,1.50,1.13
2013.07.10 17:12:55.873,0.96538,0.96549,1.69,1.88
2013.07.10 17:12:55.992,0.96538,0.96548,1.69,1.88
2013.07.10 17:12:56.118,0.9654,0.96548,1.50,2.25
2013.07.10 17:13:03.172,0.96539,0.96548,1.50,1.13
2013.07.10 17:13:04.382,0.96539,0.96549,1.50,2.63
2013.07.10 17:13:04.862,0.96542,0.9655,1.50,1.88
2013.07.10 17:13:06.252,0.96542,0.96551,1.50,3.00
2013.07.10 17:13:06.792,0.96542,0.96552,1.50,3.00
2013.07.10 17:13:07.862,0.96542,0.96553,1.50,2.25
2013.07.10 17:13:08.461,0.96542,0.96554,1.50,2.63
2013.07.10 17:13:09.063,0.96543,0.96554,1.50,2.63
2013.07.10 17:13:11.221,0.96543,0.96553,1.50,1.50
2013.07.10 17:13:15.651,0.96543,0.96554,1.50,1.50
2013.07.10 17:13:16.311,0.96543,0.96555,1.50,1.32
2013.07.10 17:13:16.613,0.96542,0.96553,1.50,1.13
2013.07.10 17:13:16.971,0.96543,0.96551,1.50,1.50
2013.07.10 17:13:17.741,0.96542,0.96551,1.50,1.50
2013.07.10 17:13:18.102,0.9654,0.96551,1.50,1.50
2013.07.10 17:13:22.541,0.9654,0.96552,1.50,1.88
2013.07.10 17:13:22.781,0.96542,0.96552,1.50,1.88
2013.07.10 17:13:23.292,0.96542,0.96552,1.50,1.13
2013.07.10 17:13:24.322,0.96542,0.96551,1.50,1.50
2013.07.10 17:13:24.512,0.96535,0.96547,3.00,2.25
2013.07.10 17:13:24.632,0.96535,0.96548,3.00,1.50
2013.07.10 17:13:24.932,0.96538,0.96549,1.50,1.50
2013.07.10 17:13:27.112,0.96538,0.96547,1.50,1.50
2013.07.10 17:13:27.414,0.96536,0.96544,1.50,1.50
2013.07.10 17:13:27.533,0.96534,0.96544,1.69,1.50
2013.07.10 17:13:28.011,0.96534,0.96547,1.69,1.13
2013.07.10 17:13:30.131,0.96534,0.96547,1.50,3.38
2013.07.10 17:13:30.432,0.96529,0.96537,2.25,2.63
2013.07.10 17:13:30.732,0.96526,0.96535,3.00,3.68
2013.07.10 17:13:30.854,0.96524,0.96534,3.75,1.13
2013.07.10 17:13:31.411,0.96524,0.96534,2.25,1.13
2013.07.10 17:13:32.424,0.96524,0.96534,2.25,1.13
2013.07.10 17:13:32.673,0.96524,0.96531,2.25,1.13
2013.07.10 17:13:32.731,0.96524,0.96531,1.50,1.13
2013.07.10 17:13:32.852,0.96522,0.96531,1.50,2.10
2013.07.10 17:13:33.033,0.96521,0.9653,1.50,2.64
2013.07.10 17:13:33.347,0.9652,0.96525,1.50,1.88
2013.07.10 17:13:34.010,0.96519,0.96524,1.50,1.13
2013.07.10 17:13:34.097,0.96517,0.96525,1.50,1.50
2013.07.10 17:13:34.355,0.96516,0.96525,1.50,1.13
2013.07.10 17:13:34.683,0.96514,0.96525,1.50,1.50
2013.07.10 17:13:35.162,0.96508,0.96517,1.50,1.50
2013.07.10 17:13:35.464,0.965,0.96508,1.50,1.13
2013.07.10 17:13:35.593,0.96497,0.96506,7.50,3.04
2013.07.10 17:13:36.085,0.96498,0.96506,4.50,3.19
2013.07.10 17:13:36.276,0.96497,0.96506,1.50,1.69
2013.07.10 17:13:36.705,0.96496,0.96507,1.50,1.13
2013.07.10 17:13:36.892,0.96494,0.96504,3.00,2.25
2013.07.10 17:13:36.952,0.96492,0.96503,2.25,1.50
2013.07.10 17:13:37.193,0.96494,0.96505,1.50,1.50
2013.07.10 17:13:37.372,0.96495,0.96507,1.53,3.75
2013.07.10 17:13:37.672,0.965,0.96512,1.50,1.13
2013.07.10 17:13:37.972,0.96501,0.96513,1.50,1.50
2013.07.10 17:13:38.272,0.96503,0.96514,1.50,1.13
2013.07.10 17:13:38.392,0.96503,0.96512,1.50,2.25
2013.07.10 17:13:38.451,0.96502,0.96512,1.69,2.25
2013.07.10 17:13:38.693,0.965,0.96511,1.50,1.50
2013.07.10 17:13:38.813,0.96497,0.96508,1.50,1.88
2013.07.10 17:13:39.052,0.96491,0.96503,3.00,1.13
2013.07.10 17:13:39.113,0.96491,0.96504,3.00,1.88
2013.07.10 17:13:39.476,0.9649,0.96503,1.50,1.88
2013.07.10 17:13:40.442,0.9649,0.96503,2.25,1.88
2013.07.10 17:13:41.322,0.9649,0.96503,2.25,1.50
2013.07.10 17:13:41.441,0.96491,0.96504,1.50,1.88
2013.07.10 17:13:41.742,0.96494,0.96507,1.50,2.25
2013.07.10 17:13:44.742,0.96494,0.96507,1.50,1.13
2013.07.10 17:13:46.001,0.96494,0.96507,1.50,1.13
2013.07.10 17:13:46.331,0.96496,0.96509,1.50,2.07
2013.07.10 17:13:47.941,0.96496,0.96507,1.50,1.88
2013.07.10 17:13:48.182,0.96496,0.96507,1.50,1.88
2013.07.10 17:13:48.242,0.96496,0.96509,1.50,3.38
2013.07.10 17:13:51.131,0.96496,0.96506,1.50,1.50
2013.07.10 17:13:51.663,0.96496,0.96509,1.50,4.13
2013.07.10 17:13:52.204,0.96495,0.96507,1.50,1.32
2013.07.10 17:13:52.881,0.96496,0.96508,1.50,1.13
2013.07.10 17:13:53.821,0.96496,0.96506,1.50,2.28
2013.07.10 17:13:54.002,0.9649,0.965,1.50,3.04
2013.07.10 17:13:54.302,0.96486,0.96499,1.50,3.60
2013.07.10 17:13:54.421,0.96485,0.96498,1.50,2.25
2013.07.10 17:13:54.962,0.96485,0.96497,1.50,2.25
2013.07.10 17:13:55.501,0.96485,0.96498,1.50,1.50
2013.07.10 17:13:56.161,0.96485,0.96497,1.50,1.13
2013.07.10 17:13:56.462,0.96475,0.96486,1.50,5.63
2013.07.10 17:13:56.582,0.96473,0.96483,3.75,1.50
2013.07.10 17:13:56.642,0.96469,0.96478,4.35,1.50
2013.07.10 17:13:56.882,0.9647,0.96484,2.25,1.88
2013.07.10 17:13:57.782,0.96471,0.96485,2.25,3.00
2013.07.10 17:13:58.323,0.96472,0.96485,1.50,1.50
2013.07.10 17:13:58.967,0.96473,0.96487,2.25,2.07
2013.07.10 17:13:59.463,0.96474,0.96484,1.50,1.50
2013.07.10 17:13:59.584,0.96473,0.96483,3.00,1.50
2013.07.10 17:13:59.714,0.9647,0.96483,1.50,2.44
2013.07.10 17:13:59.965,0.96471,0.96484,1.50,3.19
2013.07.10 17:14:00.487,0.96472,0.96485,1.50,3.19
2013.07.10 17:14:00.854,0.96472,0.96486,1.50,2.63
2013.07.10 17:14:01.092,0.96472,0.96485,1.50,1.35
2013.07.10 17:14:01.395,0.96472,0.9648,1.50,1.35
2013.07.10 17:14:02.605,0.9647,0.9648,2.63,2.25
2013.07.10 17:14:02.688,0.96472,0.96485,2.25,1.50
2013.07.10 17:14:02.874,0.96472,0.96483,3.00,3.23
2013.07.10 17:14:03.122,0.96469,0.96481,2.25,2.25
2013.07.10 17:14:03.243,0.96468,0.96481,1.50,1.50
2013.07.10 17:14:03.783,0.96471,0.96484,2.25,4.69
2013.07.10 17:14:04.150,0.96473,0.96484,1.50,1.50
2013.07.10 17:14:05.113,0.96475,0.96487,2.25,2.44
2013.07.10 17:14:05.352,0.96477,0.96488,1.50,3.19
2013.07.10 17:14:05.893,0.96476,0.96488,2.25,2.44
2013.07.10 17:14:07.571,0.96476,0.96489,1.50,1.13
2013.07.10 17:14:07.631,0.96478,0.9649,2.25,2.25
2013.07.10 17:14:07.751,0.96479,0.96492,1.50,3.19
2013.07.10 17:14:08.112,0.96481,0.96492,2.25,1.69
2013.07.10 17:14:12.123,0.96482,0.96494,1.50,1.88
2013.07.10 17:14:12.661,0.96482,0.96494,1.50,1.13
2013.07.10 17:14:14.803,0.96482,0.96496,1.50,2.44
2013.07.10 17:14:15.532,0.96482,0.96495,1.50,1.13
2013.07.10 17:14:19.431,0.96483,0.96494,1.65,1.13
2013.07.10 17:14:19.742,0.96486,0.96498,1.50,1.50
2013.07.10 17:14:20.161,0.96485,0.96498,2.25,1.88
2013.07.10 17:14:20.401,0.96484,0.96496,1.50,1.13
2013.07.10 17:14:23.222,0.96483,0.96496,3.19,1.13
2013.07.10 17:14:23.761,0.96483,0.96497,1.69,2.63
2013.07.10 17:14:25.243,0.96485,0.96497,1.95,1.50
2013.07.10 17:14:25.603,0.96474,0.96483,1.69,2.63
2013.07.10 17:14:25.663,0.96472,0.96481,2.25,1.50
2013.07.10 17:14:25.724,0.96472,0.9648,2.25,2.10
2013.07.10 17:14:25.902,0.96472,0.96483,3.00,2.10
2013.07.10 17:14:26.205,0.96473,0.96483,1.50,2.48
2013.07.10 17:14:26.452,0.96473,0.96481,1.50,2.10
2013.07.10 17:14:27.546,0.96473,0.96482,1.50,1.88
2013.07.10 17:14:29.072,0.96473,0.9648,1.50,1.13
2013.07.10 17:14:29.373,0.96464,0.96475,2.44,1.13
2013.07.10 17:14:29.434,0.96461,0.96474,1.50,1.13
2013.07.10 17:14:30.308,0.96459,0.96473,2.63,1.50
2013.07.10 17:14:30.852,0.9646,0.96472,1.50,2.29
2013.07.10 17:14:32.652,0.9646,0.96473,1.50,1.50
2013.07.10 17:14:33.132,0.96461,0.96475,1.50,1.50
2013.07.10 17:14:33.195,0.96463,0.96476,1.50,3.19
2013.07.10 17:14:33.741,0.96464,0.96476,1.50,2.82
2013.07.10 17:14:34.164,0.96465,0.96476,1.50,2.82
2013.07.10 17:14:34.293,0.96465,0.96476,1.50,1.88
2013.07.10 17:14:34.842,0.96466,0.96479,1.50,3.94
2013.07.10 17:14:35.082,0.9647,0.96479,1.50,2.82
2013.07.10 17:14:35.142,0.9647,0.9648,1.50,1.50
2013.07.10 17:14:35.622,0.96473,0.96481,1.50,1.50
2013.07.10 17:14:35.682,0.96474,0.96486,1.50,2.82
2013.07.10 17:14:35.982,0.96476,0.96486,2.25,1.88
2013.07.10 17:14:37.043,0.96472,0.96479,1.69,5.25
2013.07.10 17:14:37.222,0.9647,0.96477,1.13,1.50
2013.07.10 17:14:37.343,0.96471,0.96485,1.88,2.44
2013.07.10 17:14:37.403,0.96472,0.96486,2.25,3.19
2013.07.10 17:14:37.943,0.96474,0.96488,1.50,2.25
2013.07.10 17:14:38.182,0.96476,0.96489,1.50,3.00
2013.07.10 17:14:39.552,0.96476,0.96484,1.50,1.13
2013.07.10 17:14:39.612,0.96473,0.96484,1.88,1.13
2013.07.10 17:14:47.454,0.96472,0.9648,2.25,1.50
2013.07.10 17:14:47.583,0.96473,0.9648,1.50,1.50
2013.07.10 17:14:47.643,0.96469,0.96479,1.88,1.50
2013.07.10 17:14:47.893,0.96469,0.96477,2.25,2.25
2013.07.10 17:14:48.732,0.96463,0.96476,1.69,3.75
2013.07.10 17:14:49.577,0.96463,0.96476,1.50,3.38
2013.07.10 17:14:49.762,0.96464,0.96476,1.50,1.88
2013.07.10 17:14:50.852,0.9646,0.96474,2.25,3.94
2013.07.10 17:14:50.911,0.9646,0.96473,1.50,2.25
2013.07.10 17:14:52.114,0.96457,0.96471,1.50,4.13
2013.07.10 17:14:52.652,0.96456,0.96468,2.25,2.25
2013.07.10 17:14:53.383,0.96455,0.96467,2.25,1.50
2013.07.10 17:14:54.232,0.96455,0.96468,2.25,1.50
2013.07.10 17:14:56.022,0.96454,0.96467,1.50,1.88
2013.07.10 17:14:56.322,0.96451,0.96464,1.50,1.13
2013.07.10 17:14:56.742,0.9645,0.96462,3.00,1.50
2013.07.10 17:14:57.101,0.96452,0.96464,2.25,1.50
2013.07.10 17:14:57.341,0.96452,0.96466,4.50,2.63
2013.07.10 17:14:57.881,0.96452,0.96464,1.50,1.88
2013.07.10 17:14:58.702,0.96452,0.96464,2.25,1.88
2013.07.10 17:14:59.242,0.96452,0.96464,1.50,1.88
2013.07.10 17:14:59.745,0.96451,0.96457,1.50,2.25
2013.07.10 17:14:59.934,0.96444,0.96448,2.25,1.13
2013.07.10 17:15:00.002,0.96442,0.96448,1.50,6.87
2013.07.10 17:15:00.184,0.96438,0.96444,1.50,2.85
2013.07.10 17:15:00.948,0.96439,0.96445,3.00,3.00
2013.07.10 17:15:01.016,0.96433,0.96441,2.25,1.50
2013.07.10 17:15:01.322,0.96435,0.96442,1.50,1.50
2013.07.10 17:15:01.682,0.96439,0.96444,1.50,1.50
2013.07.10 17:15:02.042,0.96439,0.96446,2.25,1.50
2013.07.10 17:15:02.602,0.9644,0.96447,1.50,1.50
2013.07.10 17:15:02.661,0.9644,0.96451,1.50,1.50
2013.07.10 17:15:03.801,0.96442,0.96451,1.50,1.50
2013.07.10 17:15:03.861,0.96443,0.96451,1.50,1.50
2013.07.10 17:15:03.982,0.96444,0.96456,2.25,1.88
2013.07.10 17:15:04.164,0.96445,0.96455,1.50,2.25
2013.07.10 17:15:05.531,0.96443,0.96454,3.75,1.50
2013.07.10 17:15:06.080,0.96443,0.96455,1.50,2.63
2013.07.10 17:15:08.201,0.96442,0.96454,1.50,1.88
2013.07.10 17:15:10.482,0.96445,0.96454,1.50,1.50
2013.07.10 17:15:11.032,0.96445,0.96455,1.50,3.38
2013.07.10 17:15:11.572,0.96446,0.96454,1.50,2.25
2013.07.10 17:15:14.371,0.96446,0.96452,1.50,2.25
2013.07.10 17:15:14.682,0.96441,0.96448,2.25,1.50
2013.07.10 17:15:16.161,0.96446,0.96452,1.50,3.00
2013.07.10 17:15:17.132,0.96446,0.96451,1.50,1.50
2013.07.10 17:15:17.312,0.96446,0.96453,1.50,1.50
2013.07.10 17:15:17.371,0.96446,0.96452,1.50,2.25
2013.07.10 17:15:17.553,0.96446,0.96453,1.50,1.50
2013.07.10 17:15:17.611,0.96446,0.96451,1.50,1.50
2013.07.10 17:15:17.791,0.96446,0.96453,1.50,1.50
2013.07.10 17:15:18.631,0.96446,0.96451,1.50,1.50
2013.07.10 17:15:20.002,0.96446,0.96453,1.50,3.00
2013.07.10 17:15:22.276,0.96446,0.96452,1.50,2.63
2013.07.10 17:15:22.403,0.9644,0.96446,2.25,2.63
2013.07.10 17:15:22.881,0.96435,0.96446,2.44,1.84
2013.07.10 17:15:23.061,0.9644,0.96446,1.50,1.84
2013.07.10 17:15:23.181,0.96435,0.96446,1.69,1.84
2013.07.10 17:15:23.721,0.96434,0.96446,1.50,2.59
2013.07.10 17:15:24.262,0.96434,0.96445,2.25,1.88
2013.07.10 17:15:24.382,0.96434,0.96446,2.25,1.84
2013.07.10 17:15:30.353,0.96434,0.96446,1.69,1.84
2013.07.10 17:15:30.772,0.96436,0.96447,1.50,2.25
2013.07.10 17:15:30.831,0.96436,0.96446,1.50,1.12
2013.07.10 17:15:31.373,0.96435,0.96446,1.50,1.87
2013.07.10 17:15:31.921,0.96435,0.96447,1.50,3.75
2013.07.10 17:15:34.174,0.96435,0.96447,1.50,3.00
2013.07.10 17:15:34.421,0.96441,0.96447,1.50,2.25
2013.07.10 17:15:34.722,0.96442,0.9645,1.50,2.25
2013.07.10 17:15:34.902,0.96443,0.96452,1.50,1.73
2013.07.10 17:15:35.381,0.96444,0.9645,1.50,3.00
2013.07.10 17:15:35.622,0.96445,0.96452,1.50,1.50
2013.07.10 17:15:36.194,0.96445,0.96453,1.50,1.50
2013.07.10 17:15:36.732,0.96445,0.96453,1.50,1.50
2013.07.10 17:15:37.034,0.96449,0.96454,1.50,2.25
2013.07.10 17:15:37.094,0.96449,0.96457,1.50,1.88
2013.07.10 17:15:37.151,0.96444,0.96457,3.75,1.50
2013.07.10 17:15:37.392,0.96449,0.96455,1.50,1.50
2013.07.10 17:15:37.752,0.9645,0.96458,1.50,1.69
2013.07.10 17:15:38.557,0.9645,0.96461,1.50,3.00
2013.07.10 17:15:38.621,0.96452,0.96461,1.50,2.25
2013.07.10 17:15:41.802,0.96452,0.9646,1.50,1.50
2013.07.10 17:15:42.342,0.96452,0.96461,1.50,2.25
2013.07.10 17:15:45.272,0.96451,0.9646,1.50,2.25
2013.07.10 17:15:45.811,0.96451,0.9646,1.50,1.50
2013.07.10 17:15:46.412,0.96452,0.9646,1.50,1.50
2013.07.10 17:15:48.502,0.9645,0.96459,2.25,1.88
2013.07.10 17:15:49.171,0.9645,0.96459,1.50,2.63
2013.07.10 17:15:49.711,0.9645,0.96459,1.50,2.63
2013.07.10 17:15:52.342,0.9645,0.96458,1.50,2.25
2013.07.10 17:15:52.461,0.9645,0.96459,1.50,2.63
2013.07.10 17:15:53.101,0.96451,0.96459,1.50,1.50
2013.07.10 17:15:54.424,0.96455,0.9646,1.50,2.25
2013.07.10 17:15:55.200,0.96457,0.96464,1.50,1.88
2013.07.10 17:15:56.291,0.9646,0.96466,1.50,2.25
2013.07.10 17:15:56.352,0.9646,0.96467,1.50,1.50
2013.07.10 17:15:56.655,0.96461,0.96467,1.13,1.50
2013.07.10 17:15:56.842,0.96465,0.96473,1.50,1.88
2013.07.10 17:15:57.382,0.96462,0.96473,3.00,1.13
2013.07.10 17:15:57.442,0.96463,0.96473,2.25,1.13
2013.07.10 17:15:58.045,0.96463,0.96474,1.50,1.88
2013.07.10 17:15:59.444,0.96465,0.96474,1.50,2.25
2013.07.10 17:15:59.624,0.96465,0.96476,1.50,1.13
2013.07.10 17:15:59.692,0.96465,0.96476,2.25,1.13
2013.07.10 17:16:00.052,0.96463,0.96474,1.50,1.88
2013.07.10 17:16:00.352,0.96463,0.96474,3.00,1.88
2013.07.10 17:16:01.079,0.96464,0.96475,1.50,1.13
2013.07.10 17:16:03.366,0.96464,0.96475,1.50,2.25
2013.07.10 17:16:03.493,0.96467,0.96475,1.50,1.50
2013.07.10 17:16:03.672,0.96467,0.96478,1.50,2.07
2013.07.10 17:16:07.683,0.96468,0.96478,1.50,1.88
2013.07.10 17:16:08.320,0.96467,0.96478,1.50,1.88
2013.07.10 17:16:15.232,0.96467,0.96477,1.50,1.88
2013.07.10 17:16:15.293,0.96467,0.96477,1.50,1.13
2013.07.10 17:16:15.412,0.96465,0.96477,1.50,2.82
2013.07.10 17:16:15.472,0.96467,0.96477,1.50,2.82
2013.07.10 17:16:18.372,0.96468,0.96478,1.50,3.19
2013.07.10 17:16:18.552,0.96469,0.96479,1.50,1.13
2013.07.10 17:16:18.801,0.96471,0.96479,1.50,1.13
2013.07.10 17:16:19.471,0.96472,0.96479,1.50,1.13
2013.07.10 17:16:19.831,0.96465,0.96478,3.00,1.50
2013.07.10 17:16:20.562,0.96465,0.96478,3.00,1.50
2013.07.10 17:16:22.032,0.96469,0.96474,1.50,1.50
2013.07.10 17:16:23.180,0.96464,0.96474,1.50,3.00
2013.07.10 17:16:23.421,0.96467,0.96473,1.50,1.50
2013.07.10 17:16:23.941,0.96467,0.96472,1.50,1.50
2013.07.10 17:16:24.431,0.96464,0.96472,1.50,1.50
2013.07.10 17:16:26.812,0.9646,0.96472,5.63,1.50
2013.07.10 17:16:26.994,0.96459,0.96471,2.82,2.25
2013.07.10 17:16:27.181,0.96459,0.96469,1.69,1.50
2013.07.10 17:16:27.482,0.96459,0.96467,1.50,1.50
2013.07.10 17:16:28.033,0.96458,0.96467,1.50,1.50
2013.07.10 17:16:29.064,0.96458,0.96467,2.25,1.50
2013.07.10 17:16:29.423,0.9646,0.96468,2.25,1.50
2013.07.10 17:16:30.743,0.9646,0.96465,1.50,1.50
2013.07.10 17:16:30.985,0.96453,0.9646,1.50,1.50
2013.07.10 17:16:31.052,0.96449,0.96457,2.25,1.50
2013.07.10 17:16:31.354,0.96446,0.96453,1.13,1.50
2013.07.10 17:16:31.422,0.96445,0.96453,2.29,1.50
2013.07.10 17:16:31.993,0.96445,0.96452,1.50,1.50
2013.07.10 17:16:32.543,0.96443,0.96452,2.25,1.50
2013.07.10 17:16:37.072,0.96443,0.9645,2.25,1.50
2013.07.10 17:16:37.612,0.96443,0.9645,1.50,1.50
2013.07.10 17:16:38.442,0.9644,0.9645,1.50,1.50
2013.07.10 17:16:46.272,0.9644,0.96451,1.35,1.50
2013.07.10 17:16:46.993,0.9644,0.96451,1.69,1.50
2013.07.10 17:16:47.352,0.96443,0.96452,1.50,2.25
2013.07.10 17:16:47.472,0.96442,0.96453,6.79,1.50
2013.07.10 17:16:47.652,0.96444,0.96456,1.50,1.50
2013.07.10 17:16:47.772,0.96445,0.96456,1.35,1.50
2013.07.10 17:16:47.831,0.96445,0.96458,1.35,1.50
2013.07.10 17:16:48.371,0.96449,0.96459,1.35,1.50
2013.07.10 17:16:49.822,0.96449,0.96459,1.35,1.50
2013.07.10 17:16:50.254,0.96449,0.96462,2.10,1.50
2013.07.10 17:16:51.772,0.96449,0.9646,1.50,1.50
2013.07.10 17:16:51.892,0.96449,0.96461,2.10,1.88
2013.07.10 17:16:51.952,0.96448,0.96455,3.42,1.50
2013.07.10 17:16:52.192,0.96449,0.96461,1.35,3.00
2013.07.10 17:16:52.742,0.96449,0.96461,1.35,1.50
2013.07.10 17:16:53.662,0.9645,0.96462,2.25,2.25
2013.07.10 17:16:53.721,0.9645,0.96464,3.38,3.75
2013.07.10 17:16:54.261,0.96451,0.96464,3.00,1.50
2013.07.10 17:17:01.071,0.96454,0.96466,1.50,3.00
2013.07.10 17:17:01.132,0.96454,0.96467,1.88,1.50
2013.07.10 17:17:01.252,0.96457,0.96469,1.50,3.19
2013.07.10 17:17:02.968,0.96457,0.9647,1.50,1.50
2013.07.10 17:17:03.293,0.96456,0.96465,1.50,4.91
2013.07.10 17:17:03.472,0.96453,0.96464,1.50,3.38
2013.07.10 17:17:03.652,0.96452,0.96463,1.50,3.00
2013.07.10 17:17:04.141,0.96449,0.96462,1.50,3.00
2013.07.10 17:17:04.785,0.96449,0.96462,2.25,1.50
2013.07.10 17:17:05.934,0.96449,0.96461,2.25,1.50
2013.07.10 17:17:06.356,0.96447,0.9646,1.50,1.50
2013.07.10 17:17:06.901,0.96446,0.96459,1.50,1.50
2013.07.10 17:17:09.581,0.96446,0.96459,2.48,1.50
2013.07.10 17:17:10.061,0.96449,0.96462,1.50,2.44
2013.07.10 17:17:13.970,0.96449,0.96462,4.54,1.50
2013.07.10 17:17:14.472,0.96454,0.96463,1.35,1.50
2013.07.10 17:17:14.711,0.96455,0.96467,1.50,1.88
2013.07.10 17:17:14.771,0.96453,0.96465,1.50,1.50
2013.07.10 17:17:17.392,0.96452,0.96465,1.50,1.50
2013.07.10 17:17:21.432,0.96454,0.96467,1.50,1.50
2013.07.10 17:17:21.611,0.96452,0.96465,3.00,1.50
2013.07.10 17:17:21.846,0.96455,0.96468,1.50,1.69
2013.07.10 17:17:22.351,0.96455,0.96468,1.50,1.69
2013.07.10 17:17:23.172,0.96455,0.96467,1.50,1.50
2013.07.10 17:17:23.292,0.96454,0.96465,1.50,6.19
2013.07.10 17:17:23.832,0.96454,0.96464,1.50,1.50
2013.07.10 17:17:24.312,0.96454,0.96462,1.13,1.50
2013.07.10 17:17:24.853,0.96455,0.96462,1.50,1.50
2013.07.10 17:17:25.703,0.96455,0.96462,2.25,1.50
2013.07.10 17:17:26.640,0.96455,0.96464,3.00,2.25
2013.07.10 17:17:26.713,0.96455,0.96466,3.00,1.50
2013.07.10 17:17:27.275,0.96456,0.96468,1.50,2.25
2013.07.10 17:17:27.338,0.96456,0.9647,2.25,2.44
2013.07.10 17:17:30.015,0.96457,0.9647,1.50,2.44
2013.07.10 17:17:31.445,0.96458,0.9647,1.50,1.50
2013.07.10 17:17:37.235,0.96457,0.96469,1.50,1.13
2013.07.10 17:17:37.482,0.96456,0.96467,1.50,1.50
2013.07.10 17:17:37.602,0.96454,0.96467,2.25,1.50
2013.07.10 17:17:40.801,0.96455,0.96469,1.50,2.63
2013.07.10 17:17:44.104,0.96455,0.96468,3.00,6.19
2013.07.10 17:17:44.641,0.96455,0.96467,3.00,1.69
2013.07.10 17:17:45.063,0.96455,0.96466,2.25,1.50
2013.07.10 17:17:45.622,0.96458,0.96471,1.50,1.50
2013.07.10 17:17:48.332,0.9646,0.96471,1.50,1.50
2013.07.10 17:17:48.512,0.9646,0.96472,2.25,1.50
2013.07.10 17:17:48.752,0.96461,0.96474,2.25,1.88
2013.07.10 17:17:49.292,0.96462,0.96475,1.50,3.00
2013.07.10 17:17:49.772,0.96465,0.96475,1.50,2.25
2013.07.10 17:17:49.831,0.96465,0.96478,1.50,2.82
2013.07.10 17:17:50.561,0.96464,0.96477,1.50,1.69
2013.07.10 17:17:57.163,0.96465,0.96478,1.50,1.88
2013.07.10 17:17:57.282,0.96464,0.96478,1.50,1.88
2013.07.10 17:18:15.742,0.96465,0.96478,1.50,1.50
2013.07.10 17:18:21.684,0.96466,0.96479,1.50,1.50
2013.07.10 17:18:22.221,0.96467,0.9648,1.50,2.25
2013.07.10 17:18:27.762,0.96471,0.96481,1.13,1.88
2013.07.10 17:18:27.882,0.96469,0.96482,4.13,1.50
2013.07.10 17:18:28.422,0.96469,0.96483,5.30,1.69
2013.07.10 17:18:28.723,0.96471,0.96483,1.50,1.69
2013.07.10 17:18:29.263,0.96472,0.96485,2.25,3.94
2013.07.10 17:18:30.843,0.96473,0.96485,1.88,3.19
2013.07.10 17:18:30.903,0.96475,0.96486,1.13,1.50
2013.07.10 17:18:31.022,0.96475,0.96488,1.88,4.13
2013.07.10 17:18:31.564,0.96476,0.96489,2.25,1.50
2013.07.10 17:18:32.141,0.96477,0.9649,3.78,1.50
2013.07.10 17:18:32.322,0.96479,0.96492,1.50,4.13
2013.07.10 17:18:32.862,0.96479,0.96492,1.50,1.13
2013.07.10 17:18:44.763,0.9648,0.96493,1.50,1.50
2013.07.10 17:18:45.281,0.96479,0.96493,3.00,1.50
2013.07.10 17:18:52.671,0.9648,0.96493,1.50,1.50
2013.07.10 17:18:55.482,0.9648,0.96494,1.50,4.50
2013.07.10 17:19:07.442,0.9648,0.96492,1.50,1.50
2013.07.10 17:19:07.622,0.96478,0.96491,2.25,2.25
2013.07.10 17:19:10.302,0.96479,0.96493,1.50,2.63
2013.07.10 17:19:11.422,0.96481,0.96493,1.88,1.50
2013.07.10 17:19:11.602,0.96481,0.96495,4.35,2.25
2013.07.10 17:19:11.662,0.96481,0.96493,2.25,1.50
2013.07.10 17:19:12.022,0.96484,0.96496,1.35,2.63
2013.07.10 17:19:12.384,0.96481,0.96494,2.25,1.50
2013.07.10 17:19:14.333,0.9648,0.96493,1.50,1.13
2013.07.10 17:19:14.452,0.96479,0.96492,1.50,1.88
2013.07.10 17:19:15.411,0.96479,0.96493,1.50,1.50
2013.07.10 17:19:16.611,0.96479,0.96492,1.13,1.50
2013.07.10 17:19:18.163,0.96479,0.96493,1.50,1.50
2013.07.10 17:19:19.382,0.96476,0.9649,3.19,1.50
2013.07.10 17:19:19.922,0.96477,0.9649,2.44,1.50
2013.07.10 17:19:20.593,0.96477,0.96487,1.50,1.88
2013.07.10 17:19:20.656,0.96474,0.96485,2.25,1.50
2013.07.10 17:19:20.842,0.96472,0.96485,3.00,1.50
2013.07.10 17:19:21.382,0.96472,0.96484,1.50,1.50
2013.07.10 17:19:21.982,0.96471,0.96484,2.07,1.88
2013.07.10 17:19:22.163,0.96471,0.96484,1.88,1.88
2013.07.10 17:19:24.083,0.96472,0.96484,1.50,1.13
2013.07.10 17:19:26.092,0.96472,0.96485,1.50,1.50
2013.07.10 17:19:26.452,0.96475,0.96488,2.25,2.25
2013.07.10 17:19:26.992,0.96478,0.96491,1.50,3.75
2013.07.10 17:19:27.352,0.9648,0.96491,1.50,3.00
2013.07.10 17:19:27.593,0.96478,0.96489,1.50,1.13
2013.07.10 17:19:27.652,0.96476,0.96489,1.13,2.63
2013.07.10 17:19:28.872,0.96475,0.96488,1.50,2.63
2013.07.10 17:19:29.232,0.96475,0.96488,1.50,2.63
2013.07.10 17:19:30.333,0.96475,0.96488,1.50,1.50
2013.07.10 17:19:30.873,0.96476,0.96488,1.50,1.50
2013.07.10 17:19:31.965,0.96473,0.96486,2.25,1.13
2013.07.10 17:19:32.512,0.96474,0.96486,1.50,1.13
2013.07.10 17:19:32.962,0.96476,0.96488,1.50,3.19
2013.07.10 17:19:33.552,0.96476,0.96487,1.50,1.32
2013.07.10 17:19:33.793,0.96476,0.96486,1.50,1.50
2013.07.10 17:19:34.323,0.96476,0.96487,1.50,1.13
2013.07.10 17:19:36.254,0.96477,0.96489,1.50,4.88
2013.07.10 17:19:36.803,0.96477,0.96489,1.50,1.50
2013.07.10 17:19:37.102,0.96477,0.96489,3.75,1.50
2013.07.10 17:19:37.465,0.96476,0.96488,3.00,2.82
2013.07.10 17:19:37.533,0.96475,0.96488,1.50,3.57
2013.07.10 17:19:38.593,0.96482,0.96487,1.50,1.32
2013.07.10 17:19:38.775,0.96483,0.96491,1.50,1.69
2013.07.10 17:19:38.955,0.96482,0.96494,1.50,2.07
2013.07.10 17:19:39.144,0.96484,0.96494,1.50,2.07
2013.07.10 17:19:39.743,0.96484,0.96496,1.50,2.82
2013.07.10 17:19:40.815,0.96484,0.96494,1.50,1.69
2013.07.10 17:19:40.942,0.96478,0.96491,1.50,1.13
2013.07.10 17:19:41.525,0.96477,0.96491,2.63,1.50
2013.07.10 17:19:42.194,0.96478,0.96492,2.25,2.82
2013.07.10 17:19:42.553,0.96475,0.96486,2.25,1.88
2013.07.10 17:19:42.732,0.96475,0.96486,2.25,1.50
2013.07.10 17:19:43.272,0.96475,0.96488,2.25,1.88
2013.07.10 17:19:47.862,0.96476,0.96488,1.50,4.32
2013.07.10 17:19:51.362,0.96476,0.96485,1.50,2.63
2013.07.10 17:19:51.724,0.9647,0.9648,3.00,6.00
2013.07.10 17:19:52.024,0.96473,0.96484,1.50,2.25
2013.07.10 17:19:52.552,0.96475,0.96485,1.50,2.25
2013.07.10 17:19:52.995,0.96475,0.96487,1.50,2.07
2013.07.10 17:19:54.234,0.96474,0.96487,1.50,2.07
2013.07.10 17:19:56.632,0.96474,0.96481,1.50,1.13
2013.07.10 17:19:56.753,0.96467,0.96477,2.25,1.50
2013.07.10 17:19:56.814,0.96466,0.96478,2.63,1.50
2013.07.10 17:19:57.054,0.96466,0.96479,1.88,1.50
2013.07.10 17:19:57.175,0.96465,0.96477,2.25,1.50
2013.07.10 17:19:57.414,0.96466,0.9648,1.88,1.69
2013.07.10 17:19:57.654,0.96467,0.96478,1.50,1.50
2013.07.10 17:19:59.102,0.96466,0.96478,1.50,3.00
2013.07.10 17:19:59.302,0.96466,0.96476,1.50,1.50
2013.07.10 17:19:59.423,0.96463,0.96475,1.50,1.13
2013.07.10 17:20:00.323,0.96463,0.96475,1.50,1.13
2013.07.10 17:20:00.894,0.96463,0.96474,2.25,1.50
2013.07.10 17:20:01.432,0.9646,0.96473,1.50,2.63
2013.07.10 17:20:01.975,0.96465,0.96476,2.25,1.32
2013.07.10 17:20:02.042,0.96466,0.96477,1.50,2.44
2013.07.10 17:20:02.161,0.96466,0.96478,1.50,1.13
2013.07.10 17:20:03.124,0.96467,0.96479,2.25,1.88
2013.07.10 17:20:03.315,0.96469,0.96482,2.25,2.44
2013.07.10 17:20:03.443,0.96471,0.96482,1.50,1.69
2013.07.10 17:20:03.984,0.96473,0.96483,1.50,1.88
2013.07.10 17:20:04.293,0.96477,0.96483,1.50,1.50
2013.07.10 17:20:04.353,0.96477,0.9649,2.25,3.00
2013.07.10 17:20:04.473,0.96478,0.9649,2.25,1.88
2013.07.10 17:20:05.016,0.96479,0.96491,1.50,2.63
2013.07.10 17:20:05.263,0.96476,0.9649,2.63,2.25
2013.07.10 17:20:05.812,0.96476,0.96489,1.88,1.50
2013.07.10 17:20:06.353,0.96475,0.96487,1.50,1.13
2013.07.10 17:20:07.522,0.96474,0.96487,1.50,2.70
2013.07.10 17:20:07.582,0.96474,0.96487,1.50,3.38
2013.07.10 17:20:07.703,0.96473,0.96481,1.50,1.50
2013.07.10 17:20:07.762,0.96472,0.96481,1.50,1.50
2013.07.10 17:20:08.842,0.96472,0.96482,1.50,1.88
2013.07.10 17:20:09.203,0.96479,0.96486,1.50,1.50
2013.07.10 17:20:09.383,0.96479,0.9649,3.00,1.13
2013.07.10 17:20:09.562,0.96477,0.96489,2.25,1.13
2013.07.10 17:20:10.102,0.96477,0.9649,1.50,1.50
2013.07.10 17:20:11.082,0.96476,0.9649,3.00,3.00
2013.07.10 17:20:11.203,0.96476,0.96488,1.50,2.63
2013.07.10 17:20:22.033,0.96475,0.96486,1.50,2.25
2013.07.10 17:20:22.167,0.96471,0.96483,1.88,2.63
2013.07.10 17:20:24.372,0.9647,0.96483,3.00,2.25
2013.07.10 17:20:24.792,0.9647,0.96483,1.50,3.00
2013.07.10 17:20:25.332,0.9647,0.96483,2.25,1.50
2013.07.10 17:20:33.782,0.96472,0.96484,1.50,3.00
2013.07.10 17:20:33.843,0.96472,0.96486,2.25,2.63
2013.07.10 17:20:34.203,0.96475,0.96487,1.50,2.44
2013.07.10 17:20:34.323,0.96476,0.96489,1.50,3.57
2013.07.10 17:20:37.682,0.96477,0.96489,1.50,1.13
2013.07.10 17:20:38.222,0.96477,0.96491,2.25,1.50
2013.07.10 17:20:39.723,0.96482,0.96494,1.50,1.32
2013.07.10 17:20:40.263,0.96483,0.96494,1.50,1.32
2013.07.10 17:20:40.812,0.96483,0.96493,1.50,2.07
2013.07.10 17:20:45.292,0.9648,0.96493,1.50,3.38
2013.07.10 17:20:47.532,0.96481,0.96493,1.50,2.63
2013.07.10 17:20:47.653,0.96484,0.96493,1.50,1.88
2013.07.10 17:20:54.022,0.96484,0.96496,1.50,2.07
2013.07.10 17:20:54.562,0.96484,0.96496,1.50,1.32
2013.07.10 17:20:55.902,0.96484,0.96498,1.88,1.50
2013.07.10 17:20:56.023,0.96486,0.96499,1.50,1.88
2013.07.10 17:20:56.382,0.96488,0.96499,1.50,1.13
2013.07.10 17:20:56.624,0.96488,0.96502,1.50,3.38
2013.07.10 17:20:57.162,0.96489,0.96502,1.50,2.63
2013.07.10 17:20:57.943,0.96492,0.96503,2.25,1.50
2013.07.10 17:20:58.302,0.96494,0.96504,3.38,1.50
2013.07.10 17:20:58.482,0.96495,0.96507,1.69,1.50
2013.07.10 17:20:58.722,0.96497,0.9651,1.50,1.13
2013.07.10 17:20:58.963,0.965,0.96511,1.50,1.88
2013.07.10 17:20:59.322,0.96502,0.96511,1.50,1.88
2013.07.10 17:20:59.683,0.96502,0.9651,1.50,1.50
2013.07.10 17:20:59.803,0.96496,0.96509,2.44,1.88
2013.07.10 17:21:06.462,0.96497,0.96506,3.97,1.50
2013.07.10 17:21:06.523,0.96499,0.96509,3.19,1.13
2013.07.10 17:21:06.642,0.96501,0.96513,1.50,2.25
2013.07.10 17:21:06.822,0.96505,0.96515,1.50,1.13
2013.07.10 17:21:10.872,0.96506,0.96516,1.50,3.00
2013.07.10 17:21:10.932,0.96505,0.96516,1.50,3.00
2013.07.10 17:21:11.173,0.96507,0.96518,1.50,2.25
2013.07.10 17:21:11.235,0.96508,0.96521,1.50,1.50
2013.07.10 17:21:11.793,0.96508,0.96521,1.50,3.38
2013.07.10 17:21:11.973,0.96512,0.96521,1.50,2.63
2013.07.10 17:21:12.512,0.96511,0.96521,1.50,2.63
2013.07.10 17:21:14.613,0.96512,0.96521,2.25,1.32
2013.07.10 17:21:14.672,0.96513,0.96522,1.50,1.32
2013.07.10 17:21:15.212,0.96513,0.96524,1.50,4.50
2013.07.10 17:21:19.562,0.96512,0.96524,1.50,3.75
2013.07.10 17:21:22.702,0.96512,0.96523,1.50,1.88
2013.07.10 17:21:23.241,0.96512,0.96524,1.50,1.13
2013.07.10 17:21:29.162,0.96513,0.96524,2.25,1.13
2013.07.10 17:21:29.462,0.96517,0.96529,1.50,1.13
2013.07.10 17:21:29.642,0.9652,0.96532,1.50,2.63
2013.07.10 17:21:29.703,0.9652,0.96533,2.25,1.69
2013.07.10 17:21:30.123,0.96522,0.96534,1.50,2.07
2013.07.10 17:21:30.303,0.96524,0.96536,1.50,2.25
2013.07.10 17:21:30.811,0.96525,0.96536,1.50,1.50
2013.07.10 17:21:31.352,0.96524,0.96537,2.25,1.13
2013.07.10 17:21:32.182,0.96526,0.96537,2.25,1.13
2013.07.10 17:21:32.302,0.96526,0.96538,3.00,3.00
2013.07.10 17:21:32.483,0.96528,0.96539,3.00,1.13
2013.07.10 17:21:33.022,0.96529,0.9654,1.50,1.13
2013.07.10 17:21:35.345,0.9653,0.96541,1.88,2.63
2013.07.10 17:21:35.653,0.96533,0.9654,1.50,1.50
2013.07.10 17:21:36.013,0.96541,0.96546,1.50,1.50
2013.07.10 17:21:36.434,0.96537,0.96546,1.88,6.75
2013.07.10 17:21:36.563,0.96536,0.96545,1.69,1.50
2013.07.10 17:21:36.683,0.96532,0.96544,2.82,1.13
2013.07.10 17:21:37.163,0.96536,0.96546,1.50,1.88
2013.07.10 17:21:37.883,0.96531,0.96544,2.07,1.88
2013.07.10 17:21:38.125,0.96531,0.96542,1.69,1.50
2013.07.10 17:21:38.662,0.96529,0.96541,4.88,1.50
2013.07.10 17:21:39.962,0.96536,0.96542,1.50,2.25
2013.07.10 17:21:40.747,0.96533,0.96542,1.88,1.50
2013.07.10 17:21:43.273,0.96531,0.96542,1.50,1.50
2013.07.10 17:21:43.513,0.9653,0.9654,1.50,1.50
2013.07.10 17:21:43.825,0.9653,0.96538,1.50,1.50
2013.07.10 17:21:44.364,0.96528,0.96538,1.13,1.50
2013.07.10 17:21:44.723,0.96529,0.96537,1.50,1.50
2013.07.10 17:21:44.842,0.9653,0.96539,1.50,1.50
2013.07.10 17:21:45.262,0.9653,0.96539,1.50,1.50
2013.07.10 17:21:46.976,0.96531,0.96539,1.50,1.50
2013.07.10 17:21:47.047,0.96532,0.96542,1.50,1.50
2013.07.10 17:21:47.563,0.96532,0.96543,1.50,1.50
2013.07.10 17:21:48.902,0.9653,0.96543,2.25,3.38
2013.07.10 17:21:50.353,0.96528,0.96542,3.38,3.38
2013.07.10 17:21:50.482,0.96528,0.9654,1.13,2.25
2013.07.10 17:21:51.502,0.96527,0.9654,4.13,1.50
2013.07.10 17:21:51.743,0.96527,0.96539,1.13,1.50
2013.07.10 17:21:51.923,0.96525,0.96538,2.63,2.25
2013.07.10 17:21:57.582,0.96527,0.96537,2.25,1.50
2013.07.10 17:21:57.822,0.96527,0.96541,3.75,4.69
2013.07.10 17:22:00.432,0.96527,0.9654,3.00,1.69
2013.07.10 17:22:01.366,0.96527,0.96539,2.25,1.50
2013.07.10 17:22:02.762,0.96526,0.96539,3.00,1.50
2013.07.10 17:22:02.886,0.96527,0.96539,2.25,1.88
2013.07.10 17:22:03.192,0.96526,0.96537,1.50,1.50
2013.07.10 17:22:10.228,0.96524,0.96537,2.25,2.25
2013.07.10 17:22:10.414,0.96522,0.96533,2.82,1.50
2013.07.10 17:22:10.953,0.96522,0.96534,2.07,1.50
2013.07.10 17:22:11.252,0.96524,0.96537,1.50,1.88
2013.07.10 17:22:11.913,0.96523,0.96536,3.00,1.50
2013.07.10 17:22:12.333,0.96522,0.96533,2.25,1.50
2013.07.10 17:22:12.572,0.96522,0.96534,2.25,1.50
2013.07.10 17:22:12.752,0.96522,0.96533,1.50,1.50
2013.07.10 17:22:13.952,0.9652,0.96533,2.44,2.25
2013.07.10 17:22:14.132,0.9652,0.96531,1.50,1.50
2013.07.10 17:22:19.962,0.96519,0.96532,3.00,3.00
2013.07.10 17:22:20.594,0.96519,0.96532,3.75,1.50
2013.07.10 17:22:22.282,0.96521,0.96533,1.50,1.69
2013.07.10 17:22:23.002,0.96521,0.96533,1.50,1.69
2013.07.10 17:22:23.602,0.96521,0.96534,1.50,3.94
2013.07.10 17:22:23.963,0.96524,0.96535,4.50,2.25
2013.07.10 17:22:24.082,0.96526,0.96538,2.25,3.00
2013.07.10 17:22:24.143,0.96529,0.96539,2.25,2.25
2013.07.10 17:22:24.263,0.96531,0.96542,1.50,2.25
2013.07.10 17:22:24.502,0.96531,0.96543,1.50,3.00
2013.07.10 17:22:26.694,0.96531,0.96544,1.50,2.07
2013.07.10 17:22:27.672,0.96532,0.96544,2.27,2.07
2013.07.10 17:22:27.912,0.96541,0.96552,1.50,1.50
2013.07.10 17:22:28.474,0.96541,0.96554,1.50,1.50
2013.07.10 17:22:29.032,0.96543,0.96556,1.50,2.25
2013.07.10 17:22:29.573,0.96542,0.96556,2.25,3.75
2013.07.10 17:22:30.647,0.96545,0.96558,1.50,1.50
2013.07.10 17:22:30.893,0.96547,0.96559,1.50,1.13
2013.07.10 17:22:31.434,0.96547,0.96559,1.50,1.13
2013.07.10 17:22:32.763,0.96546,0.96559,2.63,4.13
2013.07.10 17:22:33.122,0.96544,0.96556,1.13,3.00
2013.07.10 17:22:33.243,0.96546,0.96559,1.50,1.13
2013.07.10 17:22:33.433,0.96547,0.9656,2.25,1.50
2013.07.10 17:22:33.984,0.96547,0.96561,1.50,2.63
2013.07.10 17:22:35.292,0.96549,0.96561,1.50,2.25
2013.07.10 17:22:35.533,0.96552,0.96563,1.50,1.50
2013.07.10 17:22:35.714,0.96554,0.96567,1.50,3.38
2013.07.10 17:22:36.253,0.96554,0.96567,1.50,1.13
2013.07.10 17:22:36.792,0.96555,0.96567,1.50,1.13
2013.07.10 17:22:37.823,0.96556,0.96567,1.50,1.88
2013.07.10 17:22:38.064,0.96551,0.96562,1.50,1.13
2013.07.10 17:22:38.602,0.96551,0.96563,1.50,1.13
2013.07.10 17:22:39.152,0.96549,0.96562,3.00,1.13
2013.07.10 17:22:39.692,0.9655,0.96562,1.50,1.13
2013.07.10 17:22:40.234,0.96549,0.96562,1.50,1.88
2013.07.10 17:22:40.775,0.9655,0.96563,1.50,1.88
2013.07.10 17:22:40.954,0.96549,0.96562,2.25,1.13
2013.07.10 17:22:41.013,0.96549,0.96559,1.50,1.13
2013.07.10 17:22:41.313,0.96541,0.96554,4.13,1.13
2013.07.10 17:22:41.373,0.96541,0.96553,2.63,1.50
2013.07.10 17:22:41.912,0.96539,0.96552,2.25,1.13
2013.07.10 17:22:42.585,0.96539,0.96551,1.50,1.50
2013.07.10 17:22:42.653,0.96539,0.96551,1.50,1.88
2013.07.10 17:22:42.954,0.96539,0.96548,1.50,2.63
2013.07.10 17:22:43.074,0.96535,0.96547,2.44,1.13
2013.07.10 17:22:43.592,0.96534,0.96547,1.50,1.88
2013.07.10 17:22:44.168,0.96535,0.96548,2.25,2.63
2013.07.10 17:22:50.942,0.96536,0.96548,1.50,2.63
2013.07.10 17:22:51.123,0.96537,0.9655,2.25,1.88
2013.07.10 17:22:51.552,0.96539,0.96551,1.50,3.00
2013.07.10 17:22:54.805,0.96539,0.96552,1.50,2.63
2013.07.10 17:22:55.342,0.96538,0.96551,1.50,1.50
2013.07.10 17:22:55.686,0.96538,0.9655,1.50,1.13
2013.07.10 17:22:55.814,0.96535,0.96547,4.32,1.13
2013.07.10 17:22:55.873,0.96535,0.96547,1.50,1.13
2013.07.10 17:22:55.934,0.96534,0.96547,2.25,2.63
2013.07.10 17:22:56.532,0.96534,0.96547,1.50,1.88
2013.07.10 17:22:57.573,0.96532,0.96543,3.19,1.13
2013.07.10 17:22:57.814,0.9653,0.96542,1.50,1.13
2013.07.10 17:23:23.632,0.96529,0.96541,1.50,3.15
2013.07.10 17:23:23.693,0.96528,0.96539,2.44,1.13
2013.07.10 17:23:23.932,0.96525,0.96537,1.13,1.50
2013.07.10 17:23:23.993,0.96524,0.96537,2.25,1.50
2013.07.10 17:23:24.613,0.96524,0.96537,1.50,1.50
2013.07.10 17:23:25.693,0.96524,0.96537,1.88,1.50
2013.07.10 17:23:25.826,0.96527,0.96539,1.50,1.13
2013.07.10 17:23:28.303,0.96527,0.96538,1.50,3.75
2013.07.10 17:23:28.422,0.96523,0.96534,1.50,1.13
2013.07.10 17:23:28.603,0.9652,0.96533,1.69,1.50
2013.07.10 17:23:30.392,0.96519,0.96532,1.50,1.88
2013.07.10 17:23:31.184,0.96519,0.96533,2.25,2.25
2013.07.10 17:23:31.962,0.96519,0.9653,1.50,2.25
2013.07.10 17:23:32.437,0.96515,0.96527,3.00,1.13
2013.07.10 17:23:32.506,0.96513,0.96524,1.50,1.50
2013.07.10 17:23:33.053,0.96512,0.96525,1.69,1.50
2013.07.10 17:23:33.622,0.96511,0.96524,2.44,1.50
2013.07.10 17:23:34.913,0.96512,0.96525,1.69,1.50
2013.07.10 17:23:35.334,0.96516,0.96525,1.50,1.50
2013.07.10 17:23:35.573,0.96517,0.9653,3.00,3.19
2013.07.10 17:23:35.752,0.96518,0.96532,1.50,1.88
2013.07.10 17:23:38.264,0.96519,0.96532,1.50,1.88
2013.07.10 17:23:44.923,0.96518,0.96532,2.25,1.88
2013.07.10 17:23:51.252,0.9652,0.96532,1.50,1.88
2013.07.10 17:23:51.553,0.96521,0.96534,2.63,2.25
2013.07.10 17:23:52.092,0.96522,0.96536,3.00,1.69
2013.07.10 17:23:54.383,0.96523,0.96537,1.50,3.38
2013.07.10 17:23:54.684,0.96525,0.96537,1.69,1.13
2013.07.10 17:23:55.134,0.96529,0.96538,1.50,1.50
2013.07.10 17:23:55.432,0.96529,0.96541,1.50,2.25
2013.07.10 17:23:56.732,0.96529,0.96542,1.50,1.88
2013.07.10 17:23:57.242,0.96529,0.96542,1.50,1.88
2013.07.10 17:24:01.013,0.96528,0.96541,1.50,1.13
2013.07.10 17:24:01.254,0.96529,0.96541,1.50,1.13
2013.07.10 17:24:01.792,0.96531,0.96543,1.50,1.88
2013.07.10 17:24:04.864,0.96531,0.96543,1.50,1.50
2013.07.10 17:24:05.186,0.96536,0.96544,1.50,3.00
2013.07.10 17:24:05.433,0.96538,0.96549,2.25,1.50
2013.07.10 17:24:05.733,0.96539,0.96549,1.50,1.50
2013.07.10 17:24:06.152,0.96539,0.96551,1.50,1.50
2013.07.10 17:24:06.213,0.96539,0.96549,1.50,1.50
2013.07.10 17:24:06.572,0.96536,0.96547,1.13,1.50
2013.07.10 17:24:08.723,0.96535,0.96547,1.69,1.50
2013.07.10 17:24:08.964,0.96532,0.96546,2.25,3.00
2013.07.10 17:24:09.502,0.96532,0.96544,1.50,1.13
2013.07.10 17:24:13.344,0.96532,0.96545,1.50,1.50
2013.07.10 17:24:13.892,0.96531,0.96544,1.88,1.13
2013.07.10 17:24:14.464,0.96532,0.96545,1.50,1.50
2013.07.10 17:24:14.595,0.96535,0.96547,1.50,1.50
2013.07.10 17:24:15.023,0.96533,0.96545,1.69,1.13
2013.07.10 17:24:15.322,0.96531,0.96544,2.25,1.13
2013.07.10 17:24:24.127,0.96533,0.96547,1.50,3.00
2013.07.10 17:24:28.012,0.96534,0.96547,3.03,1.50
2013.07.10 17:24:28.256,0.96536,0.96548,1.50,2.25
2013.07.10 17:24:28.384,0.96537,0.9655,1.50,1.50
2013.07.10 17:24:28.744,0.96539,0.96552,1.50,2.25
2013.07.10 17:24:30.274,0.96539,0.96552,1.50,3.38
2013.07.10 17:24:30.333,0.96537,0.96551,1.50,2.25
2013.07.10 17:24:30.874,0.96536,0.9655,1.88,1.50
2013.07.10 17:24:31.412,0.96537,0.96551,1.50,3.00
2013.07.10 17:24:33.992,0.96538,0.96551,1.50,1.50
2013.07.10 17:24:37.252,0.96538,0.96551,1.50,1.50
2013.07.10 17:24:38.013,0.96536,0.9655,2.07,1.50
2013.07.10 17:24:42.396,0.96538,0.96551,1.50,1.50
2013.07.10 17:24:42.970,0.96537,0.96551,2.25,2.25
2013.07.10 17:24:44.512,0.96538,0.96551,1.50,1.13
2013.07.10 17:24:49.293,0.96539,0.96551,1.50,1.13
2013.07.10 17:24:49.832,0.9654,0.96552,1.50,1.50
2013.07.10 17:24:50.454,0.96539,0.96552,1.50,2.25
2013.07.10 17:24:50.992,0.9654,0.96552,1.50,1.50
2013.07.10 17:24:51.752,0.9654,0.96553,1.50,2.63
2013.07.10 17:24:56.802,0.9654,0.96553,1.50,2.63
2013.07.10 17:24:59.763,0.9654,0.96553,1.50,2.63
2013.07.10 17:25:02.912,0.96539,0.96553,1.50,2.63
2013.07.10 17:25:03.609,0.9654,0.96553,1.50,1.88
2013.07.10 17:25:07.713,0.96542,0.96553,1.50,2.25
2013.07.10 17:25:08.072,0.96543,0.96555,1.50,2.82
2013.07.10 17:25:08.612,0.96544,0.96555,1.50,2.07
2013.07.10 17:25:12.272,0.96544,0.96556,1.50,1.50
2013.07.10 17:25:12.813,0.96545,0.96558,1.50,5.33
2013.07.10 17:25:12.872,0.96545,0.96558,1.50,2.25
2013.07.10 17:25:13.715,0.96544,0.96558,1.50,3.00
2013.07.10 17:25:14.252,0.96545,0.96558,1.50,2.25
2013.07.10 17:25:15.984,0.96544,0.96556,1.50,2.25
2013.07.10 17:25:16.163,0.96544,0.96558,2.25,3.00
2013.07.10 17:25:24.182,0.96543,0.96557,1.88,1.50
2013.07.10 17:25:24.792,0.96544,0.96558,1.50,3.94
2013.07.10 17:25:31.686,0.96544,0.96557,1.50,1.13
2013.07.10 17:25:32.233,0.96543,0.96555,1.50,1.13
2013.07.10 17:25:32.292,0.96542,0.96555,2.25,1.88
2013.07.10 17:25:33.143,0.9654,0.96554,1.50,2.25
2013.07.10 17:25:38.665,0.9654,0.96553,1.50,1.50
2013.07.10 17:25:39.633,0.9654,0.96552,1.50,1.13
2013.07.10 17:25:40.173,0.96538,0.96552,2.25,1.88
2013.07.10 17:25:48.473,0.96538,0.96552,3.00,3.19
2013.07.10 17:25:49.015,0.9654,0.96552,1.50,2.25
2013.07.10 17:25:49.133,0.96539,0.9655,2.25,2.10
2013.07.10 17:25:49.193,0.96537,0.96547,1.69,1.50
2013.07.10 17:25:49.253,0.96535,0.96546,1.50,1.50
2013.07.10 17:25:49.432,0.96533,0.96546,1.88,1.50
2013.07.10 17:25:49.934,0.96533,0.96547,2.63,2.25
2013.07.10 17:25:50.481,0.96533,0.96546,1.88,1.50
2013.07.10 17:25:51.182,0.96533,0.96546,2.25,1.13
2013.07.10 17:25:51.962,0.96533,0.96546,1.50,1.88
2013.07.10 17:25:52.382,0.96533,0.96542,2.25,2.40
2013.07.10 17:25:52.563,0.96528,0.9654,6.45,3.75
2013.07.10 17:25:52.623,0.96527,0.96538,1.50,1.88
2013.07.10 17:25:52.744,0.96526,0.96537,1.50,1.13
2013.07.10 17:25:52.863,0.96526,0.96537,1.50,4.13
2013.07.10 17:25:52.983,0.96522,0.96536,2.25,1.50
2013.07.10 17:25:53.522,0.96523,0.96537,1.50,2.63
2013.07.10 17:25:54.063,0.96523,0.96536,1.50,2.25
2013.07.10 17:25:55.705,0.96523,0.96537,1.50,2.25
2013.07.10 17:25:56.959,0.96523,0.96536,1.50,1.13
2013.07.10 17:25:57.512,0.96523,0.96537,1.50,2.25
2013.07.10 17:25:58.052,0.96523,0.96536,1.50,2.25
2013.07.10 17:26:00.103,0.96523,0.96535,1.50,1.50
2013.07.10 17:26:00.642,0.96522,0.96534,1.50,3.00
2013.07.10 17:26:01.804,0.96522,0.96533,1.50,1.13
2013.07.10 17:26:01.985,0.96519,0.9653,1.50,1.13
2013.07.10 17:26:02.163,0.96517,0.9653,1.32,1.88
2013.07.10 17:26:02.689,0.96516,0.96529,2.44,1.50
2013.07.10 17:26:03.732,0.96517,0.9653,2.63,2.63
2013.07.10 17:26:03.801,0.96519,0.96531,1.50,1.13
2013.07.10 17:26:04.117,0.96517,0.9653,1.88,1.13
2013.07.10 17:26:04.683,0.96518,0.96531,1.50,1.88
2013.07.10 17:26:10.936,0.96518,0.96531,1.50,3.00
2013.07.10 17:26:13.323,0.96517,0.9653,1.50,1.13
2013.07.10 17:26:14.033,0.96518,0.96531,1.50,3.00
2013.07.10 17:26:25.784,0.96519,0.96531,2.25,2.25
2013.07.10 17:26:26.736,0.9652,0.96533,1.50,1.13
2013.07.10 17:26:29.953,0.96519,0.96532,1.50,1.50
2013.07.10 17:26:32.232,0.96516,0.96529,1.13,1.88
2013.07.10 17:26:32.773,0.96515,0.96527,1.50,1.13
2013.07.10 17:26:34.113,0.96514,0.96527,1.50,2.63
2013.07.10 17:26:36.233,0.96515,0.96527,1.50,1.88
2013.07.10 17:26:37.222,0.96514,0.96527,1.50,1.88
2013.07.10 17:26:37.914,0.96515,0.96527,1.50,1.13
2013.07.10 17:26:38.571,0.96514,0.96527,1.50,1.88
2013.07.10 17:26:39.994,0.96512,0.96523,3.00,3.00
2013.07.10 17:26:40.295,0.96506,0.96512,2.25,4.50
2013.07.10 17:26:40.425,0.96501,0.96507,1.88,2.25
2013.07.10 17:26:40.554,0.96498,0.96505,1.69,3.00
2013.07.10 17:26:40.803,0.96496,0.96505,1.50,1.50
2013.07.10 17:26:40.923,0.96496,0.96503,1.50,1.50
2013.07.10 17:26:41.944,0.96496,0.96506,1.50,1.50
2013.07.10 17:26:43.812,0.96494,0.96507,1.88,1.50
2013.07.10 17:26:44.513,0.96495,0.96508,1.88,1.50
2013.07.10 17:26:45.275,0.96495,0.96507,1.32,1.50
2013.07.10 17:26:47.734,0.96494,0.96507,2.82,1.50
2013.07.10 17:26:48.272,0.96493,0.96506,2.63,1.50
2013.07.10 17:26:48.773,0.96493,0.96505,1.88,1.50
2013.07.10 17:26:50.217,0.96492,0.96505,3.00,1.50
2013.07.10 17:26:50.765,0.96492,0.96505,2.25,1.50
2013.07.10 17:26:51.353,0.96492,0.96505,2.25,1.50
2013.07.10 17:26:51.895,0.96492,0.96504,1.50,1.50
2013.07.10 17:26:52.255,0.96491,0.96503,4.13,1.50
2013.07.10 17:26:52.444,0.9649,0.96503,2.44,1.50
2013.07.10 17:26:55.093,0.9649,0.96503,1.69,1.50
2013.07.10 17:26:59.352,0.96491,0.96503,1.50,1.50
2013.07.10 17:26:59.533,0.96491,0.96504,1.50,1.13
2013.07.10 17:27:00.074,0.96491,0.96504,1.69,1.88
2013.07.10 17:27:00.613,0.96492,0.96505,1.50,1.50
2013.07.10 17:27:06.763,0.96492,0.96504,1.50,1.50
2013.07.10 17:27:07.282,0.96492,0.96505,2.25,1.50
2013.07.10 17:27:08.123,0.96492,0.96505,2.25,1.50
2013.07.10 17:27:08.363,0.96492,0.96504,1.50,1.13
2013.07.10 17:27:09.473,0.96491,0.96504,3.75,1.13
2013.07.10 17:27:12.098,0.96491,0.96503,3.00,1.50
2013.07.10 17:27:12.284,0.9649,0.965,1.88,2.25
2013.07.10 17:27:12.463,0.96485,0.96497,2.44,2.25
2013.07.10 17:27:12.643,0.96483,0.96496,3.00,2.25
2013.07.10 17:27:13.186,0.96483,0.96495,2.25,1.50
2013.07.10 17:27:13.553,0.96482,0.96494,1.50,1.88
2013.07.10 17:27:13.614,0.96482,0.96494,1.50,1.88
2013.07.10 17:27:13.733,0.96481,0.96493,2.63,1.50
2013.07.10 17:27:14.873,0.96481,0.96492,1.50,1.50
2013.07.10 17:27:15.379,0.9648,0.96493,1.50,1.69
2013.07.10 17:27:16.174,0.9648,0.96492,1.50,2.25
2013.07.10 17:27:16.293,0.96479,0.96491,1.50,1.13
2013.07.10 17:27:16.354,0.96478,0.96491,1.88,3.00
2013.07.10 17:27:16.895,0.96476,0.96489,2.63,1.50
2013.07.10 17:27:17.132,0.96478,0.96491,1.88,1.13
2013.07.10 17:27:17.492,0.96479,0.96491,1.50,1.13
2013.07.10 17:27:18.033,0.9648,0.96493,1.50,1.69
2013.07.10 17:27:18.093,0.9648,0.96493,1.50,1.69
2013.07.10 17:27:20.095,0.9648,0.96493,1.88,1.50
2013.07.10 17:27:20.156,0.9648,0.96493,1.88,1.50
2013.07.10 17:27:21.274,0.9648,0.96493,1.88,1.50
2013.07.10 17:27:21.455,0.96483,0.96495,1.50,1.13
2013.07.10 17:27:21.635,0.96483,0.96496,2.25,2.63
2013.07.10 17:27:22.354,0.96483,0.96496,1.88,1.88
2013.07.10 17:27:22.894,0.96484,0.96497,2.25,1.32
2013.07.10 17:27:23.194,0.96486,0.96498,1.50,1.50
2013.07.10 17:27:23.373,0.96487,0.96499,1.50,1.88
2013.07.10 17:27:23.913,0.96487,0.96499,2.30,1.50
2013.07.10 17:27:23.973,0.96489,0.96501,1.50,1.88
2013.07.10 17:27:24.492,0.96489,0.96502,1.50,1.32
2013.07.10 17:27:26.973,0.96491,0.96505,1.50,1.50
2013.07.10 17:27:27.694,0.96492,0.96506,2.25,2.63
2013.07.10 17:27:28.473,0.96492,0.96506,3.75,2.63
2013.07.10 17:27:28.772,0.96493,0.96506,1.50,1.88
2013.07.10 17:27:29.514,0.96492,0.96506,2.25,1.88
2013.07.10 17:27:30.252,0.96492,0.96506,3.75,1.50
2013.07.10 17:27:30.773,0.96492,0.96506,2.25,1.50
2013.07.10 17:27:31.472,0.96493,0.96507,1.50,2.07
2013.07.10 17:27:31.903,0.96492,0.96505,2.25,1.13
2013.07.10 17:27:32.323,0.96494,0.96508,1.50,3.00
2013.07.10 17:27:32.383,0.96495,0.96508,1.50,1.50
2013.07.10 17:27:39.766,0.96496,0.96509,2.25,1.88
2013.07.10 17:27:40.111,0.96504,0.9651,2.25,1.50
2013.07.10 17:27:40.456,0.96505,0.96513,1.69,1.50
2013.07.10 17:27:40.825,0.96506,0.96514,1.69,2.25
2013.07.10 17:27:40.895,0.96506,0.96517,3.23,1.50
2013.07.10 17:27:41.073,0.96506,0.96519,3.98,1.50
2013.07.10 17:27:41.254,0.96508,0.96522,1.88,2.07
2013.07.10 17:27:41.613,0.96508,0.96521,1.88,2.82
2013.07.10 17:27:41.793,0.96508,0.96521,1.88,2.25
2013.07.10 17:27:42.033,0.96509,0.96522,1.50,1.13
2013.07.10 17:27:42.273,0.96508,0.9652,1.13,1.13
2013.07.10 17:27:42.816,0.96508,0.96521,1.88,2.63
2013.07.10 17:27:46.914,0.96507,0.9652,3.75,1.13
2013.07.10 17:27:48.412,0.96508,0.96521,1.50,2.63
2013.07.10 17:27:50.303,0.96508,0.96521,2.63,2.25
2013.07.10 17:27:50.423,0.96509,0.96523,2.25,2.25
2013.07.10 17:27:51.084,0.9651,0.96523,1.50,1.50
2013.07.10 17:28:00.883,0.96511,0.96524,2.63,1.13
2013.07.10 17:28:02.093,0.96512,0.96525,1.50,1.13
2013.07.10 17:28:22.647,0.96513,0.96527,1.50,1.88
2013.07.10 17:28:37.065,0.96514,0.96527,3.02,1.50
2013.07.10 17:28:37.193,0.96516,0.96529,1.13,1.50
2013.07.10 17:28:37.313,0.96518,0.96531,1.50,3.75
2013.07.10 17:28:38.263,0.96517,0.9653,1.50,1.50
2013.07.10 17:28:38.802,0.96518,0.9653,1.50,1.13
2013.07.10 17:28:39.164,0.9652,0.96531,1.50,2.25
2013.07.10 17:28:40.113,0.96519,0.96531,1.50,2.25
2013.07.10 17:28:40.773,0.9652,0.96531,1.50,2.25
2013.07.10 17:28:41.014,0.96521,0.96533,1.50,1.50
2013.07.10 17:28:41.193,0.96522,0.96535,3.75,2.25
2013.07.10 17:28:41.253,0.96525,0.96536,1.50,1.50
2013.07.10 17:28:41.554,0.96529,0.96541,1.50,1.50
2013.07.10 17:28:51.775,0.96529,0.96542,1.50,1.69
2013.07.10 17:28:54.135,0.9653,0.96543,1.50,8.07
2013.07.10 17:28:54.673,0.96529,0.96543,1.50,4.88
2013.07.10 17:28:57.002,0.9653,0.96543,1.50,4.88
2013.07.10 17:29:00.013,0.9653,0.96543,1.50,2.63
2013.07.10 17:29:00.612,0.96529,0.96543,3.00,3.38
2013.07.10 17:29:02.163,0.96529,0.96543,1.50,3.38
2013.07.10 17:29:06.133,0.96529,0.96542,1.50,3.00
2013.07.10 17:29:10.153,0.9653,0.96542,1.50,2.25
2013.07.10 17:29:10.216,0.96531,0.96543,1.50,3.00
2013.07.10 17:29:12.613,0.96529,0.96543,2.07,1.50
2013.07.10 17:29:24.423,0.96529,0.96543,3.75,1.88
2013.07.10 17:29:24.983,0.96529,0.96543,2.25,1.88
2013.07.10 17:29:36.603,0.96528,0.96542,1.50,2.25
2013.07.10 17:29:37.023,0.96527,0.96541,1.50,3.00
2013.07.10 17:29:37.083,0.96527,0.96541,2.25,1.50
2013.07.10 17:29:37.720,0.96526,0.9654,4.50,1.50
2013.07.10 17:29:38.272,0.96528,0.96542,1.50,2.25
2013.07.10 17:29:39.513,0.96528,0.9654,1.50,1.13
2013.07.10 17:29:39.814,0.96526,0.96533,1.50,1.88
2013.07.10 17:29:39.933,0.9652,0.96533,3.19,1.88
2013.07.10 17:29:40.114,0.96519,0.96532,3.94,1.50
2013.07.10 17:29:41.213,0.96519,0.96531,3.19,1.50
2013.07.10 17:29:41.453,0.96518,0.9653,1.50,1.50
2013.07.10 17:29:46.073,0.96519,0.96531,1.50,2.25
2013.07.10 17:29:46.373,0.9652,0.96533,1.50,1.88
2013.07.10 17:30:02.115,0.9652,0.96533,3.00,1.32
2013.07.10 17:30:02.476,0.96517,0.96529,2.44,1.50
2013.07.10 17:30:03.023,0.96517,0.9653,3.19,1.50
2013.07.10 17:30:03.333,0.96516,0.9653,2.25,1.50
2013.07.10 17:30:03.873,0.96515,0.96529,2.63,1.50
2013.07.10 17:30:04.422,0.96515,0.96528,1.88,1.50
2013.07.10 17:30:05.024,0.96514,0.96527,1.50,1.50
2013.07.10 17:30:05.704,0.96513,0.96525,1.50,1.13
2013.07.10 17:30:05.823,0.96513,0.96524,3.00,1.88
2013.07.10 17:30:05.945,0.96513,0.96524,1.50,1.50
2013.07.10 17:30:06.004,0.9651,0.96523,1.50,2.25
2013.07.10 17:30:06.305,0.96508,0.9652,1.13,1.13
2013.07.10 17:30:06.813,0.96508,0.96522,1.88,1.50
2013.07.10 17:30:07.967,0.96509,0.96522,1.50,1.50
2013.07.10 17:30:08.038,0.96511,0.96524,1.50,3.19
2013.07.10 17:30:08.343,0.96509,0.96523,1.50,1.88
2013.07.10 17:30:12.742,0.96509,0.96522,1.50,1.50
2013.07.10 17:30:13.045,0.96505,0.9651,2.25,1.13
2013.07.10 17:30:13.116,0.96507,0.96512,1.50,2.25
2013.07.10 17:30:13.304,0.96506,0.96511,2.25,1.13
2013.07.10 17:30:13.545,0.96503,0.96513,1.50,4.13
2013.07.10 17:30:14.033,0.96501,0.96513,1.50,3.38
2013.07.10 17:30:14.273,0.965,0.96511,2.25,2.25
2013.07.10 17:30:14.334,0.96495,0.96509,3.19,1.50
2013.07.10 17:30:14.873,0.96496,0.9651,1.50,1.50
2013.07.10 17:30:15.890,0.96498,0.96512,1.50,3.75
2013.07.10 17:30:16.522,0.96498,0.96512,1.50,2.25
2013.07.10 17:30:17.063,0.96499,0.96513,2.25,2.44
2013.07.10 17:30:17.183,0.96501,0.96514,1.50,2.44
2013.07.10 17:30:17.723,0.96501,0.96514,1.50,1.69
2013.07.10 17:30:22.178,0.96501,0.96515,1.50,1.50
2013.07.10 17:30:23.174,0.96501,0.96514,2.25,1.13
2013.07.10 17:30:23.712,0.965,0.96513,1.69,1.13
2013.07.10 17:30:24.485,0.96502,0.96514,1.50,3.00
2013.07.10 17:30:24.614,0.96501,0.96514,3.00,3.00
2013.07.10 17:30:25.033,0.96502,0.96515,2.25,2.63
2013.07.10 17:30:25.573,0.96502,0.96515,1.50,3.75
2013.07.10 17:30:25.933,0.96497,0.9651,3.94,1.13
2013.07.10 17:30:26.415,0.96499,0.96511,1.50,1.88
2013.07.10 17:30:26.954,0.96498,0.96511,1.50,3.38
2013.07.10 17:30:27.255,0.96493,0.96504,2.44,1.13
2013.07.10 17:30:28.153,0.96493,0.96505,2.44,2.63
2013.07.10 17:30:28.514,0.96495,0.96507,2.25,3.75
2013.07.10 17:30:28.574,0.96495,0.96508,2.25,1.50
2013.07.10 17:30:28.753,0.96498,0.96506,1.50,1.13
2013.07.10 17:30:28.933,0.96494,0.96506,1.69,1.13
2013.07.10 17:30:29.514,0.96493,0.96505,2.44,2.63
2013.07.10 17:30:30.176,0.96493,0.96505,2.25,1.50
2013.07.10 17:30:30.294,0.96493,0.96506,2.25,1.50
2013.07.10 17:30:30.713,0.96493,0.96505,2.25,2.25
2013.07.10 17:30:32.924,0.96497,0.96505,2.25,1.50
2013.07.10 17:30:33.044,0.96499,0.96508,1.13,1.50
2013.07.10 17:30:33.103,0.96499,0.9651,1.13,1.50
2013.07.10 17:30:34.426,0.96499,0.96511,1.50,2.25
2013.07.10 17:30:34.975,0.965,0.96513,1.50,1.88
2013.07.10 17:30:35.525,0.96504,0.96513,1.50,1.50
2013.07.10 17:30:35.643,0.96503,0.96515,3.08,1.88
2013.07.10 17:30:36.424,0.96506,0.96519,1.50,1.50
2013.07.10 17:30:36.843,0.96505,0.96518,1.88,3.75
2013.07.10 17:30:37.083,0.96506,0.96519,4.55,1.50
2013.07.10 17:30:37.623,0.96507,0.9652,1.50,1.50
2013.07.10 17:30:38.851,0.96507,0.96519,2.25,2.25
2013.07.10 17:30:39.035,0.96505,0.96517,1.50,1.50
2013.07.10 17:30:39.583,0.96504,0.96517,1.50,1.50
2013.07.10 17:30:40.404,0.96504,0.96517,2.25,1.50
2013.07.10 17:30:40.773,0.96507,0.9652,1.50,1.50
2013.07.10 17:30:41.983,0.96508,0.96521,1.50,1.50
2013.07.10 17:30:42.564,0.96507,0.96521,1.88,2.25
2013.07.10 17:30:43.504,0.96508,0.96522,2.25,2.44
2013.07.10 17:30:44.076,0.96509,0.96522,1.50,1.69
2013.07.10 17:30:45.983,0.96508,0.9652,1.50,1.13
2013.07.10 17:30:46.525,0.96507,0.9652,2.25,1.13
2013.07.10 17:31:01.133,0.96508,0.96521,1.50,1.88
2013.07.10 17:31:01.685,0.96507,0.9652,1.50,1.13
2013.07.10 17:31:09.142,0.96508,0.96521,1.50,2.63
2013.07.10 17:31:23.883,0.96508,0.96522,1.50,2.25
2013.07.10 17:31:27.003,0.96508,0.96521,1.50,2.63
2013.07.10 17:31:28.494,0.9651,0.96522,1.50,3.00
2013.07.10 17:31:29.043,0.96509,0.96522,1.50,1.50
2013.07.10 17:31:32.013,0.9651,0.96523,1.50,4.88
2013.07.10 17:31:32.835,0.96509,0.96522,1.50,1.50
2013.07.10 17:31:35.353,0.96509,0.96523,3.00,4.13
2013.07.10 17:31:35.864,0.96509,0.96523,1.50,4.32
2013.07.10 17:31:39.603,0.96509,0.96522,1.50,1.13
2013.07.10 17:31:40.293,0.9651,0.96521,1.50,1.88
2013.07.10 17:31:40.413,0.9651,0.96523,1.50,3.57
2013.07.10 17:31:40.943,0.96509,0.96523,1.50,4.32
2013.07.10 17:31:45.093,0.96509,0.96523,3.00,4.69
2013.07.10 17:31:45.633,0.96509,0.96523,1.50,3.94
2013.07.10 17:31:46.722,0.96509,0.96523,3.00,3.94
2013.07.10 17:31:47.373,0.9651,0.96523,1.50,3.19
2013.07.10 17:31:47.949,0.9651,0.96523,1.50,3.19
2013.07.10 17:31:49.672,0.96509,0.96523,1.50,3.94
2013.07.10 17:31:50.223,0.9651,0.96523,1.50,3.19
2013.07.10 17:31:50.929,0.9651,0.96523,1.50,3.94
2013.07.10 17:31:54.133,0.96509,0.96522,1.50,1.32
2013.07.10 17:31:55.286,0.9651,0.96523,1.50,3.94
2013.07.10 17:31:55.804,0.96509,0.96522,1.50,1.13
2013.07.10 17:32:01.334,0.9651,0.96522,1.50,1.13
2013.07.10 17:32:05.043,0.9651,0.96524,1.50,5.25
2013.07.10 17:32:05.224,0.9651,0.96523,1.50,2.10
2013.07.10 17:32:05.585,0.96509,0.96515,2.25,1.13
2013.07.10 17:32:05.644,0.96508,0.96515,3.75,2.07
2013.07.10 17:32:06.304,0.96508,0.96515,4.50,1.32
2013.07.10 17:32:06.603,0.96507,0.96515,4.50,1.32
2013.07.10 17:32:06.724,0.96504,0.9651,2.25,1.88
2013.07.10 17:32:06.845,0.96503,0.9651,4.50,2.25
2013.07.10 17:32:07.084,0.96502,0.96508,1.50,1.50
2013.07.10 17:32:07.386,0.96499,0.96504,2.25,1.50
2013.07.10 17:32:07.694,0.96494,0.965,1.50,1.50
2013.07.10 17:32:08.054,0.96494,0.96502,6.00,3.00
2013.07.10 17:32:08.114,0.96495,0.96503,6.00,4.95
2013.07.10 17:32:08.303,0.96495,0.96501,1.50,1.88
2013.07.10 17:32:09.233,0.96488,0.96499,1.50,1.88
2013.07.10 17:32:09.425,0.96487,0.96499,1.50,2.63
2013.07.10 17:32:18.946,0.9649,0.96502,1.50,1.50
2013.07.10 17:32:20.164,0.9649,0.96502,1.50,2.25
2013.07.10 17:32:28.394,0.96489,0.96502,2.44,2.25
2013.07.10 17:32:28.513,0.96489,0.96501,2.44,1.13
2013.07.10 17:32:31.563,0.96489,0.96498,1.50,1.50
2013.07.10 17:32:32.353,0.96488,0.96498,1.50,1.50
2013.07.10 17:32:32.784,0.96488,0.96496,1.50,1.50
2013.07.10 17:32:33.536,0.96487,0.96495,2.25,1.50
2013.07.10 17:32:33.607,0.96485,0.96495,1.50,1.50
2013.07.10 17:32:35.666,0.96485,0.96491,1.50,1.50
2013.07.10 17:32:35.977,0.96484,0.96489,1.50,1.88
2013.07.10 17:32:36.164,0.96483,0.96491,1.50,3.19
2013.07.10 17:32:36.224,0.9648,0.96491,1.50,1.69
2013.07.10 17:32:36.344,0.9648,0.96489,1.50,1.50
2013.07.10 17:32:36.889,0.96479,0.96489,1.50,1.88
2013.07.10 17:32:37.554,0.96477,0.96489,1.50,2.25
2013.07.10 17:32:37.854,0.96476,0.96488,1.88,1.50
2013.07.10 17:32:38.035,0.96474,0.96487,1.88,1.88
2013.07.10 17:32:38.394,0.96471,0.96483,2.44,1.13
2013.07.10 17:32:40.436,0.96471,0.96483,1.50,4.95
2013.07.10 17:32:40.624,0.96467,0.96479,3.19,1.13
2013.07.10 17:32:41.655,0.96468,0.96481,1.69,1.50
2013.07.10 17:32:41.833,0.9647,0.96482,1.50,2.63
2013.07.10 17:32:42.263,0.9647,0.96481,1.50,1.50
2013.07.10 17:32:42.583,0.9647,0.96481,1.50,1.50
2013.07.10 17:32:43.068,0.96472,0.96481,2.25,1.50
2013.07.10 17:32:43.314,0.96472,0.96481,1.50,1.50
2013.07.10 17:32:43.434,0.9647,0.96481,1.88,3.00
2013.07.10 17:32:43.614,0.96466,0.96479,1.13,3.00
2013.07.10 17:32:43.733,0.96466,0.96476,1.13,1.50
2013.07.10 17:32:43.854,0.96464,0.96476,1.50,2.25
2013.07.10 17:32:44.457,0.96464,0.96476,2.25,1.50
2013.07.10 17:32:45.074,0.96464,0.96477,2.25,2.25
2013.07.10 17:32:45.553,0.96467,0.96478,1.13,2.25
2013.07.10 17:32:45.913,0.96468,0.96481,1.13,4.69
2013.07.10 17:32:48.379,0.9647,0.96481,1.13,2.07
2013.07.10 17:32:51.309,0.9647,0.96482,1.88,2.25
2013.07.10 17:32:51.923,0.96471,0.96482,1.50,1.50
2013.07.10 17:32:53.103,0.9647,0.96482,1.88,2.25
2013.07.10 17:32:53.622,0.9647,0.96482,1.88,1.50
2013.07.10 17:32:55.827,0.96469,0.96482,1.88,3.00
2013.07.10 17:32:56.203,0.96468,0.9648,1.13,3.00
2013.07.10 17:32:56.513,0.96468,0.9648,1.13,1.50
2013.07.10 17:32:56.873,0.96467,0.9648,2.25,2.25
2013.07.10 17:32:57.317,0.96466,0.96477,1.50,1.50
2013.07.10 17:33:00.005,0.96465,0.96477,1.50,1.50
2013.07.10 17:33:00.544,0.96465,0.96477,1.50,3.75
2013.07.10 17:33:00.904,0.96462,0.96473,1.50,2.25
2013.07.10 17:33:01.443,0.96462,0.96472,1.50,1.50
2013.07.10 17:33:01.745,0.96461,0.9647,1.50,3.00
2013.07.10 17:33:01.925,0.96458,0.96468,1.50,1.50
2013.07.10 17:33:02.063,0.96456,0.96468,2.25,1.50
2013.07.10 17:33:02.603,0.96456,0.96468,1.50,2.25
2013.07.10 17:33:02.784,0.96459,0.96468,1.50,1.50
2013.07.10 17:33:03.143,0.96461,0.9647,1.50,1.50
2013.07.10 17:33:03.996,0.96461,0.9647,1.50,3.00
2013.07.10 17:33:04.503,0.9646,0.9647,1.50,1.50
2013.07.10 17:33:04.684,0.96458,0.9647,2.63,1.50
2013.07.10 17:33:05.557,0.96459,0.96469,1.50,1.50
2013.07.10 17:33:07.533,0.96459,0.9647,3.00,1.50
2013.07.10 17:33:07.775,0.9646,0.96472,3.00,1.50
2013.07.10 17:33:07.834,0.96462,0.96472,1.50,1.50
2013.07.10 17:33:08.373,0.96461,0.96472,2.25,1.50
2013.07.10 17:33:09.975,0.96462,0.96473,1.50,1.69
2013.07.10 17:33:10.967,0.96462,0.96473,1.50,1.69
2013.07.10 17:33:11.274,0.96463,0.96474,1.88,2.25
2013.07.10 17:33:12.944,0.96462,0.96474,2.25,3.75
2013.07.10 17:33:13.423,0.96462,0.96472,1.50,1.50
2013.07.10 17:33:13.663,0.96462,0.96474,1.50,1.50
2013.07.10 17:33:28.643,0.96459,0.9647,1.50,1.50
2013.07.10 17:33:28.953,0.9646,0.9647,3.00,1.50
2013.07.10 17:33:29.275,0.96461,0.96472,1.50,1.88
2013.07.10 17:33:29.784,0.9646,0.96472,1.50,1.88
2013.07.10 17:33:33.163,0.96461,0.96473,1.50,4.13
2013.07.10 17:33:37.404,0.96462,0.96473,2.25,1.13
2013.07.10 17:33:43.273,0.96462,0.96473,2.25,1.13
2013.07.10 17:33:46.104,0.9646,0.96472,2.44,1.88
2013.07.10 17:33:48.284,0.96461,0.96472,1.50,1.13
2013.07.10 17:33:49.766,0.96461,0.96472,1.50,1.13
2013.07.10 17:33:50.324,0.96461,0.96472,2.25,1.13
2013.07.10 17:33:50.883,0.96461,0.96472,1.50,1.13
2013.07.10 17:33:51.734,0.96459,0.96471,1.50,2.25
2013.07.10 17:33:52.274,0.96457,0.96469,1.50,1.13
2013.07.10 17:33:53.716,0.96457,0.96469,3.00,1.13
2013.07.10 17:33:54.264,0.96457,0.96469,2.25,2.63
2013.07.10 17:33:54.800,0.96457,0.96469,1.50,2.63
2013.07.10 17:33:54.864,0.96456,0.96468,2.25,1.13
2013.07.10 17:33:55.404,0.96455,0.96468,3.00,2.63
2013.07.10 17:33:55.914,0.96455,0.96466,1.50,2.07
2013.07.10 17:33:56.634,0.96453,0.96465,1.50,2.25
2013.07.10 17:33:56.913,0.96454,0.96466,1.50,2.07
2013.07.10 17:33:57.423,0.96454,0.96465,2.25,1.13
2013.07.10 17:33:57.544,0.96454,0.96465,1.50,1.13
2013.07.10 17:33:57.844,0.96456,0.96466,1.50,1.88
2013.07.10 17:33:58.403,0.96456,0.96467,1.50,2.25
2013.07.10 17:34:02.851,0.96456,0.96467,1.50,1.88
2013.07.10 17:34:03.354,0.96456,0.96467,1.50,2.25
2013.07.10 17:34:05.453,0.96456,0.96468,2.25,2.25
2013.07.10 17:34:07.133,0.96457,0.96469,1.50,6.00
2013.07.10 17:34:08.344,0.96457,0.96469,2.25,4.50
2013.07.10 17:34:10.263,0.96457,0.96468,1.50,1.13
2013.07.10 17:34:11.743,0.96456,0.96468,1.50,1.50
2013.07.10 17:34:11.804,0.96454,0.96467,1.50,1.50
2013.07.10 17:34:12.343,0.96453,0.96465,2.25,2.07
2013.07.10 17:34:12.403,0.96455,0.96465,1.50,2.07
2013.07.10 17:34:13.233,0.96455,0.96465,1.50,2.07
2013.07.10 17:34:14.165,0.96454,0.96464,1.50,1.88
2013.07.10 17:34:14.223,0.96453,0.96464,1.50,1.88
2013.07.10 17:34:14.583,0.96454,0.96464,1.50,1.88
2013.07.10 17:34:15.373,0.96453,0.96464,2.25,1.88
2013.07.10 17:34:15.914,0.96454,0.96464,1.50,1.88
2013.07.10 17:34:16.858,0.96454,0.96465,1.50,2.07
2013.07.10 17:34:33.144,0.96454,0.96465,1.50,1.50
2013.07.10 17:34:33.744,0.96455,0.96467,3.00,3.38
2013.07.10 17:34:33.927,0.96457,0.96468,1.50,1.50
2013.07.10 17:34:34.432,0.96456,0.96469,1.88,1.88
2013.07.10 17:34:47.184,0.96457,0.9647,1.13,1.69
2013.07.10 17:34:47.734,0.96458,0.96471,1.13,4.32
2013.07.10 17:34:47.794,0.96459,0.96471,1.50,2.82
2013.07.10 17:34:48.333,0.96458,0.96471,1.88,2.07
2013.07.10 17:34:48.873,0.96459,0.96471,1.50,1.32
2013.07.10 17:34:49.433,0.9646,0.96472,1.50,2.82
2013.07.10 17:34:51.463,0.96462,0.96472,1.50,2.44
2013.07.10 17:34:51.886,0.96463,0.96475,1.50,2.82
2013.07.10 17:34:52.254,0.96464,0.96475,1.50,2.07
2013.07.10 17:34:58.074,0.96465,0.96476,1.50,2.44
2013.07.10 17:34:58.633,0.96465,0.96478,1.50,4.32
2013.07.10 17:35:01.784,0.96465,0.96478,3.00,2.44
2013.07.10 17:35:02.352,0.96465,0.96478,1.50,2.25
2013.07.10 17:35:06.744,0.96466,0.96478,1.50,2.44
2013.07.10 17:35:07.283,0.96467,0.96478,2.25,1.13
2013.07.10 17:35:08.034,0.96467,0.96478,1.50,1.13
2013.07.10 17:35:09.047,0.96467,0.96478,2.41,1.13
2013.07.10 17:35:09.174,0.96468,0.96479,1.50,3.00
2013.07.10 17:35:09.294,0.96468,0.96481,1.50,3.94
2013.07.10 17:35:09.833,0.9647,0.9648,1.50,2.07
2013.07.10 17:35:13.257,0.9647,0.96482,1.50,3.75
2013.07.10 17:35:14.174,0.96471,0.96482,1.50,3.00
2013.07.10 17:35:14.354,0.96472,0.96485,1.50,3.38
2013.07.10 17:35:16.173,0.96472,0.96485,3.00,2.25
2013.07.10 17:35:16.854,0.96472,0.96484,3.00,2.63
2013.07.10 17:35:17.453,0.96472,0.96485,3.00,1.88
2013.07.10 17:35:26.085,0.96473,0.96485,1.88,1.13
2013.07.10 17:35:26.326,0.96475,0.96486,1.50,3.00
2013.07.10 17:35:29.084,0.96474,0.96486,1.50,4.13
2013.07.10 17:35:29.655,0.96474,0.96486,1.50,4.13
2013.07.10 17:35:30.215,0.96474,0.96486,1.50,3.38
2013.07.10 17:35:31.015,0.96474,0.96486,1.50,3.38
2013.07.10 17:35:31.727,0.96473,0.96486,3.38,2.63
2013.07.10 17:35:32.244,0.96473,0.96486,1.88,3.38
2013.07.10 17:35:32.775,0.96474,0.96486,1.50,4.13
2013.07.10 17:35:36.434,0.96473,0.96486,1.88,5.63
2013.07.10 17:35:38.395,0.96473,0.96486,1.88,4.50
2013.07.10 17:35:38.876,0.96473,0.96486,1.88,3.00
2013.07.10 17:35:39.416,0.96474,0.96486,1.50,2.25
2013.07.10 17:35:39.684,0.96474,0.96486,1.50,2.25
2013.07.10 17:35:39.984,0.96476,0.96486,1.50,1.88
2013.07.10 17:35:40.534,0.96475,0.96486,1.50,2.25
2013.07.10 17:35:47.374,0.96474,0.96486,1.50,2.82
2013.07.10 17:35:47.554,0.96473,0.96484,1.13,1.13
2013.07.10 17:35:56.186,0.96472,0.96486,2.25,1.50
2013.07.10 17:35:56.724,0.96473,0.96487,1.50,2.44
2013.07.10 17:36:00.675,0.96474,0.96487,1.88,1.13
2013.07.10 17:36:02.025,0.96476,0.96488,1.50,3.38
2013.07.10 17:36:02.205,0.96474,0.96487,1.50,1.13
2013.07.10 17:36:03.795,0.96474,0.96487,1.65,1.50
2013.07.10 17:36:04.726,0.96474,0.96484,2.25,1.13
2013.07.10 17:36:04.784,0.96475,0.96481,1.50,1.50
2013.07.10 17:36:04.845,0.96473,0.96481,1.50,1.50
2013.07.10 17:36:04.905,0.96472,0.96483,1.50,1.88
2013.07.10 17:36:05.085,0.96469,0.96481,1.50,2.63
2013.07.10 17:36:08.723,0.96469,0.96481,2.25,1.88
2013.07.10 17:36:19.075,0.96471,0.96481,2.25,1.88
2013.07.10 17:36:19.379,0.96474,0.96481,1.50,1.88
2013.07.10 17:36:33.976,0.96474,0.96481,1.50,1.88
2013.07.10 17:36:34.096,0.9647,0.96481,3.00,2.63
2013.07.10 17:36:34.155,0.96469,0.96478,1.88,1.13
2013.07.10 17:36:39.034,0.96468,0.96478,1.50,1.13
2013.07.10 17:36:39.095,0.96466,0.96478,1.50,1.13
2013.07.10 17:36:39.216,0.96465,0.96477,2.25,1.88
2013.07.10 17:36:39.987,0.96465,0.96477,3.00,1.13
2013.07.10 17:36:48.124,0.96465,0.96476,1.50,1.88
2013.07.10 17:36:48.635,0.96464,0.96476,3.19,2.63
2013.07.10 17:36:51.644,0.96464,0.96474,1.50,1.50
2013.07.10 17:36:51.824,0.96463,0.96476,1.69,1.50
2013.07.10 17:36:54.914,0.96464,0.96478,2.25,2.25
2013.07.10 17:36:56.324,0.96464,0.96477,3.38,1.50
2013.07.10 17:36:58.064,0.96464,0.96476,2.82,1.13
2013.07.10 17:36:58.614,0.96463,0.96474,2.07,1.88
2013.07.10 17:37:02.488,0.96462,0.96472,3.57,2.25
2013.07.10 17:37:02.617,0.96461,0.96472,2.25,2.25
2013.07.10 17:37:03.104,0.9646,0.96472,1.69,1.88
2013.07.10 17:37:03.346,0.96459,0.9647,1.69,1.50
2013.07.10 17:37:03.647,0.96461,0.96472,1.13,1.50
2013.07.10 17:37:04.208,0.96462,0.96472,1.13,1.50
2013.07.10 17:37:04.676,0.96462,0.96474,1.13,2.63
2013.07.10 17:37:05.044,0.96461,0.96473,1.50,1.50
2013.07.10 17:37:05.104,0.9646,0.96472,2.25,1.13
2013.07.10 17:37:05.465,0.9646,0.96473,1.50,2.25
2013.07.10 17:37:06.321,0.96462,0.96471,1.13,1.50
2013.07.10 17:37:06.385,0.96462,0.96474,1.13,2.63
2013.07.10 17:37:16.317,0.96462,0.96474,1.13,2.63
2013.07.10 17:37:16.924,0.96462,0.96472,1.13,2.63
2013.07.10 17:37:17.104,0.96461,0.96472,2.25,1.88
2013.07.10 17:37:17.285,0.96461,0.96471,2.25,1.50
2013.07.10 17:37:19.669,0.96459,0.9647,2.63,1.50
2013.07.10 17:37:19.925,0.96459,0.9647,2.25,1.50
2013.07.10 17:37:20.454,0.9646,0.96472,1.50,1.88
2013.07.10 17:37:22.943,0.96462,0.96473,1.13,3.75
2013.07.10 17:37:23.984,0.9646,0.96472,3.38,1.50
2013.07.10 17:37:24.544,0.96462,0.96472,1.13,1.50
2013.07.10 17:37:25.223,0.96462,0.96473,1.13,1.50
2013.07.10 17:37:34.194,0.9646,0.9647,1.13,1.50
2013.07.10 17:37:34.684,0.9646,0.96469,1.13,1.50
