2012.02.27 15:00:00.040,0.9,0.90012,1.50,1.50
2012.02.27 15:00:00.327,0.89998,0.90011,1.50,1.50
2012.02.27 15:00:00.474,0.89998,0.90008,1.50,1.50
2012.02.27 15:00:00.544,0.89996,0.90008,1.50,1.50
2012.02.27 15:00:01.065,0.89997,0.90009,1.50,3.00
2012.02.27 15:00:01.351,0.89995,0.90006,3.75,1.50
2012.02.27 15:00:01.912,0.89995,0.90007,3.00,1.50
2012.02.27 15:00:02.440,0.89995,0.90008,3.00,1.50
2012.02.27 15:00:04.439,0.89995,0.90006,3.00,1.50
2012.02.27 15:00:04.518,0.89995,0.90008,3.00,1.50
2012.02.27 15:00:04.596,0.89995,0.90006,3.00,1.50
2012.02.27 15:00:04.745,0.89995,0.90008,3.00,1.50
2012.02.27 15:00:04.826,0.89995,0.90006,3.00,1.50
2012.02.27 15:00:05.202,0.89994,0.90008,3.75,3.00
2012.02.27 15:00:05.751,0.89994,0.90006,3.75,1.50
2012.02.27 15:00:06.017,0.89994,0.90008,3.75,1.50
2012.02.27 15:00:06.105,0.89992,0.90005,3.75,1.50
2012.02.27 15:00:06.407,0.89991,0.90001,2.25,1.50
2012.02.27 15:00:06.554,0.89987,0.9,2.25,1.50
2012.02.27 15:00:06.623,0.89987,0.89998,2.25,1.50
2012.02.27 15:00:07.343,0.89987,0.89996,2.25,1.50
2012.02.27 15:00:07.550,0.89987,0.89998,2.25,1.50
2012.02.27 15:00:08.236,0.89987,0.89997,2.25,1.50
2012.02.27 15:00:08.383,0.89984,0.89996,1.50,1.50
2012.02.27 15:00:08.529,0.89987,0.89999,2.25,3.00
2012.02.27 15:00:08.610,0.89987,0.90001,3.75,1.88
2012.02.27 15:00:09.282,0.89987,0.89998,2.25,1.50
2012.02.27 15:00:09.356,0.89987,0.9,2.25,1.50
2012.02.27 15:00:09.513,0.89991,0.9,1.50,1.50
2012.02.27 15:00:09.658,0.89992,0.90006,1.50,6.19
2012.02.27 15:00:09.735,0.89991,0.90003,1.50,1.50
2012.02.27 15:00:09.959,0.89988,0.90002,4.88,1.50
2012.02.27 15:00:10.105,0.89989,0.9,1.50,1.50
2012.02.27 15:00:10.477,0.89988,0.89998,1.13,1.50
2012.02.27 15:00:10.832,0.89989,0.90001,2.25,1.50
2012.02.27 15:00:11.546,0.8999,0.90001,4.50,4.50
2012.02.27 15:00:12.311,0.89985,0.89999,2.25,2.25
2012.02.27 15:00:12.443,0.89985,0.89999,2.25,2.25
2012.02.27 15:00:13.073,0.89986,0.89998,2.25,2.25
2012.02.27 15:00:14.010,0.89986,0.89998,2.25,2.25
2012.02.27 15:00:14.303,0.89992,0.90006,3.38,1.50
2012.02.27 15:00:14.534,0.89992,0.90004,3.38,1.50
2012.02.27 15:00:14.886,0.89991,0.90002,3.00,1.50
2012.02.27 15:00:15.636,0.89991,0.90001,3.00,1.50
2012.02.27 15:00:15.980,0.89995,0.90003,2.25,1.50
2012.02.27 15:00:16.262,0.89995,0.90008,2.25,2.59
2012.02.27 15:00:16.532,0.89995,0.90006,2.25,1.50
2012.02.27 15:00:17.623,0.89995,0.90005,2.25,1.50
2012.02.27 15:00:18.233,0.89991,0.90005,2.55,1.50
2012.02.27 15:00:18.632,0.89991,0.90003,2.55,1.50
2012.02.27 15:00:19.194,0.89991,0.90005,2.55,1.50
2012.02.27 15:00:19.354,0.89994,0.90008,1.50,3.94
2012.02.27 15:00:19.762,0.89994,0.90006,1.50,1.50
2012.02.27 15:00:20.273,0.89992,0.90006,4.65,1.50
2012.02.27 15:00:21.225,0.89993,0.90007,2.40,2.25
2012.02.27 15:00:21.522,0.89988,0.89998,2.03,1.50
2012.02.27 15:00:22.085,0.89988,0.89999,1.28,1.50
2012.02.27 15:00:22.794,0.89987,0.9,3.30,3.00
2012.02.27 15:00:23.115,0.89987,0.9,2.55,3.75
2012.02.27 15:00:23.439,0.89978,0.89988,2.55,1.50
2012.02.27 15:00:23.602,0.89975,0.89988,1.35,1.65
2012.02.27 15:00:24.257,0.89975,0.89987,1.65,1.72
2012.02.27 15:00:24.842,0.89975,0.89987,2.25,1.65
2012.02.27 15:00:25.616,0.89974,0.89986,2.25,1.50
2012.02.27 15:00:25.686,0.89976,0.89988,2.25,3.15
2012.02.27 15:00:25.920,0.89978,0.8999,1.50,3.75
2012.02.27 15:00:26.475,0.89979,0.89992,1.50,3.90
2012.02.27 15:00:27.707,0.89979,0.89991,1.50,4.50
2012.02.27 15:00:28.068,0.89975,0.89989,3.00,1.50
2012.02.27 15:00:28.600,0.89975,0.89987,2.25,1.50
2012.02.27 15:00:29.238,0.89974,0.89988,2.25,1.65
2012.02.27 15:00:29.723,0.89974,0.89984,2.25,1.13
2012.02.27 15:00:30.212,0.8997,0.89984,2.25,3.53
2012.02.27 15:00:30.741,0.8997,0.89983,4.50,1.50
2012.02.27 15:00:30.882,0.8997,0.89983,4.65,1.50
2012.02.27 15:00:31.236,0.89975,0.89987,1.80,1.69
2012.02.27 15:00:31.602,0.89979,0.89989,1.50,4.50
2012.02.27 15:00:32.577,0.89979,0.89988,1.50,4.65
2012.02.27 15:00:32.738,0.89975,0.89987,2.03,5.82
2012.02.27 15:00:32.819,0.89972,0.89984,2.40,1.50
2012.02.27 15:00:33.380,0.89971,0.89983,1.05,1.13
2012.02.27 15:00:33.829,0.89971,0.89982,1.05,3.75
2012.02.27 15:00:33.972,0.8997,0.89982,2.25,1.50
2012.02.27 15:00:34.041,0.8997,0.89983,2.40,5.63
2012.02.27 15:00:34.637,0.8997,0.89983,2.55,6.38
2012.02.27 15:00:35.063,0.8997,0.89983,2.55,1.88
2012.02.27 15:00:35.775,0.89969,0.89982,2.78,3.00
2012.02.27 15:00:36.416,0.89969,0.89981,2.78,1.50
2012.02.27 15:00:37.280,0.89969,0.89982,2.78,3.00
2012.02.27 15:00:37.368,0.89969,0.89982,2.78,6.75
2012.02.27 15:00:39.243,0.89969,0.89982,2.25,3.00
2012.02.27 15:00:39.450,0.8997,0.89983,1.05,5.63
2012.02.27 15:00:40.011,0.89971,0.89981,1.05,1.50
2012.02.27 15:00:40.515,0.8997,0.89982,1.05,3.00
2012.02.27 15:00:47.816,0.89972,0.89982,2.40,1.88
2012.02.27 15:00:48.360,0.89972,0.89982,1.65,1.88
2012.02.27 15:00:48.953,0.89972,0.89982,2.40,1.50
2012.02.27 15:00:49.314,0.89973,0.89986,1.05,4.50
2012.02.27 15:00:49.391,0.89974,0.89986,2.40,3.00
2012.02.27 15:00:49.471,0.89976,0.89987,2.40,1.50
2012.02.27 15:00:49.684,0.89977,0.89987,2.25,2.25
2012.02.27 15:00:50.216,0.89977,0.89987,2.40,1.50
2012.02.27 15:00:50.297,0.89976,0.89989,2.40,1.05
2012.02.27 15:00:52.444,0.89976,0.89984,2.40,1.13
2012.02.27 15:00:52.600,0.89974,0.89984,2.25,2.22
2012.02.27 15:00:53.151,0.89972,0.89984,2.40,3.72
2012.02.27 15:00:54.562,0.89972,0.89984,1.65,6.57
2012.02.27 15:00:55.480,0.89972,0.89982,2.40,1.88
2012.02.27 15:00:57.020,0.89972,0.89982,2.40,1.88
2012.02.27 15:00:57.376,0.89972,0.89982,2.25,1.88
2012.02.27 15:00:57.685,0.89972,0.89982,2.25,1.88
2012.02.27 15:00:57.787,0.8997,0.89982,2.25,3.38
2012.02.27 15:00:58.143,0.8997,0.89982,1.05,1.88
2012.02.27 15:00:58.434,0.89965,0.89979,1.88,3.00
2012.02.27 15:00:58.572,0.89969,0.8998,2.40,1.88
2012.02.27 15:00:59.835,0.89966,0.8998,4.05,9.38
2012.02.27 15:01:00.363,0.89967,0.89979,2.55,2.59
2012.02.27 15:01:00.783,0.89968,0.8998,2.40,5.78
2012.02.27 15:01:01.245,0.89969,0.89981,2.40,1.88
2012.02.27 15:01:02.055,0.8997,0.89981,2.25,1.88
2012.02.27 15:01:05.638,0.89968,0.89982,2.55,6.38
2012.02.27 15:01:06.783,0.89968,0.89982,2.40,3.75
2012.02.27 15:01:07.349,0.89968,0.89982,2.40,6.00
2012.02.27 15:01:08.019,0.89968,0.89982,2.40,6.30
2012.02.27 15:01:09.408,0.89968,0.89982,3.90,4.05
2012.02.27 15:01:10.221,0.8997,0.89982,3.75,3.75
2012.02.27 15:01:10.722,0.89971,0.89982,1.65,2.25
2012.02.27 15:01:10.862,0.89971,0.89982,2.25,2.25
2012.02.27 15:01:12.684,0.89971,0.89983,2.40,3.90
2012.02.27 15:01:16.002,0.89973,0.89982,1.65,1.88
2012.02.27 15:01:16.462,0.89975,0.89989,2.50,2.44
2012.02.27 15:01:16.569,0.89976,0.89989,1.57,2.59
2012.02.27 15:01:17.109,0.89976,0.89988,2.55,1.65
2012.02.27 15:01:17.185,0.89976,0.89988,2.40,1.65
2012.02.27 15:01:17.393,0.89976,0.89988,2.40,1.65
2012.02.27 15:01:18.441,0.89976,0.89988,2.40,1.84
2012.02.27 15:01:20.456,0.89975,0.89986,1.72,1.50
2012.02.27 15:01:20.900,0.89975,0.89982,1.05,1.50
2012.02.27 15:01:20.977,0.89974,0.89982,1.66,1.50
2012.02.27 15:01:21.262,0.89971,0.89982,5.09,1.50
2012.02.27 15:01:21.808,0.89971,0.89985,5.93,2.18
2012.02.27 15:01:23.993,0.89971,0.89985,5.93,2.18
2012.02.27 15:01:24.129,0.89971,0.89982,4.43,1.50
2012.02.27 15:01:24.887,0.8997,0.89982,3.64,1.69
2012.02.27 15:01:25.431,0.8997,0.89982,3.64,1.69
2012.02.27 15:01:25.901,0.89973,0.89983,1.24,3.19
2012.02.27 15:01:26.270,0.89976,0.89983,2.40,1.50
2012.02.27 15:01:26.673,0.89977,0.89989,3.07,2.03
2012.02.27 15:01:26.990,0.89979,0.89989,1.05,3.00
2012.02.27 15:01:27.992,0.89979,0.89993,2.40,4.65
2012.02.27 15:01:28.722,0.89981,0.89993,4.65,1.13
2012.02.27 15:01:29.272,0.89982,0.89993,1.05,1.13
2012.02.27 15:01:32.251,0.89983,0.89994,1.05,1.88
2012.02.27 15:01:32.802,0.89983,0.89994,1.05,1.88
2012.02.27 15:01:33.330,0.89983,0.89994,1.05,1.50
2012.02.27 15:01:33.847,0.89983,0.89994,1.05,1.50
2012.02.27 15:01:34.373,0.89982,0.89993,1.05,1.50
2012.02.27 15:01:34.800,0.8998,0.89991,4.19,1.50
2012.02.27 15:01:34.874,0.8998,0.89991,3.53,1.65
2012.02.27 15:01:35.829,0.89979,0.89992,1.57,2.40
2012.02.27 15:01:37.583,0.89978,0.89992,5.47,2.40
2012.02.27 15:01:37.812,0.89978,0.89992,5.47,2.40
2012.02.27 15:01:38.785,0.89979,0.89989,1.34,1.50
2012.02.27 15:01:39.368,0.89978,0.89989,3.22,1.50
2012.02.27 15:01:39.901,0.89979,0.89991,2.55,2.25
2012.02.27 15:01:42.792,0.89979,0.89993,4.57,2.25
2012.02.27 15:01:44.021,0.89982,0.89994,1.50,5.25
2012.02.27 15:01:44.431,0.89981,0.89994,1.50,3.00
2012.02.27 15:01:44.570,0.89983,0.89995,1.50,4.50
2012.02.27 15:01:44.649,0.89981,0.89995,1.50,4.50
2012.02.27 15:01:45.404,0.89985,0.89996,1.65,1.84
2012.02.27 15:01:45.732,0.89987,0.89999,1.65,6.75
2012.02.27 15:01:45.809,0.89987,0.89999,1.65,2.25
2012.02.27 15:01:46.206,0.89989,0.90001,1.65,2.63
2012.02.27 15:01:46.608,0.89989,0.9,1.50,1.50
2012.02.27 15:01:47.111,0.89985,0.89997,1.72,2.25
2012.02.27 15:01:47.682,0.89985,0.89997,3.97,2.25
2012.02.27 15:01:48.190,0.89985,0.89997,3.78,2.25
2012.02.27 15:01:50.311,0.89985,0.89996,1.91,1.50
2012.02.27 15:01:50.737,0.89984,0.89994,1.05,1.52
2012.02.27 15:01:51.193,0.8998,0.89992,1.28,3.75
2012.02.27 15:01:51.280,0.89976,0.89988,2.03,2.25
2012.02.27 15:01:51.364,0.89976,0.89988,1.28,2.25
2012.02.27 15:01:51.861,0.89976,0.89986,1.65,1.50
2012.02.27 15:01:52.225,0.89975,0.89983,3.75,1.50
2012.02.27 15:01:52.838,0.89975,0.89984,3.75,1.50
2012.02.27 15:01:53.143,0.89974,0.8998,4.13,1.50
2012.02.27 15:01:53.670,0.89974,0.89981,4.13,1.50
2012.02.27 15:01:54.184,0.89975,0.89981,3.00,1.50
2012.02.27 15:01:54.570,0.89975,0.89983,3.75,1.50
2012.02.27 15:01:54.922,0.89975,0.89984,5.09,1.50
2012.02.27 15:01:55.433,0.89975,0.89985,7.28,1.50
2012.02.27 15:01:55.592,0.89982,0.89987,2.25,1.50
2012.02.27 15:01:55.668,0.89982,0.89994,4.57,3.00
2012.02.27 15:01:55.826,0.89983,0.89995,1.65,3.75
2012.02.27 15:01:55.977,0.89982,0.89995,2.55,3.00
2012.02.27 15:01:57.504,0.89981,0.89992,2.55,1.50
2012.02.27 15:01:57.642,0.89981,0.89992,3.00,1.50
2012.02.27 15:01:57.997,0.89981,0.89992,3.53,1.50
2012.02.27 15:01:58.449,0.89983,0.89995,2.55,2.25
2012.02.27 15:01:59.020,0.89983,0.89994,1.05,1.50
2012.02.27 15:01:59.474,0.89982,0.89996,4.72,2.25
2012.02.27 15:01:59.552,0.89982,0.89992,3.22,2.25
2012.02.27 15:01:59.633,0.89981,0.89991,1.13,2.25
2012.02.27 15:02:00.459,0.89978,0.89991,1.05,3.00
2012.02.27 15:02:01.024,0.89978,0.8999,1.05,3.00
2012.02.27 15:02:01.571,0.89978,0.8999,1.05,1.50
2012.02.27 15:02:03.619,0.89978,0.8999,2.93,1.50
2012.02.27 15:02:03.771,0.89979,0.89992,3.22,2.25
2012.02.27 15:02:04.186,0.89981,0.89993,1.05,1.50
2012.02.27 15:02:04.269,0.89981,0.89995,2.55,2.63
2012.02.27 15:02:04.348,0.8998,0.89992,3.90,1.50
2012.02.27 15:02:05.219,0.89979,0.89991,3.22,2.25
2012.02.27 15:02:05.326,0.89978,0.89989,3.75,3.30
2012.02.27 15:02:05.568,0.89975,0.89983,1.50,5.63
2012.02.27 15:02:05.658,0.89968,0.89978,2.03,1.50
2012.02.27 15:02:05.947,0.89967,0.89981,2.55,4.28
2012.02.27 15:02:06.526,0.89969,0.89981,3.90,2.40
2012.02.27 15:02:06.954,0.89969,0.89983,1.50,3.00
2012.02.27 15:02:08.806,0.8997,0.89983,1.05,2.40
2012.02.27 15:02:09.560,0.8997,0.89983,3.38,2.25
2012.02.27 15:02:09.709,0.89973,0.89983,2.25,2.25
2012.02.27 15:02:10.482,0.89972,0.89984,1.65,2.40
2012.02.27 15:02:10.781,0.89963,0.89974,3.53,1.50
2012.02.27 15:02:11.344,0.89963,0.89975,4.88,1.50
2012.02.27 15:02:13.063,0.89965,0.89975,2.25,1.65
2012.02.27 15:02:13.418,0.89967,0.89978,2.40,2.25
2012.02.27 15:02:13.973,0.89967,0.89977,2.40,1.50
2012.02.27 15:02:14.503,0.89967,0.89977,2.55,1.50
2012.02.27 15:02:16.439,0.89967,0.89977,2.55,1.50
2012.02.27 15:02:17.000,0.89967,0.89978,2.40,2.25
2012.02.27 15:02:17.508,0.89968,0.89978,1.65,1.50
2012.02.27 15:02:17.801,0.89969,0.89982,2.25,1.50
2012.02.27 15:02:18.191,0.89972,0.89984,1.50,7.28
2012.02.27 15:02:18.879,0.89972,0.89984,1.65,2.78
2012.02.27 15:02:19.414,0.89972,0.89984,1.50,4.50
2012.02.27 15:02:19.982,0.89972,0.89984,1.50,4.50
2012.02.27 15:02:20.978,0.89972,0.89984,1.50,3.90
2012.02.27 15:02:21.349,0.89975,0.89985,1.50,1.05
2012.02.27 15:02:21.853,0.89975,0.89987,1.80,2.40
2012.02.27 15:02:22.274,0.89978,0.8999,1.50,4.92
2012.02.27 15:02:22.986,0.89976,0.8999,4.65,3.27
2012.02.27 15:02:23.558,0.89978,0.8999,1.50,3.08
2012.02.27 15:02:24.954,0.89976,0.8999,2.40,5.33
2012.02.27 15:02:25.591,0.89976,0.8999,2.40,5.33
2012.02.27 15:02:26.109,0.89976,0.8999,2.40,5.33
2012.02.27 15:02:27.201,0.89976,0.8999,2.40,5.33
2012.02.27 15:02:27.835,0.89976,0.8999,2.40,5.33
2012.02.27 15:02:28.508,0.89979,0.89992,1.50,3.15
2012.02.27 15:02:29.059,0.89977,0.89989,2.40,1.50
2012.02.27 15:02:29.613,0.89976,0.8999,2.40,4.58
2012.02.27 15:02:30.170,0.89976,0.8999,2.40,5.33
2012.02.27 15:02:31.184,0.89976,0.8999,2.40,6.08
2012.02.27 15:02:31.270,0.89976,0.89988,3.90,1.50
2012.02.27 15:02:31.576,0.89977,0.8999,2.63,1.58
2012.02.27 15:02:32.114,0.89976,0.8999,5.97,2.33
2012.02.27 15:02:33.084,0.89981,0.8999,1.13,1.58
2012.02.27 15:02:33.326,0.89982,0.89996,4.05,1.65
2012.02.27 15:02:33.543,0.89985,0.89997,1.65,6.57
2012.02.27 15:02:34.081,0.89984,0.89996,1.65,1.50
2012.02.27 15:02:34.970,0.89986,0.89999,4.42,2.25
2012.02.27 15:02:35.286,0.89988,0.9,2.40,4.13
2012.02.27 15:02:35.927,0.89987,0.89999,2.40,2.25
2012.02.27 15:02:36.956,0.89988,0.90002,2.40,2.25
2012.02.27 15:02:37.993,0.89988,0.90002,2.55,2.25
2012.02.27 15:02:38.068,0.8999,0.90002,1.05,1.50
2012.02.27 15:02:38.981,0.8999,0.90002,2.55,1.50
2012.02.27 15:02:39.195,0.89989,0.90003,2.40,1.50
2012.02.27 15:02:39.734,0.8999,0.90003,1.05,1.50
2012.02.27 15:02:40.040,0.89995,0.90003,1.50,1.65
2012.02.27 15:02:42.256,0.89995,0.90003,1.50,2.40
2012.02.27 15:02:43.572,0.89994,0.90002,1.50,2.25
2012.02.27 15:02:44.130,0.89994,0.90003,1.50,2.40
2012.02.27 15:02:45.142,0.89994,0.90006,5.25,1.05
2012.02.27 15:02:45.293,0.89996,0.90008,1.50,1.65
2012.02.27 15:02:45.841,0.89996,0.90008,1.50,1.65
2012.02.27 15:02:46.774,0.89995,0.90008,3.00,3.00
2012.02.27 15:02:46.915,0.89994,0.90007,3.00,3.00
2012.02.27 15:02:47.061,0.89993,0.90004,2.25,1.50
2012.02.27 15:02:47.898,0.89994,0.90004,1.50,1.50
2012.02.27 15:02:48.218,0.89988,0.9,2.55,3.75
2012.02.27 15:02:48.302,0.89987,0.89998,1.05,1.50
2012.02.27 15:02:48.373,0.89986,0.9,2.40,3.90
2012.02.27 15:02:48.954,0.89986,0.9,1.50,3.90
2012.02.27 15:02:49.039,0.89986,0.89998,1.50,1.50
2012.02.27 15:02:49.535,0.89987,0.89999,1.50,2.40
2012.02.27 15:02:50.410,0.89987,0.89999,1.65,2.25
2012.02.27 15:02:50.914,0.89987,0.89999,1.65,1.50
2012.02.27 15:02:51.444,0.89987,0.89999,1.65,1.50
2012.02.27 15:02:51.954,0.89987,0.89996,1.50,1.50
2012.02.27 15:02:52.710,0.89987,0.89996,1.50,1.50
2012.02.27 15:02:53.248,0.89987,0.89997,1.65,1.50
2012.02.27 15:02:53.569,0.89987,0.89997,1.80,1.50
2012.02.27 15:02:54.102,0.89987,0.89997,1.80,1.50
2012.02.27 15:02:54.649,0.89987,0.89998,1.65,1.50
2012.02.27 15:02:56.030,0.89987,0.89999,2.40,3.00
2012.02.27 15:02:56.573,0.89987,0.89998,2.55,1.50
2012.02.27 15:02:57.124,0.89987,0.89998,2.55,1.50
2012.02.27 15:02:57.697,0.8999,0.90001,1.50,1.50
2012.02.27 15:02:58.262,0.89988,0.90001,3.90,1.50
2012.02.27 15:02:59.471,0.89989,0.90001,1.65,3.00
2012.02.27 15:03:00.505,0.89989,0.90001,1.50,2.40
2012.02.27 15:03:00.737,0.89987,0.89999,1.50,4.50
2012.02.27 15:03:01.591,0.89988,0.9,1.50,1.84
2012.02.27 15:03:02.213,0.89986,0.9,1.50,3.34
2012.02.27 15:03:03.452,0.89986,0.9,2.25,3.19
2012.02.27 15:03:03.990,0.89986,0.89999,1.50,2.25
2012.02.27 15:03:04.135,0.89986,0.9,3.90,3.00
2012.02.27 15:03:04.689,0.89986,0.89999,2.55,2.25
2012.02.27 15:03:05.333,0.89986,0.89999,2.55,2.40
2012.02.27 15:03:05.598,0.89986,0.89999,1.50,3.00
2012.02.27 15:03:06.152,0.89986,0.89999,1.50,3.00
2012.02.27 15:03:06.524,0.89982,0.89994,4.43,1.50
2012.02.27 15:03:06.608,0.89982,0.89994,1.88,3.00
2012.02.27 15:03:06.769,0.89979,0.89991,3.15,1.50
2012.02.27 15:03:06.915,0.89979,0.89991,2.25,1.50
2012.02.27 15:03:07.429,0.89979,0.89993,1.50,3.15
2012.02.27 15:03:07.717,0.89982,0.89993,1.50,1.80
2012.02.27 15:03:08.277,0.8998,0.89994,1.65,5.55
2012.02.27 15:03:08.763,0.89979,0.89993,2.40,2.25
2012.02.27 15:03:09.186,0.89983,0.89994,1.65,1.50
2012.02.27 15:03:09.501,0.89986,0.9,2.55,2.78
2012.02.27 15:03:09.924,0.89985,0.89999,1.50,2.25
2012.02.27 15:03:10.451,0.89985,0.89999,2.25,2.25
2012.02.27 15:03:10.908,0.89985,0.89999,2.25,4.05
2012.02.27 15:03:11.021,0.89981,0.89995,4.28,4.65
2012.02.27 15:03:11.174,0.89983,0.89994,2.25,2.25
2012.02.27 15:03:11.248,0.89981,0.89995,7.13,2.40
2012.02.27 15:03:11.538,0.89983,0.89995,1.50,2.25
2012.02.27 15:03:12.084,0.89983,0.89995,1.50,1.50
2012.02.27 15:03:12.534,0.89981,0.89995,7.13,1.50
2012.02.27 15:03:13.067,0.89982,0.89996,1.50,3.75
2012.02.27 15:03:13.210,0.89982,0.89996,4.80,1.50
2012.02.27 15:03:13.616,0.89984,0.89998,1.65,2.25
2012.02.27 15:03:15.424,0.89987,0.89999,1.50,4.65
2012.02.27 15:03:15.561,0.89985,0.89999,1.65,3.90
2012.02.27 15:03:15.633,0.89987,0.89999,1.50,3.90
2012.02.27 15:03:15.772,0.89985,0.89999,1.65,3.90
2012.02.27 15:03:16.048,0.89984,0.89996,4.65,1.50
2012.02.27 15:03:16.584,0.89978,0.89986,1.05,1.50
2012.02.27 15:03:16.745,0.89972,0.89984,2.78,2.40
2012.02.27 15:03:16.823,0.89972,0.89984,2.78,2.40
2012.02.27 15:03:17.175,0.89972,0.89984,2.40,2.40
2012.02.27 15:03:17.716,0.89975,0.89987,1.50,2.40
2012.02.27 15:03:18.241,0.89975,0.89987,1.50,2.40
2012.02.27 15:03:21.689,0.89975,0.89987,1.50,2.40
2012.02.27 15:03:24.213,0.89973,0.89987,1.65,2.40
2012.02.27 15:03:28.232,0.89974,0.89988,1.50,3.53
2012.02.27 15:03:28.745,0.89974,0.89986,1.50,2.25
2012.02.27 15:03:29.363,0.89975,0.89987,1.50,2.40
2012.02.27 15:03:29.431,0.89975,0.89987,1.50,2.40
2012.02.27 15:03:29.843,0.89973,0.89987,3.75,2.25
2012.02.27 15:03:30.263,0.89974,0.89988,2.22,4.65
2012.02.27 15:03:30.704,0.89978,0.89991,1.80,4.65
2012.02.27 15:03:30.862,0.89979,0.89991,1.65,4.65
2012.02.27 15:03:32.859,0.89979,0.89991,1.80,4.65
2012.02.27 15:03:33.082,0.89979,0.89991,1.80,4.65
2012.02.27 15:03:33.154,0.89979,0.89991,1.50,4.65
2012.02.27 15:03:33.701,0.89979,0.89991,1.80,4.50
2012.02.27 15:03:35.892,0.89982,0.89991,1.65,4.50
2012.02.27 15:03:36.213,0.89988,0.9,1.50,2.55
2012.02.27 15:03:36.300,0.89988,0.89999,1.65,2.25
2012.02.27 15:03:36.822,0.89992,0.90003,1.50,3.00
2012.02.27 15:03:36.902,0.89989,0.90003,2.40,4.65
2012.02.27 15:03:36.975,0.8999,0.90002,2.25,2.25
2012.02.27 15:03:37.126,0.8999,0.90001,3.00,1.50
2012.02.27 15:03:37.485,0.89988,0.90002,2.55,2.25
2012.02.27 15:03:38.055,0.89991,0.90005,1.50,2.25
2012.02.27 15:03:38.705,0.8999,0.90004,2.40,4.50
2012.02.27 15:03:38.842,0.8999,0.90004,2.25,4.50
2012.02.27 15:03:38.914,0.8999,0.90004,2.25,4.50
2012.02.27 15:03:39.402,0.89988,0.90002,3.15,2.25
2012.02.27 15:03:39.476,0.89988,0.9,3.15,2.25
2012.02.27 15:03:39.834,0.89989,0.90003,2.40,4.65
2012.02.27 15:03:40.359,0.89986,0.9,3.68,6.15
2012.02.27 15:03:40.442,0.89986,0.89998,3.38,1.50
2012.02.27 15:03:40.870,0.89988,0.89996,2.25,2.40
2012.02.27 15:03:41.093,0.89989,0.90001,1.65,2.55
2012.02.27 15:03:41.503,0.89988,0.9,2.25,1.50
2012.02.27 15:03:41.644,0.89988,0.9,1.50,2.78
2012.02.27 15:03:42.043,0.89987,0.90001,1.65,4.65
2012.02.27 15:03:42.193,0.89991,0.90003,2.55,2.25
2012.02.27 15:03:42.962,0.8999,0.90001,4.69,1.50
2012.02.27 15:03:43.502,0.89991,0.90002,1.05,1.50
2012.02.27 15:03:44.059,0.89991,0.90001,1.05,1.50
2012.02.27 15:03:44.587,0.89991,0.90002,1.05,1.50
2012.02.27 15:03:45.259,0.89991,0.90001,1.05,1.50
2012.02.27 15:03:45.409,0.89991,0.90003,1.05,4.50
2012.02.27 15:03:45.940,0.89991,0.90001,1.05,1.50
2012.02.27 15:03:46.474,0.89991,0.90002,1.05,1.50
2012.02.27 15:03:46.544,0.8999,0.90002,3.15,1.50
2012.02.27 15:03:47.199,0.89989,0.90001,2.40,1.50
2012.02.27 15:03:48.910,0.89989,0.90001,3.00,1.50
2012.02.27 15:03:49.132,0.89988,0.9,1.65,1.65
2012.02.27 15:03:49.489,0.89985,0.89995,1.50,1.50
2012.02.27 15:03:50.010,0.89984,0.89996,4.65,1.65
2012.02.27 15:03:51.324,0.89985,0.89996,2.25,1.65
2012.02.27 15:03:51.762,0.89989,0.90001,1.50,4.50
2012.02.27 15:03:52.041,0.8999,0.90001,1.50,3.00
2012.02.27 15:03:52.460,0.89988,0.90001,2.40,2.25
2012.02.27 15:03:52.990,0.89988,0.90001,2.40,2.25
2012.02.27 15:03:54.152,0.89988,0.9,2.40,2.40
2012.02.27 15:03:55.192,0.89987,0.89998,3.15,2.25
2012.02.27 15:03:55.279,0.89986,0.89997,1.50,1.50
2012.02.27 15:03:55.830,0.89983,0.89994,5.78,1.50
2012.02.27 15:03:56.336,0.89983,0.89996,5.78,2.40
2012.02.27 15:03:56.873,0.89983,0.89996,1.05,1.65
2012.02.27 15:03:58.118,0.89984,0.89996,1.65,1.50
2012.02.27 15:03:58.215,0.89986,0.89997,2.25,3.00
2012.02.27 15:03:58.717,0.89987,0.89997,1.50,2.25
2012.02.27 15:03:58.795,0.89987,0.89999,1.50,1.50
2012.02.27 15:03:59.343,0.89986,0.89998,2.25,1.50
2012.02.27 15:03:59.832,0.89983,0.89994,5.40,1.50
2012.02.27 15:04:00.363,0.89983,0.89995,5.40,1.50
2012.02.27 15:04:01.307,0.89983,0.89994,5.55,1.50
2012.02.27 15:04:02.061,0.89983,0.89996,5.55,1.65
2012.02.27 15:04:03.526,0.89985,0.89997,2.40,3.00
2012.02.27 15:04:03.751,0.89986,0.89999,3.00,2.25
2012.02.27 15:04:04.291,0.89986,0.89998,3.00,1.50
2012.02.27 15:04:04.809,0.89986,0.89999,3.00,2.25
2012.02.27 15:04:11.299,0.89987,0.89999,1.05,2.25
2012.02.27 15:04:11.815,0.89986,0.89999,3.30,2.25
2012.02.27 15:04:12.914,0.89986,0.89999,3.00,2.40
2012.02.27 15:04:13.064,0.89984,0.89996,4.65,1.50
2012.02.27 15:04:13.864,0.89984,0.89998,2.40,3.75
2012.02.27 15:04:14.012,0.89985,0.89998,1.05,3.75
2012.02.27 15:04:14.297,0.89991,0.90003,2.55,3.00
2012.02.27 15:04:14.920,0.89991,0.90004,3.30,2.25
2012.02.27 15:04:15.460,0.89991,0.90005,4.43,3.75
2012.02.27 15:04:16.284,0.89992,0.90005,1.50,3.75
2012.02.27 15:04:16.840,0.89992,0.90005,1.88,3.75
2012.02.27 15:04:17.370,0.89992,0.90005,1.88,3.75
2012.02.27 15:04:17.902,0.89992,0.90005,1.88,3.75
2012.02.27 15:04:18.429,0.89992,0.90005,1.28,3.75
2012.02.27 15:04:19.255,0.89992,0.90005,1.28,1.50
2012.02.27 15:04:19.696,0.89991,0.90003,3.53,1.50
2012.02.27 15:04:20.711,0.89992,0.90004,2.40,1.50
2012.02.27 15:04:22.420,0.89992,0.90004,3.00,2.25
2012.02.27 15:04:23.090,0.89992,0.90004,2.40,2.25
2012.02.27 15:04:23.740,0.89993,0.90006,2.25,2.25
2012.02.27 15:04:24.730,0.89995,0.90006,1.05,2.25
2012.02.27 15:04:25.293,0.89994,0.90006,2.25,3.75
2012.02.27 15:04:25.651,0.9,0.90009,3.63,1.50
2012.02.27 15:04:25.733,0.90001,0.90012,3.67,1.65
2012.02.27 15:04:26.132,0.90003,0.90015,1.80,2.25
2012.02.27 15:04:26.697,0.90003,0.90014,1.80,2.25
2012.02.27 15:04:27.914,0.90003,0.90014,1.50,2.25
2012.02.27 15:04:28.417,0.90003,0.90013,1.65,2.25
2012.02.27 15:04:28.937,0.90003,0.90013,1.80,2.25
2012.02.27 15:04:29.282,0.90001,0.90013,2.25,3.75
2012.02.27 15:04:29.566,0.9,0.90011,1.65,1.50
2012.02.27 15:04:29.984,0.89999,0.90013,7.80,4.50
2012.02.27 15:04:32.839,0.89999,0.90012,7.80,2.25
2012.02.27 15:04:33.122,0.89999,0.90011,2.25,3.38
2012.02.27 15:04:33.200,0.89999,0.90008,1.50,2.25
2012.02.27 15:04:33.696,0.89991,0.90001,2.29,1.50
2012.02.27 15:04:34.063,0.89994,0.90004,5.30,2.25
2012.02.27 15:04:34.560,0.89992,0.90004,1.94,3.75
2012.02.27 15:04:35.161,0.89992,0.90003,1.65,1.65
2012.02.27 15:04:35.242,0.89991,0.90002,1.80,1.50
2012.02.27 15:04:35.675,0.89992,0.90004,1.65,2.25
2012.02.27 15:04:36.206,0.89992,0.90005,1.65,1.50
2012.02.27 15:04:36.490,0.8999,0.90004,9.49,2.25
2012.02.27 15:04:36.702,0.8999,0.90001,3.49,1.50
2012.02.27 15:04:37.039,0.8999,0.90003,3.12,3.75
2012.02.27 15:04:37.592,0.8999,0.90002,3.78,1.50
2012.02.27 15:04:39.457,0.89991,0.90003,1.05,6.00
2012.02.27 15:04:39.677,0.8999,0.90002,1.62,2.25
2012.02.27 15:04:40.221,0.89989,0.90001,1.24,3.00
2012.02.27 15:04:43.056,0.89991,0.90001,1.05,2.25
2012.02.27 15:04:43.504,0.89997,0.90005,2.25,2.25
2012.02.27 15:04:43.799,0.89994,0.90004,2.40,2.25
2012.02.27 15:04:44.366,0.89992,0.90004,1.50,1.50
2012.02.27 15:04:44.951,0.89992,0.90004,3.00,1.50
2012.02.27 15:04:45.870,0.89992,0.90004,3.75,1.50
2012.02.27 15:04:46.088,0.89996,0.90005,1.05,2.25
2012.02.27 15:04:46.384,0.90002,0.90012,1.50,2.25
2012.02.27 15:04:46.461,0.90002,0.90012,1.65,2.25
2012.02.27 15:04:46.856,0.90001,0.9001,1.05,2.25
2012.02.27 15:04:47.190,0.89996,0.90005,1.05,2.25
2012.02.27 15:04:47.276,0.89996,0.90005,1.05,3.75
2012.02.27 15:04:47.362,0.89996,0.90002,1.05,1.50
2012.02.27 15:04:47.439,0.89994,0.90002,1.05,3.75
2012.02.27 15:04:47.864,0.89991,0.90002,3.53,2.25
2012.02.27 15:04:47.941,0.89991,0.90005,5.78,2.25
2012.02.27 15:04:48.271,0.89997,0.90006,1.50,2.25
2012.02.27 15:04:48.634,0.89997,0.90009,1.65,2.25
2012.02.27 15:04:48.975,0.89997,0.90009,2.40,1.50
2012.02.27 15:04:49.057,0.9,0.90012,1.65,5.40
2012.02.27 15:04:50.096,0.89998,0.90012,2.74,1.65
2012.02.27 15:04:53.155,0.89998,0.90009,5.40,1.50
2012.02.27 15:04:53.519,0.9,0.90012,2.25,2.25
2012.02.27 15:04:54.077,0.89999,0.90013,2.55,3.75
2012.02.27 15:04:55.037,0.89999,0.90011,2.55,2.25
2012.02.27 15:04:55.253,0.89999,0.90013,2.40,3.75
2012.02.27 15:04:55.586,0.89998,0.90011,7.24,2.25
2012.02.27 15:04:59.214,0.9,0.90012,2.40,1.50
2012.02.27 15:05:02.371,0.9,0.90011,1.50,1.50
2012.02.27 15:05:02.921,0.90001,0.90012,1.50,1.50
2012.02.27 15:05:03.322,0.89998,0.90009,1.69,1.50
2012.02.27 15:05:03.392,0.89998,0.90009,1.50,1.50
2012.02.27 15:05:03.669,0.89999,0.90009,1.05,1.50
2012.02.27 15:05:03.813,0.89999,0.90011,2.40,3.75
2012.02.27 15:05:04.332,0.89997,0.90011,3.38,2.25
2012.02.27 15:05:05.652,0.90001,0.90011,4.50,1.50
2012.02.27 15:05:05.799,0.90003,0.90013,2.40,2.25
2012.02.27 15:05:05.942,0.90002,0.90015,1.65,1.50
2012.02.27 15:05:06.291,0.89999,0.90011,2.93,1.50
2012.02.27 15:05:06.849,0.9,0.90012,2.40,1.50
2012.02.27 15:05:08.054,0.89997,0.90009,3.53,1.13
2012.02.27 15:05:08.361,0.89994,0.90006,2.40,1.41
2012.02.27 15:05:08.520,0.89994,0.90006,1.65,2.01
2012.02.27 15:05:08.670,0.89994,0.90006,1.65,2.25
2012.02.27 15:05:08.750,0.89992,0.90004,4.88,1.50
2012.02.27 15:05:09.268,0.89992,0.90004,1.65,2.25
2012.02.27 15:05:09.628,0.89997,0.90004,2.63,3.75
2012.02.27 15:05:09.935,0.90001,0.9001,1.50,1.05
2012.02.27 15:05:10.463,0.89999,0.90011,3.15,1.65
2012.02.27 15:05:10.540,0.89999,0.90011,3.30,1.50
2012.02.27 15:05:11.222,0.89999,0.90011,3.30,1.50
2012.02.27 15:05:12.074,0.9,0.90012,1.65,3.75
2012.02.27 15:05:12.360,0.90002,0.90012,1.65,2.25
2012.02.27 15:05:12.691,0.90004,0.90015,1.65,2.25
2012.02.27 15:05:12.773,0.90004,0.90015,1.65,2.25
2012.02.27 15:05:13.332,0.90003,0.90014,1.28,1.50
2012.02.27 15:05:13.549,0.90003,0.90012,1.43,2.25
2012.02.27 15:05:13.623,0.90003,0.90012,1.13,2.25
2012.02.27 15:05:13.767,0.90001,0.90013,1.65,3.00
2012.02.27 15:05:15.362,0.9,0.90012,2.97,1.50
2012.02.27 15:05:15.891,0.9,0.90011,1.47,1.50
2012.02.27 15:05:16.624,0.90001,0.90012,1.50,1.50
2012.02.27 15:05:16.982,0.90001,0.90011,1.88,3.00
2012.02.27 15:05:17.405,0.90001,0.90011,1.88,2.25
2012.02.27 15:05:17.622,0.90001,0.90011,1.88,2.25
2012.02.27 15:05:17.702,0.89998,0.90011,1.13,3.00
2012.02.27 15:05:18.133,0.89996,0.90005,1.65,2.25
2012.02.27 15:05:18.444,0.89991,0.89998,1.05,5.85
2012.02.27 15:05:18.888,0.89988,0.89999,1.65,1.13
2012.02.27 15:05:18.975,0.89987,0.89999,2.03,1.13
2012.02.27 15:05:19.308,0.89987,0.9,1.88,6.75
2012.02.27 15:05:19.393,0.89989,0.89998,1.50,1.50
2012.02.27 15:05:19.957,0.89989,0.89998,1.50,1.50
2012.02.27 15:05:20.177,0.89989,0.9,1.50,1.50
2012.02.27 15:05:20.254,0.89989,0.9,1.65,1.50
2012.02.27 15:05:20.600,0.8999,0.90003,1.50,1.50
2012.02.27 15:05:21.030,0.89989,0.90001,5.25,1.50
2012.02.27 15:05:21.125,0.89992,0.89999,1.50,1.50
2012.02.27 15:05:21.441,0.89985,0.89995,2.44,1.50
2012.02.27 15:05:21.515,0.89984,0.89995,2.22,1.50
2012.02.27 15:05:21.878,0.89984,0.89995,6.07,1.50
2012.02.27 15:05:21.959,0.89984,0.89996,7.42,1.50
2012.02.27 15:05:22.426,0.89983,0.89993,1.65,1.50
2012.02.27 15:05:22.509,0.89985,0.89995,1.50,1.50
2012.02.27 15:05:23.052,0.89983,0.89996,2.25,1.65
2012.02.27 15:05:23.592,0.89983,0.89995,1.50,1.50
2012.02.27 15:05:24.271,0.89983,0.89993,1.50,1.50
2012.02.27 15:05:24.854,0.89983,0.89994,1.50,1.50
2012.02.27 15:05:25.393,0.89983,0.89993,1.50,1.50
2012.02.27 15:05:30.885,0.89983,0.89991,1.50,1.50
2012.02.27 15:05:30.957,0.89983,0.89994,1.50,3.00
2012.02.27 15:05:31.105,0.89982,0.89994,3.00,2.25
2012.02.27 15:05:31.531,0.8998,0.89994,5.78,1.50
2012.02.27 15:05:32.538,0.8998,0.89994,6.53,3.00
2012.02.27 15:05:32.897,0.89979,0.89988,1.69,1.50
2012.02.27 15:05:33.526,0.89977,0.89987,2.25,1.50
2012.02.27 15:05:33.828,0.89987,0.89994,1.50,2.25
2012.02.27 15:05:34.114,0.89986,0.89993,1.50,2.25
2012.02.27 15:05:34.255,0.89984,0.89992,1.50,1.50
2012.02.27 15:05:35.050,0.89983,0.89989,1.50,1.50
2012.02.27 15:05:35.125,0.89982,0.89989,1.50,1.50
2012.02.27 15:05:35.192,0.8998,0.89989,1.50,1.50
2012.02.27 15:05:35.754,0.8998,0.8999,1.50,2.25
2012.02.27 15:05:36.275,0.89979,0.8999,1.50,2.25
2012.02.27 15:05:36.765,0.89983,0.8999,1.79,2.25
2012.02.27 15:05:36.933,0.89989,0.89997,1.50,3.00
2012.02.27 15:05:37.082,0.8999,0.89999,1.50,4.50
2012.02.27 15:05:37.505,0.89991,0.90003,2.25,1.05
2012.02.27 15:05:39.974,0.8999,0.9,2.25,2.25
2012.02.27 15:05:40.338,0.89987,0.89996,1.50,1.50
2012.02.27 15:05:40.903,0.89986,0.89996,1.80,1.50
2012.02.27 15:05:41.617,0.89987,0.89998,1.65,1.50
2012.02.27 15:05:42.181,0.89989,0.89998,1.50,1.50
2012.02.27 15:05:42.634,0.89987,0.89994,1.50,1.50
2012.02.27 15:05:42.712,0.89986,0.89993,1.50,1.50
2012.02.27 15:05:43.058,0.89984,0.89995,1.50,2.40
2012.02.27 15:05:43.149,0.89984,0.89995,2.25,1.65
2012.02.27 15:05:43.711,0.89984,0.89994,1.50,2.25
2012.02.27 15:05:43.785,0.89984,0.89995,1.50,1.50
2012.02.27 15:05:44.133,0.89987,0.89999,1.50,2.25
2012.02.27 15:05:45.503,0.89986,0.89998,3.90,1.50
2012.02.27 15:05:45.714,0.89987,0.9,2.92,2.40
2012.02.27 15:05:46.123,0.89988,0.89998,3.75,1.50
2012.02.27 15:05:46.458,0.89991,0.89999,1.50,1.50
2012.02.27 15:05:46.760,0.89993,0.90001,1.50,1.50
2012.02.27 15:05:46.846,0.89993,0.90003,1.50,1.50
2012.02.27 15:05:46.919,0.89994,0.90003,1.50,1.50
2012.02.27 15:05:47.131,0.89997,0.90007,1.50,1.65
2012.02.27 15:05:47.487,0.90001,0.90007,1.50,1.50
2012.02.27 15:05:49.291,0.89998,0.90007,1.50,1.65
2012.02.27 15:05:50.569,0.89998,0.90007,1.50,1.50
2012.02.27 15:05:51.079,0.89998,0.90007,1.50,2.33
2012.02.27 15:05:51.223,0.89998,0.90007,1.50,1.50
2012.02.27 15:05:51.783,0.89995,0.90007,3.44,1.73
2012.02.27 15:05:53.024,0.89995,0.90006,2.09,1.50
2012.02.27 15:05:53.564,0.89995,0.90008,2.39,3.98
2012.02.27 15:05:53.656,0.90002,0.90014,2.25,2.25
2012.02.27 15:05:54.014,0.90002,0.90013,1.05,1.50
2012.02.27 15:05:54.627,0.90002,0.90014,2.55,1.50
2012.02.27 15:05:55.332,0.89999,0.9001,1.13,3.75
2012.02.27 15:05:55.552,0.89997,0.90007,1.50,1.50
2012.02.27 15:05:56.810,0.89996,0.90008,2.25,1.50
2012.02.27 15:05:57.373,0.89996,0.90008,1.50,1.65
2012.02.27 15:05:58.894,0.89996,0.90006,1.50,1.50
2012.02.27 15:05:59.804,0.89995,0.90007,1.50,1.65
2012.02.27 15:06:00.351,0.89994,0.90006,4.50,1.50
2012.02.27 15:06:01.349,0.89994,0.90005,2.25,1.50
2012.02.27 15:06:02.360,0.89995,0.90007,1.50,1.65
2012.02.27 15:06:03.055,0.89995,0.90005,1.50,1.50
2012.02.27 15:06:03.605,0.89995,0.90006,1.50,1.50
2012.02.27 15:06:04.169,0.89995,0.90008,1.88,1.65
2012.02.27 15:06:04.725,0.89995,0.90008,1.13,1.50
2012.02.27 15:06:06.361,0.89997,0.90009,2.25,1.50
2012.02.27 15:06:06.856,0.89996,0.90007,2.25,2.25
2012.02.27 15:06:06.991,0.89994,0.9001,5.25,1.50
2012.02.27 15:06:07.527,0.89996,0.90009,1.50,1.50
2012.02.27 15:06:08.096,0.89996,0.90009,1.50,3.75
2012.02.27 15:06:08.382,0.89994,0.90006,3.38,1.50
2012.02.27 15:06:08.940,0.89995,0.90007,1.50,3.75
2012.02.27 15:06:10.865,0.89995,0.90008,1.50,3.75
2012.02.27 15:06:11.229,0.89993,0.90004,3.15,1.65
2012.02.27 15:06:11.724,0.8999,0.89998,1.88,1.50
2012.02.27 15:06:11.877,0.89986,0.89998,1.50,1.50
2012.02.27 15:06:12.442,0.89986,0.89998,1.50,1.50
2012.02.27 15:06:13.006,0.89987,0.89998,1.50,1.50
2012.02.27 15:06:13.558,0.89987,0.89998,1.50,2.25
2012.02.27 15:06:13.635,0.89987,0.89996,1.50,1.50
2012.02.27 15:06:14.710,0.89987,0.89996,1.50,1.50
2012.02.27 15:06:15.211,0.89987,0.89997,1.50,1.50
2012.02.27 15:06:15.774,0.89987,0.89997,1.65,2.25
2012.02.27 15:06:16.286,0.89988,0.89999,1.50,1.65
2012.02.27 15:06:16.800,0.89989,0.89999,1.50,1.50
2012.02.27 15:06:18.474,0.89989,0.89998,2.25,1.50
2012.02.27 15:06:19.047,0.89988,0.89998,1.50,1.50
2012.02.27 15:06:19.994,0.89988,0.89998,1.65,1.50
2012.02.27 15:06:20.286,0.89995,0.90005,2.63,1.50
2012.02.27 15:06:20.504,0.9,0.90006,2.25,2.25
2012.02.27 15:06:20.792,0.9,0.90009,2.25,3.00
2012.02.27 15:06:21.172,0.9,0.90009,2.25,2.25
2012.02.27 15:06:21.311,0.9,0.90011,2.25,2.40
2012.02.27 15:06:23.060,0.89999,0.9001,1.50,2.25
2012.02.27 15:06:23.139,0.89999,0.90008,1.50,1.50
2012.02.27 15:06:23.518,0.89997,0.90009,3.19,1.50
2012.02.27 15:06:24.261,0.89997,0.90009,3.15,1.50
2012.02.27 15:06:24.683,0.89998,0.90009,3.30,2.25
2012.02.27 15:06:25.736,0.89997,0.90009,1.13,3.75
2012.02.27 15:06:25.885,0.89997,0.90007,1.13,2.25
2012.02.27 15:06:26.442,0.89997,0.90007,1.50,2.25
2012.02.27 15:06:27.102,0.89997,0.90007,1.50,2.25
2012.02.27 15:06:27.632,0.89997,0.90007,1.50,2.25
2012.02.27 15:06:29.582,0.89998,0.90007,1.50,2.25
2012.02.27 15:06:29.999,0.89998,0.9001,1.50,3.75
2012.02.27 15:06:30.710,0.89998,0.9001,2.25,3.75
2012.02.27 15:06:30.998,0.90002,0.9001,1.50,1.50
2012.02.27 15:06:31.214,0.90002,0.90013,1.50,3.75
2012.02.27 15:06:31.960,0.90003,0.90013,1.50,3.75
2012.02.27 15:06:32.821,0.90004,0.90013,1.65,3.75
2012.02.27 15:06:33.350,0.90002,0.90012,1.05,2.25
2012.02.27 15:06:33.913,0.90002,0.90012,1.05,2.25
2012.02.27 15:06:35.071,0.90002,0.90012,1.05,2.25
2012.02.27 15:06:35.619,0.90003,0.90012,1.05,2.25
2012.02.27 15:06:35.945,0.90001,0.90012,1.50,2.25
2012.02.27 15:06:37.033,0.90001,0.90014,1.50,2.25
2012.02.27 15:06:37.550,0.90002,0.90015,1.50,3.75
2012.02.27 15:06:37.769,0.90002,0.90013,1.50,1.50
2012.02.27 15:06:38.302,0.90002,0.90014,3.00,1.50
2012.02.27 15:06:38.647,0.90003,0.90014,1.65,1.50
2012.02.27 15:06:39.165,0.90004,0.90014,1.50,1.50
2012.02.27 15:06:39.800,0.90001,0.90013,1.69,2.25
2012.02.27 15:06:39.940,0.90001,0.90013,1.69,2.25
2012.02.27 15:06:40.803,0.90001,0.90013,1.50,3.00
2012.02.27 15:06:42.220,0.90001,0.90013,1.50,3.00
2012.02.27 15:06:43.131,0.90002,0.90013,1.50,3.00
2012.02.27 15:06:43.720,0.90002,0.90013,1.50,3.00
2012.02.27 15:06:44.282,0.90001,0.90014,3.38,1.50
2012.02.27 15:06:44.796,0.90002,0.90014,3.00,1.65
2012.02.27 15:06:45.245,0.89998,0.90005,1.05,1.50
2012.02.27 15:06:45.557,0.89994,0.90001,1.05,3.75
2012.02.27 15:06:45.635,0.89993,0.90001,1.05,3.75
2012.02.27 15:06:46.050,0.89989,0.90001,4.28,1.50
2012.02.27 15:06:46.123,0.8999,0.90002,2.25,1.50
2012.02.27 15:06:46.820,0.89989,0.90001,3.53,1.50
2012.02.27 15:06:47.178,0.89991,0.90001,1.65,1.50
2012.02.27 15:06:47.533,0.89994,0.90008,5.84,1.50
2012.02.27 15:06:48.092,0.89996,0.90008,1.50,1.50
2012.02.27 15:06:48.692,0.89996,0.90006,1.50,1.50
2012.02.27 15:06:49.383,0.89995,0.90005,1.50,2.25
2012.02.27 15:06:49.463,0.89993,0.90004,2.25,1.65
2012.02.27 15:06:49.601,0.89993,0.9,2.25,1.50
2012.02.27 15:06:49.814,0.89988,0.9,3.15,1.50
2012.02.27 15:06:50.351,0.89988,0.9,1.65,1.50
2012.02.27 15:06:50.932,0.89987,0.89999,1.80,3.75
2012.02.27 15:06:51.008,0.89986,0.89999,2.03,3.75
2012.02.27 15:06:51.214,0.89986,0.89999,1.65,3.75
2012.02.27 15:06:51.580,0.89996,0.90005,1.50,2.25
2012.02.27 15:06:52.124,0.89996,0.90005,1.50,1.50
2012.02.27 15:06:52.686,0.89995,0.90005,1.50,2.25
2012.02.27 15:06:53.430,0.89995,0.90005,1.50,2.25
2012.02.27 15:06:53.798,0.89991,0.90003,3.00,3.15
2012.02.27 15:06:53.874,0.89989,0.9,3.00,2.40
2012.02.27 15:06:54.016,0.89989,0.9,2.25,2.40
2012.02.27 15:06:54.093,0.89987,0.89998,1.50,1.50
2012.02.27 15:06:54.868,0.89989,0.9,2.25,2.25
2012.02.27 15:06:56.219,0.8999,0.9,2.25,2.25
2012.02.27 15:06:56.304,0.89992,0.90004,2.25,4.65
2012.02.27 15:06:56.654,0.89993,0.90005,1.50,2.40
2012.02.27 15:06:57.224,0.89993,0.90004,2.25,2.40
2012.02.27 15:06:58.023,0.89991,0.90003,2.25,1.50
2012.02.27 15:06:58.572,0.89992,0.90004,2.25,4.65
2012.02.27 15:07:01.105,0.8999,0.90001,3.00,1.50
2012.02.27 15:07:01.467,0.89989,0.89999,1.50,3.75
2012.02.27 15:07:01.878,0.89987,0.89998,1.05,2.25
2012.02.27 15:07:02.376,0.89988,0.9,2.40,3.00
2012.02.27 15:07:04.742,0.89989,0.9,1.50,3.00
2012.02.27 15:07:05.094,0.89991,0.9,1.65,3.00
2012.02.27 15:07:05.165,0.89991,0.9,1.50,3.00
2012.02.27 15:07:05.245,0.89989,0.9,1.50,3.00
2012.02.27 15:07:06.355,0.89989,0.9,2.25,3.00
2012.02.27 15:07:06.775,0.8999,0.9,1.80,3.00
2012.02.27 15:07:07.312,0.89989,0.9,2.55,3.00
2012.02.27 15:07:08.518,0.89989,0.90001,2.25,4.50
2012.02.27 15:07:09.273,0.89989,0.90001,3.00,8.25
2012.02.27 15:07:09.952,0.89989,0.90001,3.75,8.25
2012.02.27 15:07:10.609,0.8999,0.90001,1.50,8.25
2012.02.27 15:07:11.173,0.8999,0.90001,2.25,6.75
2012.02.27 15:07:11.242,0.8999,0.90001,2.25,3.00
2012.02.27 15:07:11.750,0.89991,0.90001,1.50,3.00
2012.02.27 15:07:12.593,0.89991,0.90001,1.50,3.00
2012.02.27 15:07:13.256,0.89991,0.90001,1.50,3.00
2012.02.27 15:07:14.081,0.89989,0.89997,1.50,1.50
2012.02.27 15:07:14.229,0.89987,0.89997,1.50,1.50
2012.02.27 15:07:14.301,0.89986,0.89997,1.88,1.50
2012.02.27 15:07:14.730,0.89988,0.9,3.45,1.65
2012.02.27 15:07:15.121,0.8999,0.90002,3.00,2.25
2012.02.27 15:07:15.203,0.89991,0.90004,1.65,3.00
2012.02.27 15:07:15.412,0.89993,0.90004,1.65,2.25
2012.02.27 15:07:15.933,0.89993,0.90005,1.65,3.00
2012.02.27 15:07:16.482,0.89993,0.90005,2.25,1.50
2012.02.27 15:07:17.197,0.89993,0.90007,3.00,4.58
2012.02.27 15:07:17.705,0.89994,0.90006,1.50,1.50
2012.02.27 15:07:17.780,0.89995,0.90006,1.13,1.50
2012.02.27 15:07:18.114,0.90003,0.90014,2.63,2.25
2012.02.27 15:07:18.780,0.90009,0.90016,1.50,1.50
2012.02.27 15:07:19.061,0.90007,0.90016,1.50,1.50
2012.02.27 15:07:19.134,0.90007,0.90013,1.50,1.50
2012.02.27 15:07:19.205,0.90006,0.90013,1.50,1.50
2012.02.27 15:07:19.743,0.90005,0.90014,1.50,1.50
2012.02.27 15:07:19.951,0.90003,0.90014,1.50,1.50
2012.02.27 15:07:22.550,0.90003,0.90013,1.13,1.50
2012.02.27 15:07:23.068,0.90003,0.90014,1.88,1.50
2012.02.27 15:07:23.590,0.90003,0.90013,2.25,1.50
2012.02.27 15:07:25.412,0.90001,0.90013,4.13,1.50
2012.02.27 15:07:26.980,0.90001,0.90013,3.38,1.50
2012.02.27 15:07:27.061,0.90001,0.90013,3.00,4.65
2012.02.27 15:07:27.565,0.89998,0.90012,7.20,2.40
2012.02.27 15:07:28.097,0.89999,0.90013,1.50,4.80
2012.02.27 15:07:28.561,0.89999,0.90013,1.84,4.65
2012.02.27 15:07:29.872,0.89999,0.90013,1.84,4.50
2012.02.27 15:07:30.366,0.89999,0.90011,1.84,1.50
2012.02.27 15:07:31.603,0.89998,0.90011,1.24,1.50
2012.02.27 15:07:32.231,0.89997,0.90011,8.55,2.25
2012.02.27 15:07:32.453,0.89997,0.9001,1.50,2.63
2012.02.27 15:07:32.568,0.89997,0.90003,1.50,2.63
2012.02.27 15:07:33.003,0.89992,0.89998,2.40,3.75
2012.02.27 15:07:33.241,0.89985,0.89995,1.13,1.50
2012.02.27 15:07:33.622,0.89988,0.89995,1.42,1.50
2012.02.27 15:07:33.775,0.89992,0.90003,1.65,3.34
2012.02.27 15:07:34.292,0.8999,0.90003,2.07,2.25
2012.02.27 15:07:34.645,0.89992,0.90004,1.65,4.50
2012.02.27 15:07:35.003,0.89992,0.90004,2.25,4.50
2012.02.27 15:07:35.361,0.89991,0.90003,1.65,1.50
2012.02.27 15:07:35.432,0.89992,0.90004,2.25,4.50
2012.02.27 15:07:36.536,0.8999,0.90004,2.55,1.65
2012.02.27 15:07:37.364,0.89991,0.90003,1.65,1.50
2012.02.27 15:07:37.917,0.89992,0.90004,1.65,5.40
2012.02.27 15:07:38.578,0.89991,0.90003,1.80,1.50
2012.02.27 15:07:40.559,0.89991,0.90003,1.80,2.25
2012.02.27 15:07:41.069,0.89991,0.90002,1.50,3.00
2012.02.27 15:07:41.814,0.8999,0.90003,1.80,2.25
2012.02.27 15:07:42.116,0.89992,0.90003,1.50,3.15
2012.02.27 15:07:42.672,0.89991,0.90003,1.50,4.50
2012.02.27 15:07:43.245,0.8999,0.90003,1.50,3.00
2012.02.27 15:07:43.785,0.89989,0.90001,2.25,2.25
2012.02.27 15:07:44.555,0.8999,0.90002,1.50,2.25
2012.02.27 15:07:44.911,0.8999,0.90003,1.65,4.69
2012.02.27 15:07:45.193,0.89992,0.90003,1.65,2.44
2012.02.27 15:07:46.272,0.89991,0.90003,1.50,3.75
2012.02.27 15:07:50.080,0.89992,0.90004,1.50,3.90
2012.02.27 15:07:50.635,0.89991,0.90005,1.80,6.30
2012.02.27 15:07:52.515,0.89991,0.90005,1.50,6.30
2012.02.27 15:07:52.738,0.89991,0.90001,1.50,2.40
2012.02.27 15:07:53.274,0.89989,0.89998,1.50,2.25
2012.02.27 15:07:53.376,0.89985,0.89997,1.50,1.05
2012.02.27 15:07:53.600,0.89985,0.89998,1.50,3.00
2012.02.27 15:07:54.169,0.89986,0.89996,1.50,2.25
2012.02.27 15:07:54.732,0.89985,0.89996,1.65,2.25
2012.02.27 15:07:55.538,0.89985,0.89998,1.65,3.00
2012.02.27 15:07:55.769,0.89984,0.89994,1.65,2.25
2012.02.27 15:07:56.334,0.89983,0.89994,3.30,2.25
2012.02.27 15:07:57.835,0.89983,0.89995,1.80,2.40
2012.02.27 15:07:58.673,0.89983,0.89994,1.80,2.25
2012.02.27 15:07:59.773,0.89983,0.89994,1.65,2.40
2012.02.27 15:07:59.910,0.89981,0.89994,2.25,3.30
2012.02.27 15:08:00.051,0.8998,0.89994,4.28,4.80
2012.02.27 15:08:00.323,0.89982,0.89994,1.50,2.55
2012.02.27 15:08:00.882,0.89982,0.89994,1.65,2.40
2012.02.27 15:08:01.111,0.89984,0.89995,1.65,1.50
2012.02.27 15:08:01.581,0.89984,0.89996,1.65,4.80
2012.02.27 15:08:01.932,0.89984,0.89994,1.50,3.15
2012.02.27 15:08:02.275,0.89982,0.89994,1.50,4.80
2012.02.27 15:08:02.814,0.89981,0.89992,1.50,3.00
2012.02.27 15:08:03.627,0.89981,0.89992,1.50,3.15
2012.02.27 15:08:05.133,0.89982,0.89992,1.50,3.15
2012.02.27 15:08:05.680,0.89981,0.89992,1.50,3.15
2012.02.27 15:08:06.191,0.89981,0.89992,1.50,3.15
2012.02.27 15:08:06.508,0.89979,0.89989,1.50,1.13
2012.02.27 15:08:06.608,0.89975,0.89987,3.34,3.15
2012.02.27 15:08:06.681,0.89975,0.89985,2.40,3.15
2012.02.27 15:08:07.544,0.89975,0.89985,1.50,4.65
2012.02.27 15:08:07.905,0.89971,0.89983,1.50,1.05
2012.02.27 15:08:08.974,0.89972,0.89982,1.50,3.30
2012.02.27 15:08:12.401,0.89972,0.89982,1.50,1.05
2012.02.27 15:08:12.705,0.89976,0.89986,1.50,2.40
2012.02.27 15:08:13.139,0.89976,0.89987,1.50,3.15
2012.02.27 15:08:13.221,0.89973,0.89986,1.50,2.55
2012.02.27 15:08:13.842,0.89973,0.89982,1.50,2.25
2012.02.27 15:08:14.194,0.89971,0.89982,1.50,4.05
2012.02.27 15:08:14.531,0.89973,0.89982,1.50,4.05
2012.02.27 15:08:15.764,0.89971,0.89982,1.50,4.05
2012.02.27 15:08:16.772,0.89972,0.89982,1.50,4.05
2012.02.27 15:08:22.962,0.89972,0.89982,2.07,1.05
2012.02.27 15:08:23.058,0.89978,0.89987,1.50,3.38
2012.02.27 15:08:23.142,0.89978,0.89988,1.50,2.63
2012.02.27 15:08:23.287,0.89978,0.89989,1.50,3.00
2012.02.27 15:08:23.513,0.89978,0.89989,1.50,3.15
2012.02.27 15:08:24.130,0.89977,0.89989,1.50,4.80
2012.02.27 15:08:24.215,0.89975,0.89989,1.50,4.80
2012.02.27 15:08:24.572,0.89977,0.89989,1.50,4.80
2012.02.27 15:08:24.703,0.89975,0.89989,3.00,4.80
2012.02.27 15:08:24.975,0.89976,0.89989,1.50,3.30
2012.02.27 15:08:25.127,0.89978,0.89989,1.50,1.05
2012.02.27 15:08:25.202,0.89976,0.89989,1.50,1.05
2012.02.27 15:08:25.559,0.89978,0.8999,1.50,6.39
2012.02.27 15:08:26.191,0.89978,0.89989,1.50,1.05
2012.02.27 15:08:27.101,0.89978,0.89989,1.50,1.05
2012.02.27 15:08:27.702,0.89978,0.89989,1.50,3.15
2012.02.27 15:08:27.910,0.89976,0.89987,1.50,1.50
2012.02.27 15:08:28.479,0.89976,0.89987,1.50,1.50
2012.02.27 15:08:29.019,0.89975,0.89987,1.50,1.50
2012.02.27 15:08:29.735,0.89973,0.89987,6.38,3.00
2012.02.27 15:08:29.808,0.89973,0.89987,4.88,2.40
2012.02.27 15:08:31.342,0.89978,0.89986,1.50,1.28
2012.02.27 15:08:31.428,0.89976,0.8999,3.15,3.53
2012.02.27 15:08:31.505,0.89976,0.8999,1.65,3.53
2012.02.27 15:08:32.063,0.89976,0.89988,1.65,2.25
2012.02.27 15:08:32.279,0.89973,0.89985,3.00,1.50
2012.02.27 15:08:32.362,0.89973,0.89985,2.25,2.25
2012.02.27 15:08:32.505,0.89971,0.89983,1.50,1.50
2012.02.27 15:08:32.575,0.8997,0.89982,3.00,2.55
2012.02.27 15:08:32.992,0.89972,0.89982,1.50,1.05
2012.02.27 15:08:33.912,0.89972,0.89983,1.50,3.15
2012.02.27 15:08:34.137,0.89972,0.89984,1.65,3.90
2012.02.27 15:08:34.752,0.89972,0.89984,1.65,3.15
2012.02.27 15:08:35.414,0.89972,0.89984,1.50,3.15
2012.02.27 15:08:38.145,0.89972,0.89984,1.65,3.15
2012.02.27 15:08:39.000,0.89974,0.89985,3.00,1.05
2012.02.27 15:08:39.155,0.89975,0.89986,2.25,1.50
2012.02.27 15:08:39.361,0.89975,0.89988,2.25,1.65
2012.02.27 15:08:39.572,0.89977,0.89989,1.50,2.40
2012.02.27 15:08:39.724,0.89975,0.89988,2.25,1.65
2012.02.27 15:08:39.795,0.89978,0.8999,1.50,4.80
2012.02.27 15:08:40.157,0.89982,0.89992,1.50,3.15
2012.02.27 15:08:40.315,0.8998,0.89992,1.50,3.15
2012.02.27 15:08:42.072,0.8998,0.89992,1.50,3.00
2012.02.27 15:08:42.993,0.8998,0.89992,1.50,3.00
2012.02.27 15:08:43.491,0.89979,0.89989,1.50,1.28
2012.02.27 15:08:43.570,0.89975,0.89988,2.59,2.25
2012.02.27 15:08:43.802,0.89978,0.89988,1.50,1.50
2012.02.27 15:08:44.016,0.8998,0.89991,1.50,3.00
2012.02.27 15:08:44.549,0.89979,0.89991,1.50,3.00
2012.02.27 15:08:47.776,0.8998,0.89992,1.50,4.50
2012.02.27 15:08:48.147,0.89978,0.89992,1.50,4.50
2012.02.27 15:08:48.756,0.8998,0.89992,2.48,3.75
2012.02.27 15:08:49.223,0.89984,0.89998,1.65,3.00
2012.02.27 15:08:49.365,0.89984,0.89998,1.65,2.25
2012.02.27 15:08:49.433,0.89984,0.89998,1.50,2.40
2012.02.27 15:08:50.320,0.89984,0.89998,1.50,2.55
2012.02.27 15:08:51.673,0.89984,0.89998,1.50,2.93
2012.02.27 15:08:51.964,0.89983,0.89997,1.65,4.43
2012.02.27 15:08:52.699,0.89982,0.89995,2.25,3.00
2012.02.27 15:08:53.020,0.89976,0.89989,3.30,1.13
2012.02.27 15:08:53.615,0.89977,0.89988,1.65,2.25
2012.02.27 15:08:54.764,0.89976,0.89988,1.65,4.65
2012.02.27 15:08:55.101,0.89976,0.89988,1.65,2.40
2012.02.27 15:08:55.317,0.89977,0.8999,1.65,3.75
2012.02.27 15:08:56.259,0.89977,0.8999,1.65,3.00
2012.02.27 15:09:00.650,0.89976,0.89987,1.65,1.50
2012.02.27 15:09:01.294,0.89977,0.89988,1.65,1.50
2012.02.27 15:09:01.382,0.8998,0.8999,1.50,3.00
2012.02.27 15:09:01.880,0.8998,0.89992,1.50,3.90
2012.02.27 15:09:02.024,0.8998,0.89992,1.50,5.25
2012.02.27 15:09:02.506,0.89978,0.89992,3.75,4.50
2012.02.27 15:09:03.076,0.89979,0.89992,1.50,5.25
2012.02.27 15:09:04.266,0.89979,0.89992,2.25,1.50
2012.02.27 15:09:04.801,0.89982,0.89993,1.50,2.25
2012.02.27 15:09:05.423,0.89982,0.89993,1.65,2.25
2012.02.27 15:09:05.578,0.89982,0.89994,1.80,2.25
2012.02.27 15:09:05.989,0.89986,0.89995,1.50,1.50
2012.02.27 15:09:06.602,0.89985,0.89997,3.00,1.50
2012.02.27 15:09:08.212,0.89985,0.89997,1.65,1.50
2012.02.27 15:09:09.283,0.89984,0.89996,3.90,3.00
2012.02.27 15:09:10.935,0.89984,0.89996,4.65,3.00
2012.02.27 15:09:11.857,0.89984,0.89997,4.65,1.50
2012.02.27 15:09:12.525,0.89983,0.89994,1.05,1.50
2012.02.27 15:09:12.921,0.89984,0.89993,2.25,1.50
2012.02.27 15:09:13.001,0.89981,0.89992,2.25,1.50
2012.02.27 15:09:13.250,0.89976,0.89987,4.50,1.50
2012.02.27 15:09:13.753,0.89974,0.89986,3.00,4.13
2012.02.27 15:09:13.856,0.89969,0.89981,4.50,2.25
2012.02.27 15:09:13.976,0.89969,0.89975,4.50,1.50
2012.02.27 15:09:14.471,0.89969,0.89976,4.50,1.50
2012.02.27 15:09:14.752,0.89969,0.89977,4.50,1.50
2012.02.27 15:09:15.321,0.89969,0.89978,4.50,1.50
2012.02.27 15:09:16.077,0.89969,0.89979,4.50,1.50
2012.02.27 15:09:17.411,0.89969,0.89979,4.50,1.50
2012.02.27 15:09:17.950,0.89969,0.8998,4.50,1.50
2012.02.27 15:09:18.459,0.89969,0.89979,4.50,1.50
2012.02.27 15:09:19.026,0.8997,0.89977,1.50,1.13
2012.02.27 15:09:19.105,0.8997,0.89974,1.50,1.13
2012.02.27 15:09:19.243,0.89967,0.89974,2.25,1.13
2012.02.27 15:09:19.387,0.89964,0.89975,2.25,1.50
2012.02.27 15:09:19.467,0.89962,0.89975,3.00,3.00
2012.02.27 15:09:20.013,0.89961,0.89973,3.15,1.50
2012.02.27 15:09:20.981,0.89956,0.89968,2.25,2.25
2012.02.27 15:09:21.136,0.89954,0.89968,2.25,3.75
2012.02.27 15:09:21.223,0.89954,0.89968,2.25,3.75
2012.02.27 15:09:21.299,0.89955,0.89968,1.50,1.50
2012.02.27 15:09:21.841,0.89955,0.89969,2.25,5.78
2012.02.27 15:09:25.090,0.89955,0.89969,2.25,4.80
2012.02.27 15:09:25.854,0.89956,0.89968,1.50,1.65
2012.02.27 15:09:26.475,0.89954,0.89968,4.50,1.65
2012.02.27 15:09:26.999,0.89956,0.89968,1.50,1.65
2012.02.27 15:09:27.631,0.89955,0.89967,2.25,1.50
2012.02.27 15:09:28.850,0.89954,0.89966,4.50,1.50
2012.02.27 15:09:29.509,0.89952,0.89965,4.09,1.50
2012.02.27 15:09:29.897,0.89952,0.89966,5.59,3.00
2012.02.27 15:09:30.425,0.89952,0.89966,5.59,1.50
2012.02.27 15:09:30.583,0.89953,0.89967,2.25,1.50
2012.02.27 15:09:30.724,0.89953,0.89967,2.40,1.65
2012.02.27 15:09:31.414,0.89953,0.89967,4.65,1.65
2012.02.27 15:09:32.213,0.89954,0.89968,2.40,3.90
2012.02.27 15:09:32.725,0.89956,0.89968,3.00,3.90
2012.02.27 15:09:32.943,0.89958,0.89971,2.25,3.75
2012.02.27 15:09:33.082,0.89958,0.89969,1.50,2.25
2012.02.27 15:09:33.635,0.89958,0.8997,2.25,2.25
2012.02.27 15:09:34.056,0.89958,0.8997,2.40,1.50
2012.02.27 15:09:34.503,0.89958,0.89971,1.50,4.80
2012.02.27 15:09:34.872,0.89959,0.89969,1.05,1.50
2012.02.27 15:09:34.951,0.89959,0.89971,1.05,2.40
2012.02.27 15:09:35.660,0.89957,0.8997,1.50,3.90
2012.02.27 15:09:35.735,0.89957,0.8997,2.25,4.05
2012.02.27 15:09:35.932,0.89957,0.8997,2.25,4.05
2012.02.27 15:09:36.450,0.89957,0.8997,1.50,4.05
2012.02.27 15:09:37.024,0.89957,0.8997,1.50,4.05
2012.02.27 15:09:37.394,0.89957,0.8997,1.28,3.90
2012.02.27 15:09:37.696,0.89964,0.89973,3.15,1.28
2012.02.27 15:09:37.776,0.89963,0.89976,1.05,3.75
2012.02.27 15:09:38.630,0.89963,0.89977,4.65,1.50
2012.02.27 15:09:38.992,0.89966,0.8998,2.25,5.63
2012.02.27 15:09:39.289,0.89966,0.89979,2.25,3.00
2012.02.27 15:09:39.569,0.89964,0.89977,2.25,4.05
2012.02.27 15:09:40.055,0.89963,0.89977,3.00,3.75
2012.02.27 15:09:42.387,0.89962,0.89974,4.50,1.50
2012.02.27 15:09:42.534,0.89962,0.89976,2.25,1.65
2012.02.27 15:09:44.928,0.89963,0.89972,2.25,1.50
2012.02.27 15:09:45.289,0.89957,0.89969,1.50,1.50
2012.02.27 15:09:45.716,0.89957,0.89969,1.50,3.90
2012.02.27 15:09:45.926,0.89955,0.89967,3.00,1.65
2012.02.27 15:09:46.580,0.89956,0.89968,1.50,1.65
2012.02.27 15:09:47.666,0.89955,0.89964,1.50,1.50
2012.02.27 15:09:47.902,0.89952,0.89964,1.65,3.90
2012.02.27 15:09:48.004,0.89949,0.89961,4.13,3.75
2012.02.27 15:09:48.082,0.89949,0.89959,2.63,1.50
2012.02.27 15:09:48.547,0.89946,0.89952,1.88,3.00
2012.02.27 15:09:48.735,0.89944,0.89952,1.43,2.25
2012.02.27 15:09:48.824,0.8994,0.89951,1.05,1.50
2012.02.27 15:09:49.564,0.8994,0.8995,1.13,2.25
2012.02.27 15:09:49.669,0.89936,0.8995,2.59,4.65
2012.02.27 15:09:49.745,0.89936,0.8995,2.74,4.50
2012.02.27 15:09:49.905,0.89936,0.8995,2.40,5.25
2012.02.27 15:09:51.004,0.89935,0.89947,3.22,1.50
2012.02.27 15:09:51.631,0.89935,0.89949,2.55,3.00
2012.02.27 15:09:52.626,0.89934,0.89946,1.57,1.65
2012.02.27 15:09:52.912,0.89933,0.89946,4.09,3.00
2012.02.27 15:09:53.477,0.89933,0.89945,5.40,2.25
2012.02.27 15:09:54.030,0.89933,0.89946,5.59,1.50
2012.02.27 15:09:54.143,0.89939,0.89948,1.05,1.50
2012.02.27 15:09:54.320,0.8994,0.89951,1.65,2.25
2012.02.27 15:09:55.928,0.8994,0.89952,2.40,2.78
2012.02.27 15:09:56.493,0.89941,0.89952,2.40,1.28
2012.02.27 15:09:57.063,0.89938,0.8995,3.41,1.50
2012.02.27 15:09:57.348,0.89938,0.89951,1.09,3.75
2012.02.27 15:09:57.678,0.89937,0.89949,3.19,1.50
2012.02.27 15:09:58.204,0.89935,0.89948,2.18,2.25
2012.02.27 15:09:58.415,0.89935,0.89948,1.43,1.50
2012.02.27 15:09:58.966,0.89935,0.89949,2.78,1.50
2012.02.27 15:09:59.111,0.89935,0.89947,2.93,1.50
2012.02.27 15:10:00.489,0.89936,0.89948,2.40,1.50
2012.02.27 15:10:00.844,0.89938,0.89948,1.05,1.50
2012.02.27 15:10:01.392,0.89938,0.89948,1.05,1.50
2012.02.27 15:10:01.850,0.89934,0.89945,1.05,1.50
2012.02.27 15:10:02.406,0.89934,0.89946,3.30,1.50
2012.02.27 15:10:02.969,0.89935,0.89946,1.05,1.50
2012.02.27 15:10:04.542,0.89935,0.89947,1.05,2.25
2012.02.27 15:10:05.070,0.89935,0.89947,1.05,2.25
2012.02.27 15:10:05.543,0.89936,0.89947,2.09,2.25
2012.02.27 15:10:05.640,0.89937,0.89948,1.05,1.50
2012.02.27 15:10:05.854,0.89938,0.89947,1.50,1.50
2012.02.27 15:10:06.401,0.89938,0.89948,1.50,1.50
2012.02.27 15:10:07.325,0.89938,0.89949,1.50,2.63
2012.02.27 15:10:07.676,0.89938,0.89949,1.65,1.50
2012.02.27 15:10:08.110,0.89937,0.8995,2.59,6.00
2012.02.27 15:10:08.186,0.89937,0.89948,1.09,1.50
2012.02.27 15:10:08.967,0.89937,0.89948,1.69,1.50
2012.02.27 15:10:09.046,0.89937,0.8995,3.19,1.50
2012.02.27 15:10:09.563,0.89938,0.89951,1.50,1.65
2012.02.27 15:10:10.443,0.89938,0.89949,1.50,1.50
2012.02.27 15:10:11.624,0.89939,0.89951,1.05,1.65
2012.02.27 15:10:11.982,0.89936,0.89947,1.84,5.18
2012.02.27 15:10:12.131,0.89934,0.89945,2.25,1.65
2012.02.27 15:10:12.206,0.89934,0.89947,1.80,4.88
2012.02.27 15:10:12.729,0.89935,0.89947,1.05,3.38
2012.02.27 15:10:14.434,0.89935,0.89945,1.65,1.50
2012.02.27 15:10:15.148,0.89935,0.89944,1.65,1.50
2012.02.27 15:10:15.647,0.89938,0.89945,1.50,1.50
2012.02.27 15:10:15.733,0.89938,0.89947,1.50,1.50
2012.02.27 15:10:16.341,0.89938,0.89947,2.25,1.50
2012.02.27 15:10:16.989,0.89938,0.89947,1.50,1.65
2012.02.27 15:10:17.513,0.89938,0.89946,1.50,1.50
2012.02.27 15:10:18.175,0.89938,0.89946,1.50,1.50
2012.02.27 15:10:18.690,0.89937,0.89946,1.50,1.50
2012.02.27 15:10:19.251,0.89937,0.89946,1.50,1.50
2012.02.27 15:10:19.393,0.89937,0.89946,2.25,1.50
2012.02.27 15:10:19.549,0.89935,0.89944,1.65,1.50
2012.02.27 15:10:20.019,0.89935,0.8994,1.65,1.50
2012.02.27 15:10:20.132,0.89927,0.89939,1.65,1.65
2012.02.27 15:10:20.494,0.89927,0.89939,1.65,1.50
2012.02.27 15:10:20.894,0.89927,0.89939,1.65,1.50
2012.02.27 15:10:21.567,0.89927,0.89939,1.65,1.50
2012.02.27 15:10:21.950,0.89927,0.89938,1.50,2.78
2012.02.27 15:10:22.229,0.89924,0.89932,2.40,1.50
2012.02.27 15:10:22.445,0.89923,0.89934,1.65,4.50
2012.02.27 15:10:25.148,0.89925,0.89934,4.16,1.50
2012.02.27 15:10:25.515,0.8993,0.89941,2.25,1.50
2012.02.27 15:10:25.584,0.8993,0.89936,2.25,2.25
2012.02.27 15:10:25.666,0.8993,0.89934,1.50,2.25
2012.02.27 15:10:25.872,0.89925,0.89932,1.65,1.50
2012.02.27 15:10:25.958,0.89923,0.8993,3.38,1.50
2012.02.27 15:10:26.510,0.89921,0.89932,1.65,1.50
2012.02.27 15:10:26.659,0.89922,0.89935,4.19,1.50
2012.02.27 15:10:27.113,0.89924,0.89935,1.05,1.50
2012.02.27 15:10:27.470,0.89933,0.89942,1.50,1.50
2012.02.27 15:10:28.477,0.89935,0.89947,3.15,1.65
2012.02.27 15:10:28.565,0.89935,0.89944,1.05,1.50
2012.02.27 15:10:30.015,0.89934,0.89943,1.05,1.50
2012.02.27 15:10:30.725,0.89933,0.89943,1.50,3.75
2012.02.27 15:10:32.014,0.89933,0.89943,2.40,2.25
2012.02.27 15:10:32.170,0.89934,0.89946,1.28,3.75
2012.02.27 15:10:32.425,0.89938,0.89951,1.50,3.38
2012.02.27 15:10:32.570,0.89938,0.89951,2.25,3.15
2012.02.27 15:10:33.340,0.89935,0.89945,3.00,1.50
2012.02.27 15:10:33.891,0.89936,0.89946,1.50,3.75
2012.02.27 15:10:35.337,0.89936,0.89947,1.50,3.75
2012.02.27 15:10:35.457,0.89937,0.89949,1.50,3.75
2012.02.27 15:10:36.015,0.89937,0.89949,3.00,3.75
2012.02.27 15:10:36.092,0.89938,0.89947,1.50,1.50
2012.02.27 15:10:36.329,0.89933,0.89942,2.25,1.50
2012.02.27 15:10:36.945,0.89933,0.89942,1.50,1.50
2012.02.27 15:10:37.452,0.89933,0.89942,1.50,1.50
2012.02.27 15:10:37.979,0.89931,0.89941,1.50,1.50
2012.02.27 15:10:38.127,0.89933,0.89943,1.50,2.40
2012.02.27 15:10:38.347,0.89934,0.89945,1.50,1.50
2012.02.27 15:10:38.895,0.89934,0.89943,1.50,1.50
2012.02.27 15:10:38.967,0.89934,0.89945,1.50,1.50
2012.02.27 15:10:39.581,0.89934,0.89944,1.50,1.50
2012.02.27 15:10:40.142,0.89934,0.89945,1.50,1.50
2012.02.27 15:10:40.744,0.89934,0.89947,2.78,1.50
2012.02.27 15:10:40.888,0.89935,0.89947,1.88,1.50
2012.02.27 15:10:41.033,0.89937,0.89949,1.50,1.50
2012.02.27 15:10:41.618,0.89936,0.89948,1.50,1.65
2012.02.27 15:10:41.765,0.89937,0.89948,1.50,1.65
2012.02.27 15:10:42.316,0.89938,0.89948,1.69,4.50
2012.02.27 15:10:42.671,0.89935,0.89946,1.50,2.63
2012.02.27 15:10:42.767,0.89935,0.89942,1.50,3.00
2012.02.27 15:10:42.852,0.89933,0.89938,1.65,1.50
2012.02.27 15:10:43.009,0.8993,0.89937,1.13,1.50
2012.02.27 15:10:43.498,0.89926,0.89938,2.55,1.50
2012.02.27 15:10:44.973,0.89929,0.89941,3.00,1.50
2012.02.27 15:10:45.325,0.89936,0.89946,1.65,2.63
2012.02.27 15:10:45.427,0.89939,0.89949,1.50,3.00
2012.02.27 15:10:45.799,0.89936,0.89947,1.50,1.65
2012.02.27 15:10:46.227,0.89936,0.89949,2.25,2.25
2012.02.27 15:10:46.753,0.89937,0.89949,1.50,2.25
2012.02.27 15:10:47.111,0.89937,0.89945,1.50,1.50
2012.02.27 15:10:47.190,0.89935,0.89945,1.50,1.50
2012.02.27 15:10:47.477,0.89936,0.89946,1.50,1.50
2012.02.27 15:10:47.633,0.89935,0.89946,2.25,1.50
2012.02.27 15:10:48.284,0.89935,0.89945,1.50,1.50
2012.02.27 15:10:49.266,0.89935,0.89946,1.50,3.00
2012.02.27 15:10:49.793,0.89935,0.89945,1.50,1.50
2012.02.27 15:10:51.262,0.89935,0.89947,1.50,1.50
2012.02.27 15:10:51.547,0.89935,0.89945,1.05,1.50
2012.02.27 15:10:51.860,0.89936,0.89945,1.65,1.50
2012.02.27 15:10:52.673,0.89936,0.89947,1.50,3.00
2012.02.27 15:10:52.895,0.89936,0.89947,1.50,1.50
2012.02.27 15:10:53.056,0.89937,0.89947,3.15,1.50
2012.02.27 15:10:53.419,0.8994,0.89951,2.25,1.65
2012.02.27 15:10:53.935,0.8994,0.8995,1.50,2.25
2012.02.27 15:10:54.490,0.8994,0.8995,1.50,2.25
2012.02.27 15:10:55.260,0.89937,0.89944,2.25,1.50
2012.02.27 15:10:55.417,0.89935,0.89944,2.25,1.50
2012.02.27 15:10:55.850,0.89935,0.89947,2.25,1.69
2012.02.27 15:10:55.931,0.89935,0.89947,3.75,1.50
2012.02.27 15:10:56.674,0.89936,0.89948,3.75,1.50
2012.02.27 15:10:57.374,0.89935,0.89948,3.75,1.50
2012.02.27 15:10:58.083,0.89934,0.89945,2.25,1.50
2012.02.27 15:10:58.609,0.89934,0.89944,1.50,1.50
2012.02.27 15:10:59.228,0.89935,0.89945,1.50,1.50
2012.02.27 15:10:59.468,0.89931,0.89945,2.25,1.50
2012.02.27 15:10:59.555,0.8993,0.89943,2.63,2.25
2012.02.27 15:10:59.772,0.89928,0.89939,1.65,1.50
2012.02.27 15:11:00.644,0.89927,0.89939,2.40,1.50
2012.02.27 15:11:02.184,0.89926,0.89938,3.00,1.50
2012.02.27 15:11:02.334,0.89926,0.89938,3.00,1.50
2012.02.27 15:11:02.900,0.89924,0.89938,4.65,2.63
2012.02.27 15:11:03.014,0.89924,0.89933,3.15,1.50
2012.02.27 15:11:03.108,0.89922,0.89933,1.28,2.63
2012.02.27 15:11:03.192,0.89922,0.8993,1.28,1.50
2012.02.27 15:11:03.438,0.89919,0.8993,1.57,1.50
2012.02.27 15:11:03.522,0.89919,0.89932,1.57,1.65
2012.02.27 15:11:03.678,0.89922,0.89932,1.50,1.50
2012.02.27 15:11:04.187,0.89923,0.89932,1.50,1.50
2012.02.27 15:11:04.612,0.89923,0.89929,1.50,1.69
2012.02.27 15:11:04.845,0.89916,0.89925,2.25,1.50
2012.02.27 15:11:04.984,0.89916,0.89923,2.25,1.50
2012.02.27 15:11:05.265,0.89915,0.89926,1.50,1.50
2012.02.27 15:11:05.414,0.89913,0.89926,2.25,1.50
2012.02.27 15:11:05.936,0.89913,0.89926,2.25,1.50
2012.02.27 15:11:06.155,0.89913,0.89924,1.50,1.50
2012.02.27 15:11:06.490,0.89915,0.89924,1.50,1.50
2012.02.27 15:11:07.043,0.89915,0.89924,2.25,1.50
2012.02.27 15:11:07.715,0.89917,0.89927,2.55,3.75
2012.02.27 15:11:07.824,0.89922,0.89932,1.50,2.25
2012.02.27 15:11:07.976,0.89919,0.89932,1.09,1.50
2012.02.27 15:11:08.532,0.8992,0.89933,3.15,1.50
2012.02.27 15:11:08.814,0.8992,0.89933,2.40,2.25
2012.02.27 15:11:09.461,0.89919,0.89933,4.05,1.50
2012.02.27 15:11:09.594,0.89919,0.89929,1.65,1.50
2012.02.27 15:11:09.741,0.89915,0.89929,5.44,1.50
2012.02.27 15:11:10.165,0.89915,0.89926,3.75,1.50
2012.02.27 15:11:10.293,0.89916,0.89928,1.50,1.50
2012.02.27 15:11:11.100,0.89916,0.89928,2.25,1.50
2012.02.27 15:11:11.380,0.89919,0.89931,1.65,1.50
2012.02.27 15:11:11.687,0.89929,0.89935,2.63,2.25
2012.02.27 15:11:12.006,0.89929,0.89937,1.05,1.50
2012.02.27 15:11:12.581,0.89931,0.89943,1.65,3.75
2012.02.27 15:11:12.655,0.89931,0.89942,1.80,2.25
2012.02.27 15:11:12.808,0.8993,0.89942,4.28,1.50
2012.02.27 15:11:12.964,0.89932,0.89944,1.80,3.00
2012.02.27 15:11:13.034,0.89931,0.89944,3.68,1.50
2012.02.27 15:11:13.182,0.89934,0.89946,2.63,2.25
2012.02.27 15:11:13.540,0.89935,0.89946,2.03,1.50
2012.02.27 15:11:13.860,0.89935,0.89944,2.18,1.50
2012.02.27 15:11:14.229,0.89932,0.89943,4.65,2.25
2012.02.27 15:11:14.317,0.89931,0.89943,3.23,3.75
2012.02.27 15:11:14.477,0.89931,0.89941,1.50,1.50
2012.02.27 15:11:14.990,0.89931,0.89938,1.05,1.50
2012.02.27 15:11:15.526,0.89928,0.89938,4.65,1.50
2012.02.27 15:11:16.697,0.89927,0.89938,6.07,1.50
2012.02.27 15:11:17.333,0.8993,0.89938,1.88,1.50
2012.02.27 15:11:17.430,0.8993,0.89942,5.78,1.50
2012.02.27 15:11:17.993,0.8993,0.89941,2.03,1.50
2012.02.27 15:11:18.534,0.89931,0.89942,1.05,1.50
2012.02.27 15:11:19.088,0.89931,0.89942,1.05,1.50
2012.02.27 15:11:19.623,0.8993,0.89941,1.05,1.50
2012.02.27 15:11:20.185,0.89929,0.89939,1.65,1.50
2012.02.27 15:11:21.253,0.89927,0.89939,4.43,1.65
2012.02.27 15:11:21.608,0.89927,0.89935,2.18,2.25
2012.02.27 15:11:21.975,0.89921,0.89933,2.25,2.25
2012.02.27 15:11:22.254,0.89926,0.89935,1.50,1.50
2012.02.27 15:11:22.326,0.89926,0.89933,1.50,1.50
2012.02.27 15:11:22.542,0.89923,0.89933,1.50,1.50
2012.02.27 15:11:23.164,0.89923,0.89933,1.50,1.50
2012.02.27 15:11:23.586,0.89923,0.89932,1.50,1.50
2012.02.27 15:11:23.733,0.89923,0.89934,1.50,1.50
2012.02.27 15:11:24.452,0.89922,0.89934,1.50,1.50
2012.02.27 15:11:25.397,0.89922,0.89934,1.05,1.50
2012.02.27 15:11:25.948,0.89923,0.89935,1.05,1.50
2012.02.27 15:11:26.492,0.89923,0.89935,1.05,1.50
2012.02.27 15:11:27.051,0.89925,0.89936,3.15,1.50
2012.02.27 15:11:27.403,0.89925,0.89934,2.40,1.65
2012.02.27 15:11:27.963,0.89923,0.89935,2.03,1.50
2012.02.27 15:11:28.175,0.89923,0.89933,2.03,1.50
2012.02.27 15:11:28.738,0.89922,0.89934,2.55,1.50
2012.02.27 15:11:29.097,0.89924,0.89936,1.65,3.90
2012.02.27 15:11:29.249,0.89923,0.89934,1.05,1.50
2012.02.27 15:11:29.740,0.89922,0.89933,1.05,4.50
2012.02.27 15:11:29.903,0.89918,0.89929,2.25,5.10
2012.02.27 15:11:29.986,0.89917,0.89927,3.53,1.50
2012.02.27 15:11:30.072,0.89917,0.89926,1.65,1.50
2012.02.27 15:11:30.187,0.89913,0.89922,1.13,1.50
2012.02.27 15:11:30.964,0.89913,0.89924,1.13,1.65
2012.02.27 15:11:31.201,0.89915,0.89924,1.04,1.65
2012.02.27 15:11:31.520,0.8992,0.89928,1.65,1.50
2012.02.27 15:11:31.605,0.8992,0.89931,1.65,2.25
2012.02.27 15:11:32.292,0.8992,0.89932,2.40,2.25
2012.02.27 15:11:33.083,0.89921,0.89933,1.50,3.00
2012.02.27 15:11:33.160,0.8992,0.89931,2.25,1.05
2012.02.27 15:11:33.386,0.89916,0.89928,1.50,1.50
2012.02.27 15:11:34.167,0.89916,0.8993,1.65,3.75
2012.02.27 15:11:34.250,0.89922,0.89934,1.88,3.15
2012.02.27 15:11:34.411,0.89922,0.89936,4.05,3.15
2012.02.27 15:11:34.634,0.89922,0.89936,3.90,4.65
2012.02.27 15:11:34.845,0.89922,0.89936,1.50,4.65
2012.02.27 15:11:35.676,0.89921,0.89929,1.65,1.50
2012.02.27 15:11:36.094,0.89916,0.89928,3.00,1.65
2012.02.27 15:11:36.441,0.89917,0.89928,2.25,1.65
2012.02.27 15:11:36.995,0.89917,0.89926,2.25,1.65
2012.02.27 15:11:37.135,0.89914,0.89926,1.50,1.80
2012.02.27 15:11:37.274,0.89914,0.89926,2.03,1.65
2012.02.27 15:11:37.649,0.89917,0.89929,5.18,1.78
2012.02.27 15:11:37.735,0.8992,0.89932,2.40,2.87
2012.02.27 15:11:39.523,0.89921,0.89933,2.25,3.90
2012.02.27 15:11:42.133,0.8992,0.89933,2.40,2.40
2012.02.27 15:11:43.375,0.8992,0.8993,2.40,1.50
2012.02.27 15:11:44.076,0.8992,0.89932,2.40,2.40
2012.02.27 15:11:44.644,0.89922,0.89933,2.25,3.90
2012.02.27 15:11:45.010,0.89921,0.89934,2.40,2.25
2012.02.27 15:11:47.174,0.89921,0.89934,3.75,1.50
2012.02.27 15:11:47.450,0.89921,0.89933,4.65,1.50
2012.02.27 15:11:48.956,0.89918,0.89928,1.80,1.50
2012.02.27 15:11:49.053,0.89913,0.89926,2.25,1.50
2012.02.27 15:11:49.197,0.89915,0.89927,2.25,1.65
2012.02.27 15:11:50.494,0.89913,0.89927,6.15,2.40
2012.02.27 15:11:51.136,0.89914,0.89927,2.25,1.65
2012.02.27 15:11:51.650,0.89918,0.89929,1.50,1.05
2012.02.27 15:11:51.801,0.89918,0.8993,1.50,3.38
2012.02.27 15:11:52.371,0.89918,0.8993,1.50,4.13
2012.02.27 15:11:53.161,0.89919,0.8993,1.50,3.75
2012.02.27 15:11:54.286,0.8992,0.89931,1.50,4.65
2012.02.27 15:11:55.315,0.89919,0.89932,2.40,2.40
2012.02.27 15:11:55.670,0.8992,0.89933,5.47,2.25
2012.02.27 15:11:55.759,0.89923,0.89936,2.03,2.59
2012.02.27 15:11:56.180,0.89926,0.89938,1.50,2.25
2012.02.27 15:11:56.327,0.89924,0.89937,1.65,1.50
2012.02.27 15:11:56.414,0.89924,0.89937,2.25,4.80
2012.02.27 15:11:56.714,0.89921,0.89933,2.40,2.25
2012.02.27 15:11:57.524,0.89921,0.89935,3.59,3.75
2012.02.27 15:11:58.283,0.89923,0.89935,1.65,2.40
2012.02.27 15:11:58.826,0.89922,0.89935,4.50,2.25
2012.02.27 15:11:59.399,0.89922,0.89935,4.50,1.65
2012.02.27 15:11:59.920,0.89922,0.89936,4.50,3.34
2012.02.27 15:12:00.646,0.89922,0.89933,1.50,1.65
2012.02.27 15:12:00.857,0.89918,0.8993,5.40,1.50
2012.02.27 15:12:01.090,0.89916,0.89928,1.65,1.65
2012.02.27 15:12:02.411,0.89915,0.89929,4.65,2.40
2012.02.27 15:12:02.832,0.89919,0.8993,1.50,5.55
2012.02.27 15:12:03.047,0.89919,0.8993,1.50,2.25
2012.02.27 15:12:03.399,0.89919,0.89931,1.65,3.15
2012.02.27 15:12:03.923,0.89922,0.89934,1.50,4.43
2012.02.27 15:12:06.786,0.89921,0.89933,2.40,2.55
2012.02.27 15:12:07.133,0.89919,0.89933,2.25,2.55
2012.02.27 15:12:07.590,0.89921,0.89933,1.50,3.90
2012.02.27 15:12:08.844,0.89921,0.89933,1.50,4.05
2012.02.27 15:12:09.404,0.8992,0.89933,1.50,4.28
2012.02.27 15:12:09.920,0.8992,0.89933,2.25,3.68
2012.02.27 15:12:10.535,0.89921,0.89934,1.50,2.74
2012.02.27 15:12:11.117,0.89924,0.89934,1.50,1.80
2012.02.27 15:12:11.331,0.89924,0.89935,1.50,2.40
2012.02.27 15:12:11.603,0.89924,0.89934,1.50,2.55
2012.02.27 15:12:12.298,0.89923,0.89932,1.50,1.50
2012.02.27 15:12:12.842,0.89924,0.89932,1.50,1.50
2012.02.27 15:12:13.429,0.89924,0.89931,1.50,1.50
2012.02.27 15:12:13.990,0.89924,0.89931,1.50,1.50
2012.02.27 15:12:14.728,0.89924,0.89932,1.50,1.50
2012.02.27 15:12:15.337,0.89923,0.89932,1.50,1.50
2012.02.27 15:12:16.140,0.89923,0.89934,1.50,3.15
2012.02.27 15:12:16.992,0.89923,0.89935,2.25,3.15
2012.02.27 15:12:17.566,0.89923,0.89935,2.25,3.15
2012.02.27 15:12:18.077,0.89919,0.89933,3.90,4.65
2012.02.27 15:12:18.363,0.89921,0.89934,2.40,4.43
2012.02.27 15:12:18.911,0.89926,0.89934,1.42,1.65
2012.02.27 15:12:19.147,0.8993,0.89943,3.75,1.05
2012.02.27 15:12:19.226,0.8993,0.89944,4.65,4.24
2012.02.27 15:12:19.300,0.89931,0.89944,1.05,2.59
2012.02.27 15:12:19.598,0.89934,0.89945,2.25,1.50
2012.02.27 15:12:19.882,0.89936,0.89949,2.25,3.30
2012.02.27 15:12:20.172,0.89938,0.89949,1.50,1.65
2012.02.27 15:12:20.599,0.89934,0.89944,3.00,1.65
2012.02.27 15:12:20.687,0.89932,0.89942,3.00,1.50
2012.02.27 15:12:20.772,0.8993,0.89942,5.25,1.50
2012.02.27 15:12:22.181,0.8993,0.89942,1.50,2.25
2012.02.27 15:12:22.251,0.8993,0.89941,1.50,1.50
2012.02.27 15:12:22.793,0.8993,0.89941,1.50,1.50
2012.02.27 15:12:24.804,0.8993,0.8994,3.90,1.50
2012.02.27 15:12:24.930,0.8993,0.89941,4.05,1.50
2012.02.27 15:12:25.412,0.8993,0.8994,3.75,1.50
2012.02.27 15:12:25.881,0.8993,0.89937,2.25,1.50
2012.02.27 15:12:26.025,0.89923,0.89935,3.00,3.00
2012.02.27 15:12:26.163,0.89923,0.89933,2.25,1.50
2012.02.27 15:12:28.234,0.89925,0.89932,1.88,1.50
2012.02.27 15:12:28.672,0.89929,0.8994,3.75,2.03
2012.02.27 15:12:28.760,0.89931,0.89943,1.80,1.28
2012.02.27 15:12:29.030,0.89931,0.89943,4.05,1.28
2012.02.27 15:12:29.315,0.8993,0.89943,1.65,1.28
2012.02.27 15:12:29.384,0.89929,0.89943,5.40,3.38
2012.02.27 15:12:29.733,0.89931,0.89943,1.50,1.13
2012.02.27 15:12:30.084,0.89931,0.89943,1.65,2.25
2012.02.27 15:12:30.464,0.8993,0.89942,3.15,3.00
2012.02.27 15:12:31.295,0.89931,0.89942,1.50,1.50
2012.02.27 15:12:31.506,0.89934,0.89942,2.25,1.50
2012.02.27 15:12:31.660,0.89934,0.89943,3.75,1.50
2012.02.27 15:12:32.267,0.89934,0.89946,1.50,2.25
2012.02.27 15:12:32.483,0.89934,0.89947,1.50,4.50
2012.02.27 15:12:32.907,0.89934,0.89947,1.50,2.40
2012.02.27 15:12:33.124,0.89933,0.89946,2.25,2.25
2012.02.27 15:12:33.804,0.89932,0.89946,2.40,2.40
2012.02.27 15:12:35.103,0.89932,0.89942,2.40,1.50
2012.02.27 15:12:35.633,0.89935,0.89944,2.25,2.25
2012.02.27 15:12:36.194,0.89935,0.89944,2.25,1.50
2012.02.27 15:12:36.608,0.89938,0.89945,2.25,1.50
2012.02.27 15:12:36.682,0.89938,0.89948,2.25,3.00
2012.02.27 15:12:37.242,0.89938,0.89948,2.25,1.50
2012.02.27 15:12:38.130,0.89938,0.89947,2.25,1.50
2012.02.27 15:12:38.638,0.89937,0.89947,2.25,1.50
2012.02.27 15:12:39.191,0.89937,0.89947,2.25,1.50
2012.02.27 15:12:41.372,0.89937,0.89947,2.25,1.50
2012.02.27 15:12:41.912,0.89937,0.89948,2.25,3.00
2012.02.27 15:12:42.469,0.89937,0.89948,2.25,3.00
2012.02.27 15:12:43.020,0.89936,0.89947,2.63,3.00
2012.02.27 15:12:43.990,0.89936,0.89946,2.63,2.25
2012.02.27 15:12:44.486,0.89934,0.89945,2.25,2.25
2012.02.27 15:12:44.584,0.89931,0.89942,1.80,2.25
2012.02.27 15:12:44.729,0.8993,0.8994,3.75,1.50
2012.02.27 15:12:45.083,0.89931,0.89939,1.88,1.50
2012.02.27 15:12:45.635,0.89932,0.8994,2.63,1.50
2012.02.27 15:12:48.098,0.89932,0.89939,2.63,1.50
2012.02.27 15:12:48.343,0.89923,0.89933,2.93,1.50
2012.02.27 15:12:48.891,0.89923,0.89934,2.63,2.25
2012.02.27 15:12:50.068,0.89923,0.89934,1.13,2.25
2012.02.27 15:12:50.574,0.89923,0.89933,1.13,1.50
2012.02.27 15:12:51.133,0.89923,0.89934,1.28,2.25
2012.02.27 15:12:52.149,0.89928,0.8994,1.65,3.75
2012.02.27 15:12:52.238,0.8993,0.8994,2.40,1.50
2012.02.27 15:12:52.390,0.8993,0.89942,2.25,3.00
2012.02.27 15:12:52.467,0.8993,0.89942,2.25,3.00
2012.02.27 15:12:54.042,0.8993,0.89942,2.63,3.00
2012.02.27 15:12:56.319,0.8993,0.89939,2.63,2.64
2012.02.27 15:12:56.399,0.89928,0.89935,1.50,1.50
2012.02.27 15:12:56.479,0.89924,0.89935,4.28,3.19
2012.02.27 15:12:56.710,0.89924,0.89935,2.63,2.44
2012.02.27 15:12:57.251,0.89924,0.89933,2.63,1.50
2012.02.27 15:12:58.521,0.89924,0.89933,3.15,1.50
2012.02.27 15:12:59.038,0.89926,0.89935,1.50,1.50
2012.02.27 15:12:59.594,0.89924,0.89934,4.28,1.50
2012.02.27 15:13:00.850,0.89924,0.89934,4.28,1.50
2012.02.27 15:13:01.204,0.89926,0.89934,1.50,1.50
2012.02.27 15:13:01.557,0.89929,0.89937,3.00,1.50
2012.02.27 15:13:01.632,0.89929,0.89939,3.15,3.00
2012.02.27 15:13:01.706,0.89929,0.8994,2.55,1.50
2012.02.27 15:13:01.786,0.89929,0.89942,2.55,3.00
2012.02.27 15:13:02.230,0.89929,0.89941,2.55,3.00
2012.02.27 15:13:02.783,0.89928,0.89941,2.78,2.25
2012.02.27 15:13:03.458,0.89929,0.89941,1.50,3.00
2012.02.27 15:13:03.865,0.89928,0.8994,4.28,3.00
2012.02.27 15:13:04.312,0.89928,0.8994,4.28,3.75
2012.02.27 15:13:05.006,0.89928,0.89938,4.28,1.50
2012.02.27 15:13:05.543,0.89928,0.89938,4.28,1.50
2012.02.27 15:13:07.039,0.89928,0.89936,2.63,1.50
2012.02.27 15:13:07.592,0.89926,0.89937,5.18,1.50
2012.02.27 15:13:08.615,0.89929,0.8994,4.42,1.50
2012.02.27 15:13:08.964,0.89929,0.89939,2.40,1.50
2012.02.27 15:13:09.517,0.89929,0.89938,2.25,1.50
2012.02.27 15:13:10.310,0.89929,0.89939,2.40,1.50
2012.02.27 15:13:11.170,0.89929,0.89939,2.25,1.50
2012.02.27 15:13:11.716,0.89929,0.89938,2.40,1.50
2012.02.27 15:13:12.249,0.89929,0.89938,2.25,1.50
2012.02.27 15:13:14.026,0.89929,0.89938,2.40,1.50
2012.02.27 15:13:14.178,0.89929,0.89939,4.13,1.50
2012.02.27 15:13:14.703,0.8993,0.89939,2.25,1.50
2012.02.27 15:13:15.138,0.8993,0.8994,3.22,1.50
2012.02.27 15:13:15.358,0.89931,0.89943,2.40,1.50
2012.02.27 15:13:15.923,0.8993,0.89942,4.72,3.00
2012.02.27 15:13:18.905,0.89924,0.89935,1.88,2.25
2012.02.27 15:13:19.259,0.89929,0.89935,2.40,1.50
2012.02.27 15:13:19.544,0.89929,0.89937,3.75,1.50
2012.02.27 15:13:19.814,0.89929,0.89941,3.22,2.25
2012.02.27 15:13:20.436,0.89929,0.89942,4.34,3.00
2012.02.27 15:13:20.944,0.89928,0.8994,4.57,2.25
2012.02.27 15:13:21.155,0.89929,0.89942,4.34,3.00
2012.02.27 15:13:22.376,0.89929,0.89942,3.68,3.00
2012.02.27 15:13:22.462,0.89929,0.89941,3.00,1.50
2012.02.27 15:13:22.535,0.89928,0.89938,1.28,1.50
2012.02.27 15:13:22.882,0.89928,0.89937,2.63,1.50
2012.02.27 15:13:23.447,0.89927,0.89937,2.93,1.50
2012.02.27 15:13:24.246,0.89927,0.89937,2.78,2.25
2012.02.27 15:13:24.851,0.89927,0.89937,2.93,3.00
2012.02.27 15:13:25.680,0.89924,0.89935,1.28,1.50
2012.02.27 15:13:25.972,0.89924,0.89934,1.28,1.50
2012.02.27 15:13:26.533,0.89923,0.89934,4.43,1.50
2012.02.27 15:13:27.074,0.89923,0.89935,2.78,2.25
2012.02.27 15:13:27.611,0.89925,0.89936,2.25,2.40
2012.02.27 15:13:28.224,0.89925,0.89936,3.00,1.65
2012.02.27 15:13:28.970,0.89925,0.89936,2.25,3.00
2012.02.27 15:13:29.901,0.89924,0.89936,2.78,3.00
2012.02.27 15:13:30.690,0.89924,0.89936,2.78,1.50
2012.02.27 15:13:31.058,0.8993,0.89942,1.65,3.34
2012.02.27 15:13:31.276,0.8993,0.89942,1.65,2.25
2012.02.27 15:13:31.835,0.89929,0.8994,3.38,2.40
2012.02.27 15:13:32.927,0.89928,0.8994,2.25,1.50
2012.02.27 15:13:33.709,0.89928,0.8994,3.00,1.65
2012.02.27 15:13:34.119,0.89929,0.89941,3.90,1.50
2012.02.27 15:13:34.418,0.89929,0.89941,3.00,5.40
2012.02.27 15:13:34.635,0.89928,0.8994,3.00,2.40
2012.02.27 15:13:34.708,0.89927,0.89938,5.32,1.50
2012.02.27 15:13:34.792,0.89927,0.89941,6.29,2.40
2012.02.27 15:13:35.215,0.89927,0.89938,4.88,1.50
2012.02.27 15:13:36.098,0.89927,0.89937,1.13,2.25
2012.02.27 15:13:36.455,0.89923,0.89928,1.50,2.25
2012.02.27 15:13:36.523,0.89917,0.89928,4.02,2.25
2012.02.27 15:13:36.805,0.89917,0.89928,2.63,1.65
2012.02.27 15:13:37.235,0.89917,0.89928,2.78,2.25
2012.02.27 15:13:37.759,0.89917,0.89924,2.63,1.50
2012.02.27 15:13:38.121,0.89921,0.89927,1.19,1.50
2012.02.27 15:13:38.204,0.89923,0.89929,2.25,1.50
2012.02.27 15:13:38.602,0.89923,0.89933,1.05,2.25
2012.02.27 15:13:38.684,0.89922,0.89933,1.65,1.65
2012.02.27 15:13:39.245,0.89922,0.89932,1.50,1.65
2012.02.27 15:13:39.815,0.89923,0.89934,1.50,3.00
2012.02.27 15:13:40.516,0.89923,0.89935,1.50,3.38
2012.02.27 15:13:40.654,0.89923,0.89933,3.75,1.50
2012.02.27 15:13:40.881,0.89921,0.89931,1.65,1.65
2012.02.27 15:13:41.448,0.89919,0.89931,2.54,1.50
2012.02.27 15:13:41.873,0.89919,0.89927,1.65,1.50
2012.02.27 15:13:41.948,0.89918,0.89926,1.50,1.50
2012.02.27 15:13:42.175,0.89915,0.89924,2.03,1.50
2012.02.27 15:13:42.739,0.89917,0.89924,1.50,1.50
2012.02.27 15:13:43.198,0.89916,0.89924,1.13,1.50
2012.02.27 15:13:43.845,0.89916,0.89924,1.13,1.50
2012.02.27 15:13:44.864,0.89917,0.89926,1.50,1.50
2012.02.27 15:13:45.419,0.89917,0.89926,1.50,1.50
2012.02.27 15:13:45.984,0.89917,0.89926,1.50,1.50
2012.02.27 15:13:48.740,0.89917,0.89925,1.50,1.50
2012.02.27 15:13:49.205,0.89917,0.89929,1.65,1.65
2012.02.27 15:13:49.693,0.89918,0.8993,3.30,1.50
2012.02.27 15:13:51.248,0.89919,0.89929,2.40,1.50
2012.02.27 15:13:51.893,0.89919,0.89926,1.65,1.50
2012.02.27 15:13:52.405,0.89916,0.89926,1.50,1.50
2012.02.27 15:13:53.039,0.89915,0.89926,5.63,1.65
2012.02.27 15:13:53.799,0.89915,0.89925,1.13,1.65
2012.02.27 15:13:54.577,0.89915,0.89925,1.13,1.65
2012.02.27 15:13:55.310,0.89915,0.89925,1.88,1.50
2012.02.27 15:13:55.575,0.89915,0.89925,2.63,1.50
2012.02.27 15:13:55.774,0.89914,0.89925,3.38,1.65
2012.02.27 15:13:57.332,0.89915,0.89923,1.13,1.50
2012.02.27 15:13:57.865,0.89915,0.89925,1.13,2.25
2012.02.27 15:13:58.369,0.89914,0.89923,1.88,1.50
2012.02.27 15:13:58.857,0.89914,0.89925,4.13,1.50
2012.02.27 15:13:59.400,0.89914,0.89925,4.13,1.50
2012.02.27 15:14:00.012,0.89914,0.89925,4.13,1.50
2012.02.27 15:14:00.562,0.89914,0.89926,6.38,1.50
2012.02.27 15:14:01.396,0.89917,0.89926,2.25,1.50
2012.02.27 15:14:01.685,0.89918,0.89928,1.50,2.78
2012.02.27 15:14:02.247,0.89918,0.89926,1.50,1.50
2012.02.27 15:14:03.185,0.89917,0.89926,1.50,1.50
2012.02.27 15:14:03.926,0.89917,0.89929,2.78,1.50
2012.02.27 15:14:04.001,0.89919,0.89931,2.40,4.65
2012.02.27 15:14:04.354,0.89922,0.89934,2.40,3.94
2012.02.27 15:14:04.948,0.89923,0.89933,1.65,2.25
2012.02.27 15:14:05.315,0.89922,0.89934,3.30,1.50
2012.02.27 15:14:05.727,0.89923,0.89936,1.50,2.40
2012.02.27 15:14:05.874,0.89923,0.89936,2.17,2.40
2012.02.27 15:14:06.641,0.89927,0.89938,1.13,5.40
2012.02.27 15:14:06.942,0.89933,0.89946,2.25,3.49
2012.02.27 15:14:07.431,0.89933,0.89946,3.00,1.39
2012.02.27 15:14:07.936,0.89935,0.89947,2.25,3.00
2012.02.27 15:14:08.455,0.89941,0.89953,1.50,5.18
2012.02.27 15:14:08.672,0.89941,0.89953,2.25,2.18
2012.02.27 15:14:09.225,0.8994,0.89953,4.65,2.03
2012.02.27 15:14:09.776,0.8994,0.89954,4.65,2.74
2012.02.27 15:14:10.280,0.89941,0.89953,1.50,1.05
2012.02.27 15:14:10.800,0.89943,0.89954,2.25,1.43
2012.02.27 15:14:10.947,0.89943,0.89953,1.50,1.50
2012.02.27 15:14:11.312,0.89939,0.89946,2.25,1.69
2012.02.27 15:14:11.674,0.89935,0.89945,2.25,1.65
2012.02.27 15:14:11.819,0.89935,0.89945,1.50,1.65
2012.02.27 15:14:12.180,0.89934,0.89946,1.50,4.84
2012.02.27 15:14:12.677,0.89934,0.89946,3.00,4.50
2012.02.27 15:14:13.101,0.89934,0.89943,1.50,1.13
2012.02.27 15:14:13.343,0.89927,0.89937,1.65,1.65
2012.02.27 15:14:13.870,0.89925,0.89938,2.25,4.80
2012.02.27 15:14:14.357,0.89926,0.89938,2.25,4.65
2012.02.27 15:14:14.436,0.89926,0.89938,3.07,3.00
2012.02.27 15:14:14.587,0.89928,0.89941,2.25,3.38
2012.02.27 15:14:15.524,0.89928,0.89941,1.65,3.53
2012.02.27 15:14:16.162,0.89931,0.89941,3.00,1.50
2012.02.27 15:14:16.250,0.89933,0.89944,1.50,1.65
2012.02.27 15:14:16.333,0.89934,0.89944,1.50,1.65
2012.02.27 15:14:16.614,0.89934,0.89946,1.69,4.13
2012.02.27 15:14:16.760,0.89934,0.89946,1.69,4.13
2012.02.27 15:14:17.933,0.89938,0.89949,1.50,6.00
2012.02.27 15:14:18.142,0.89939,0.89949,1.50,1.50
2012.02.27 15:14:18.765,0.89939,0.89948,1.50,1.50
2012.02.27 15:14:19.272,0.89937,0.89948,1.69,1.50
2012.02.27 15:14:19.768,0.89935,0.89945,1.50,1.50
2012.02.27 15:14:19.848,0.89936,0.89948,1.50,2.40
2012.02.27 15:14:19.922,0.89936,0.89948,2.25,2.40
2012.02.27 15:14:20.417,0.89937,0.89949,1.50,4.50
2012.02.27 15:14:21.041,0.89937,0.89947,2.25,1.50
2012.02.27 15:14:21.608,0.89937,0.89948,1.50,1.65
2012.02.27 15:14:22.501,0.89937,0.89949,1.50,2.40
2012.02.27 15:14:22.589,0.89937,0.89949,1.50,2.55
2012.02.27 15:14:24.497,0.89937,0.8995,3.38,4.72
2012.02.27 15:14:25.054,0.89937,0.8995,1.88,4.12
2012.02.27 15:14:25.270,0.89938,0.89951,3.38,3.53
2012.02.27 15:14:25.350,0.89941,0.89951,2.25,1.88
2012.02.27 15:14:26.169,0.89941,0.89953,2.25,3.90
2012.02.27 15:14:26.721,0.89941,0.89953,2.25,3.90
2012.02.27 15:14:27.670,0.89944,0.89954,2.25,1.80
2012.02.27 15:14:28.001,0.89944,0.89954,4.65,1.65
2012.02.27 15:14:28.294,0.89945,0.89951,1.50,1.50
2012.02.27 15:14:28.434,0.8994,0.8995,1.69,1.50
2012.02.27 15:14:28.505,0.89941,0.8995,1.69,2.25
2012.02.27 15:14:29.066,0.8994,0.89952,1.69,5.25
2012.02.27 15:14:29.571,0.89939,0.89951,1.09,4.50
2012.02.27 15:14:29.916,0.89939,0.89951,1.69,3.75
2012.02.27 15:14:31.177,0.89937,0.8995,3.00,1.65
2012.02.27 15:14:31.548,0.89937,0.8995,1.50,1.50
2012.02.27 15:14:32.332,0.89936,0.89948,1.50,1.50
2012.02.27 15:14:32.869,0.89938,0.8995,1.50,2.55
2012.02.27 15:14:32.948,0.89938,0.8995,2.25,2.40
2012.02.27 15:14:33.511,0.89937,0.8995,3.75,1.05
2012.02.27 15:14:34.051,0.89937,0.89949,3.38,1.65
2012.02.27 15:14:34.192,0.89938,0.8995,2.25,3.00
2012.02.27 15:14:34.752,0.89939,0.8995,2.25,3.15
2012.02.27 15:14:35.032,0.89938,0.8995,2.63,4.05
2012.02.27 15:14:35.509,0.89938,0.8995,1.88,4.05
2012.02.27 15:14:35.823,0.8994,0.8995,3.15,1.50
2012.02.27 15:14:35.908,0.89941,0.89953,3.00,2.40
2012.02.27 15:14:37.434,0.89941,0.89953,1.13,2.55
2012.02.27 15:14:38.291,0.89941,0.89952,3.38,1.74
2012.02.27 15:14:38.791,0.8994,0.89952,1.88,2.40
2012.02.27 15:14:39.226,0.89944,0.89957,6.75,3.00
2012.02.27 15:14:39.313,0.89945,0.89957,3.19,3.00
2012.02.27 15:14:39.522,0.89946,0.89958,3.19,4.80
2012.02.27 15:14:39.595,0.89946,0.89958,2.44,4.88
2012.02.27 15:14:40.517,0.89946,0.89957,1.69,1.65
2012.02.27 15:14:41.063,0.89945,0.89957,2.44,1.80
2012.02.27 15:14:42.352,0.89945,0.89957,2.25,2.40
2012.02.27 15:14:45.712,0.89945,0.89957,2.25,2.70
2012.02.27 15:14:45.930,0.89948,0.89959,1.50,5.25
2012.02.27 15:14:46.300,0.89953,0.89963,4.50,1.50
2012.02.27 15:14:46.527,0.89954,0.89966,2.25,2.40
2012.02.27 15:14:47.098,0.89954,0.89967,2.63,2.03
2012.02.27 15:14:48.127,0.89955,0.89965,2.25,1.05
2012.02.27 15:14:48.808,0.89952,0.89963,1.69,1.65
2012.02.27 15:14:49.109,0.89955,0.89965,1.50,1.65
2012.02.27 15:14:49.675,0.89954,0.89965,1.88,2.55
2012.02.27 15:14:51.676,0.89955,0.89964,2.03,1.50
2012.02.27 15:14:52.232,0.89955,0.89964,2.25,1.65
2012.02.27 15:14:53.723,0.89953,0.89963,1.32,1.50
2012.02.27 15:14:53.793,0.89952,0.89963,1.50,1.50
2012.02.27 15:14:55.103,0.89952,0.89964,2.63,1.65
2012.02.27 15:14:56.433,0.89952,0.89961,2.63,4.50
2012.02.27 15:14:56.788,0.89951,0.8996,1.65,1.50
2012.02.27 15:14:56.867,0.89951,0.89962,1.99,3.00
2012.02.27 15:14:57.603,0.89949,0.89959,2.25,3.38
2012.02.27 15:14:57.919,0.89946,0.89957,1.13,1.65
2012.02.27 15:14:58.139,0.89947,0.89958,1.13,1.65
2012.02.27 15:14:58.368,0.8995,0.89961,1.50,4.13
2012.02.27 15:14:58.973,0.89951,0.89961,1.50,4.13
2012.02.27 15:14:59.057,0.89949,0.89963,3.19,5.25
2012.02.27 15:15:00.382,0.89949,0.89963,3.19,6.30
2012.02.27 15:15:00.984,0.89951,0.89963,1.50,6.75
2012.02.27 15:15:01.422,0.89949,0.89963,3.19,5.25
2012.02.27 15:15:02.113,0.89949,0.89963,3.19,7.50
2012.02.27 15:15:02.641,0.89949,0.89961,3.00,2.25
2012.02.27 15:15:03.812,0.89951,0.89961,1.50,2.25
2012.02.27 15:15:06.317,0.8995,0.89959,1.50,1.65
2012.02.27 15:15:06.661,0.89948,0.89962,3.38,4.05
2012.02.27 15:15:07.224,0.89949,0.89961,1.50,2.40
2012.02.27 15:15:07.760,0.8995,0.89961,1.50,2.55
2012.02.27 15:15:08.952,0.89949,0.89962,1.50,1.80
2012.02.27 15:15:09.477,0.89949,0.89962,1.65,2.40
2012.02.27 15:15:09.767,0.89953,0.89964,1.13,1.65
2012.02.27 15:15:09.844,0.89957,0.89964,1.50,1.50
2012.02.27 15:15:09.920,0.89957,0.89966,1.50,1.50
2012.02.27 15:15:10.194,0.89956,0.89967,1.50,2.63
2012.02.27 15:15:10.886,0.89955,0.89967,1.50,2.78
2012.02.27 15:15:11.021,0.89956,0.89967,1.50,2.18
2012.02.27 15:15:12.474,0.89954,0.89966,2.25,2.44
2012.02.27 15:15:12.880,0.89956,0.89966,1.50,1.84
2012.02.27 15:15:14.294,0.89954,0.89966,2.25,2.44
2012.02.27 15:15:15.169,0.89954,0.89966,1.50,2.44
2012.02.27 15:15:17.291,0.89955,0.89967,2.25,2.44
2012.02.27 15:15:17.648,0.89958,0.89969,3.75,3.00
2012.02.27 15:15:18.150,0.89957,0.89968,1.80,1.50
2012.02.27 15:15:18.593,0.89954,0.89966,2.63,1.50
2012.02.27 15:15:19.094,0.89954,0.89966,2.63,1.50
2012.02.27 15:15:19.610,0.89955,0.89967,2.25,1.88
2012.02.27 15:15:20.586,0.89954,0.89966,2.63,1.50
2012.02.27 15:15:22.497,0.89954,0.89966,2.40,1.88
2012.02.27 15:15:22.643,0.89954,0.89966,2.25,1.88
2012.02.27 15:15:25.915,0.89954,0.89966,2.25,3.15
2012.02.27 15:15:26.332,0.89952,0.89961,1.50,1.13
2012.02.27 15:15:26.764,0.89947,0.89958,1.13,3.87
2012.02.27 15:15:26.837,0.89947,0.89958,1.88,3.72
2012.02.27 15:15:26.924,0.89947,0.89958,1.88,3.57
2012.02.27 15:15:27.485,0.89947,0.89958,1.88,1.88
2012.02.27 15:15:28.192,0.89946,0.89958,2.25,1.88
2012.02.27 15:15:28.265,0.89946,0.89958,2.25,2.18
2012.02.27 15:15:30.132,0.89946,0.89955,1.50,1.50
2012.02.27 15:15:31.045,0.89946,0.89954,1.50,1.50
2012.02.27 15:15:31.463,0.89946,0.89958,1.50,2.25
2012.02.27 15:15:32.341,0.89946,0.89958,1.50,3.90
2012.02.27 15:15:32.963,0.89946,0.89958,1.50,2.18
2012.02.27 15:15:34.002,0.89947,0.89958,1.80,1.88
2012.02.27 15:15:39.624,0.89946,0.89956,1.65,1.50
2012.02.27 15:15:40.862,0.89946,0.89956,1.50,1.50
2012.02.27 15:15:41.008,0.89947,0.89958,1.65,1.50
2012.02.27 15:15:42.247,0.89946,0.89958,1.65,1.50
2012.02.27 15:15:42.324,0.89946,0.89958,1.50,1.50
2012.02.27 15:15:43.945,0.89946,0.89958,1.50,3.75
2012.02.27 15:15:44.273,0.89947,0.89955,1.50,1.50
2012.02.27 15:15:45.532,0.89945,0.89953,1.13,2.18
2012.02.27 15:15:45.750,0.89937,0.8995,5.22,2.25
2012.02.27 15:15:46.176,0.89938,0.89949,1.13,1.50
2012.02.27 15:15:46.253,0.89938,0.8995,1.43,2.25
2012.02.27 15:15:47.872,0.89939,0.8995,1.05,1.50
2012.02.27 15:15:48.083,0.89938,0.8995,2.63,1.50
2012.02.27 15:15:48.693,0.89938,0.8995,1.13,1.50
2012.02.27 15:15:50.040,0.89938,0.89949,1.13,1.50
2012.02.27 15:15:51.216,0.89938,0.89951,1.13,3.90
2012.02.27 15:15:53.603,0.89938,0.89951,1.88,4.13
2012.02.27 15:15:54.108,0.89938,0.89949,1.13,1.50
2012.02.27 15:15:55.264,0.89938,0.89949,1.13,1.65
2012.02.27 15:15:55.473,0.89937,0.89949,1.88,1.50
2012.02.27 15:15:56.131,0.89937,0.89949,2.63,1.65
2012.02.27 15:15:57.695,0.89938,0.89951,1.13,4.13
2012.02.27 15:16:00.024,0.89937,0.89948,1.13,1.50
2012.02.27 15:16:00.931,0.89937,0.89948,1.88,1.65
2012.02.27 15:16:01.434,0.89937,0.89948,1.50,3.90
2012.02.27 15:16:01.942,0.89937,0.89946,1.50,1.65
2012.02.27 15:16:02.303,0.89934,0.89944,1.88,2.07
2012.02.27 15:16:02.649,0.89934,0.89947,4.13,4.84
2012.02.27 15:16:03.413,0.89935,0.89947,1.50,3.19
2012.02.27 15:16:07.441,0.89935,0.89948,1.50,1.84
2012.02.27 15:16:08.278,0.89935,0.89948,1.50,1.65
2012.02.27 15:16:08.630,0.89939,0.89949,1.50,3.75
2012.02.27 15:16:09.278,0.89945,0.89957,2.25,2.63
2012.02.27 15:16:09.359,0.89948,0.89955,1.50,2.40
2012.02.27 15:16:09.856,0.89946,0.89954,1.50,1.50
2012.02.27 15:16:10.921,0.89941,0.89954,3.75,1.67
2012.02.27 15:16:11.066,0.8994,0.89952,3.75,1.65
2012.02.27 15:16:11.621,0.8994,0.89952,1.50,1.84
2012.02.27 15:16:12.372,0.89938,0.89952,3.30,1.65
2012.02.27 15:16:13.703,0.89943,0.89953,3.00,1.65
2012.02.27 15:16:13.782,0.89944,0.89953,2.40,1.50
2012.02.27 15:16:13.999,0.89947,0.89955,2.25,1.50
2012.02.27 15:16:14.221,0.89948,0.89958,2.25,1.50
2012.02.27 15:16:14.627,0.89947,0.89959,1.50,3.30
2012.02.27 15:16:14.775,0.89945,0.89958,3.00,1.50
2012.02.27 15:16:14.842,0.89945,0.89958,3.00,1.50
2012.02.27 15:16:15.366,0.89946,0.89959,1.50,6.00
2012.02.27 15:16:15.772,0.89946,0.89957,1.80,1.50
2012.02.27 15:16:16.036,0.89947,0.89959,1.05,1.65
2012.02.27 15:16:16.858,0.89946,0.89959,1.05,1.50
2012.02.27 15:16:16.931,0.89948,0.89959,1.50,1.50
2012.02.27 15:16:17.144,0.89949,0.89961,1.50,3.75
2012.02.27 15:16:17.746,0.8995,0.89959,1.50,1.50
2012.02.27 15:16:18.589,0.8995,0.8996,1.50,1.50
2012.02.27 15:16:19.093,0.89953,0.89964,1.50,3.75
2012.02.27 15:16:19.525,0.89954,0.89965,1.50,1.80
2012.02.27 15:16:19.806,0.89952,0.89963,1.50,1.65
2012.02.27 15:16:20.592,0.89955,0.89964,1.50,1.65
2012.02.27 15:16:20.676,0.89953,0.89966,1.50,1.50
2012.02.27 15:16:21.463,0.89953,0.89966,2.25,1.50
2012.02.27 15:16:21.910,0.89954,0.89964,1.50,2.40
2012.02.27 15:16:22.479,0.89949,0.89958,2.25,1.50
2012.02.27 15:16:22.560,0.89948,0.89958,1.50,1.50
2012.02.27 15:16:22.709,0.89948,0.89956,1.50,1.13
2012.02.27 15:16:22.984,0.89943,0.89955,2.25,1.05
2012.02.27 15:16:23.193,0.89943,0.89956,2.25,4.28
2012.02.27 15:16:23.612,0.89943,0.89956,2.40,3.53
2012.02.27 15:16:24.172,0.89945,0.89956,1.65,3.15
2012.02.27 15:16:26.692,0.89943,0.89956,2.40,1.50
2012.02.27 15:16:27.574,0.89944,0.89956,1.65,2.25
2012.02.27 15:16:27.910,0.89943,0.89954,2.25,1.05
2012.02.27 15:16:28.462,0.89941,0.89953,2.63,1.50
2012.02.27 15:16:29.448,0.89941,0.89955,2.78,1.80
2012.02.27 15:16:30.553,0.89941,0.89955,2.63,1.80
2012.02.27 15:16:33.141,0.89941,0.89955,3.38,1.80
2012.02.27 15:16:33.742,0.89941,0.89953,2.63,1.43
2012.02.27 15:16:34.835,0.89941,0.89953,2.63,1.43
2012.02.27 15:16:35.351,0.89941,0.89954,3.38,1.05
2012.02.27 15:16:35.481,0.89941,0.89955,2.63,2.78
2012.02.27 15:16:35.749,0.89944,0.89955,3.00,1.50
2012.02.27 15:16:35.826,0.89945,0.89957,2.25,1.50
2012.02.27 15:16:36.347,0.89944,0.89958,4.88,1.50
2012.02.27 15:16:38.140,0.89944,0.89958,4.88,2.10
2012.02.27 15:16:38.282,0.89944,0.89957,4.88,1.50
2012.02.27 15:16:38.625,0.89941,0.89955,2.40,3.30
2012.02.27 15:16:38.920,0.89945,0.89955,2.25,2.25
2012.02.27 15:16:39.136,0.89946,0.89958,2.25,6.00
2012.02.27 15:16:39.210,0.89946,0.89958,2.25,1.50
2012.02.27 15:16:40.042,0.89945,0.89957,4.88,1.50
2012.02.27 15:16:40.114,0.89945,0.89959,4.88,2.25
2012.02.27 15:16:40.324,0.89947,0.89957,1.05,1.50
2012.02.27 15:16:40.763,0.89946,0.89959,1.05,2.40
2012.02.27 15:16:40.981,0.89947,0.89959,4.94,1.50
2012.02.27 15:16:41.215,0.89952,0.89962,1.65,3.75
2012.02.27 15:16:41.293,0.89952,0.89964,5.40,2.40
2012.02.27 15:16:41.501,0.89952,0.89965,2.40,2.25
2012.02.27 15:16:44.833,0.89952,0.89962,3.15,4.50
2012.02.27 15:16:45.191,0.89951,0.89957,2.40,1.50
2012.02.27 15:16:45.573,0.89951,0.89963,2.55,1.50
2012.02.27 15:16:45.933,0.89949,0.89961,3.15,2.40
2012.02.27 15:16:46.014,0.89947,0.8996,3.00,3.00
2012.02.27 15:16:46.093,0.89947,0.89957,2.63,1.35
2012.02.27 15:16:46.564,0.89941,0.89955,4.65,1.65
2012.02.27 15:16:46.704,0.89943,0.89955,1.65,1.50
2012.02.27 15:16:47.111,0.89943,0.89955,1.50,1.80
2012.02.27 15:16:47.259,0.89943,0.89955,1.65,1.65
2012.02.27 15:16:47.760,0.89943,0.89954,1.65,2.40
2012.02.27 15:16:47.842,0.89943,0.89954,1.50,2.55
2012.02.27 15:16:47.917,0.89941,0.89954,1.65,3.30
2012.02.27 15:16:49.176,0.89939,0.89953,1.65,5.18
2012.02.27 15:16:49.399,0.89939,0.89951,1.50,1.28
2012.02.27 15:16:49.564,0.89935,0.89947,2.03,1.50
2012.02.27 15:16:50.115,0.89935,0.89947,1.50,3.00
2012.02.27 15:16:52.187,0.89936,0.89947,1.50,3.00
2012.02.27 15:16:52.756,0.89935,0.89947,1.50,3.00
2012.02.27 15:16:54.255,0.89934,0.89948,5.03,2.40
2012.02.27 15:16:54.321,0.89934,0.89948,5.18,2.40
2012.02.27 15:16:54.873,0.89935,0.89949,1.65,4.65
2012.02.27 15:16:55.639,0.89934,0.89948,5.18,2.40
2012.02.27 15:16:57.533,0.89935,0.89949,1.65,4.65
2012.02.27 15:16:58.066,0.89934,0.89945,1.28,1.50
2012.02.27 15:16:58.273,0.89934,0.89946,2.93,1.50
2012.02.27 15:16:58.784,0.89936,0.89948,1.65,2.40
2012.02.27 15:16:59.290,0.89937,0.8995,2.25,1.05
2012.02.27 15:16:59.441,0.89938,0.89951,1.19,3.68
2012.02.27 15:16:59.593,0.8994,0.89951,1.50,1.65
2012.02.27 15:16:59.816,0.89943,0.89955,2.25,2.63
2012.02.27 15:17:00.376,0.89941,0.89955,4.50,1.50
2012.02.27 15:17:01.225,0.89942,0.89955,2.25,1.50
2012.02.27 15:17:01.844,0.89942,0.89956,3.75,3.15
2012.02.27 15:17:05.090,0.89943,0.89956,1.80,2.40
2012.02.27 15:17:05.402,0.89945,0.89957,3.15,1.65
2012.02.27 15:17:05.702,0.89951,0.89959,2.25,2.25
2012.02.27 15:17:05.780,0.89948,0.89962,4.84,3.00
2012.02.27 15:17:06.101,0.89949,0.89961,1.69,1.50
2012.02.27 15:17:06.654,0.89949,0.89963,2.40,2.40
2012.02.27 15:17:10.362,0.8995,0.89964,1.99,2.40
2012.02.27 15:17:10.917,0.89951,0.89963,3.75,1.65
2012.02.27 15:17:11.496,0.89949,0.89963,5.63,2.40
2012.02.27 15:17:12.046,0.89951,0.89963,1.50,1.50
2012.02.27 15:17:12.397,0.89947,0.89956,1.88,1.50
2012.02.27 15:17:12.469,0.89944,0.89956,3.38,1.65
2012.02.27 15:17:13.154,0.89944,0.89957,4.13,1.50
2012.02.27 15:17:14.372,0.89944,0.89957,3.75,1.50
2012.02.27 15:17:14.653,0.89944,0.89955,2.25,1.50
2012.02.27 15:17:14.932,0.89942,0.89954,1.50,1.50
2012.02.27 15:17:15.490,0.89942,0.89956,1.50,4.65
2012.02.27 15:17:15.831,0.8994,0.89952,1.88,1.50
2012.02.27 15:17:16.428,0.89937,0.89949,1.65,2.55
2012.02.27 15:17:16.584,0.89937,0.89949,1.88,2.25
2012.02.27 15:17:17.142,0.89937,0.89949,2.78,1.50
2012.02.27 15:17:17.562,0.89937,0.89949,2.63,2.25
2012.02.27 15:17:18.076,0.89937,0.89946,2.78,1.50
2012.02.27 15:17:18.625,0.89937,0.89946,2.63,1.50
2012.02.27 15:17:18.973,0.89937,0.89945,2.78,1.50
2012.02.27 15:17:19.495,0.89937,0.89944,1.13,1.50
2012.02.27 15:17:19.912,0.89939,0.89947,1.65,1.50
2012.02.27 15:17:20.686,0.89947,0.89952,1.50,1.50
2012.02.27 15:17:20.767,0.89946,0.89956,1.65,1.50
2012.02.27 15:17:20.913,0.89946,0.89957,1.50,2.25
2012.02.27 15:17:21.472,0.89946,0.89957,1.50,1.80
2012.02.27 15:17:22.094,0.89946,0.89958,1.65,1.88
2012.02.27 15:17:22.467,0.89947,0.8996,2.55,1.50
2012.02.27 15:17:22.672,0.89947,0.8996,1.50,2.25
2012.02.27 15:17:22.881,0.89947,0.89961,2.18,1.50
2012.02.27 15:17:23.342,0.89947,0.89961,3.38,2.25
2012.02.27 15:17:23.872,0.89948,0.89961,1.50,1.50
2012.02.27 15:17:24.603,0.89948,0.89961,1.50,1.80
2012.02.27 15:17:25.181,0.89947,0.8996,1.88,1.65
2012.02.27 15:17:25.714,0.89947,0.8996,1.88,1.65
2012.02.27 15:17:27.016,0.89947,0.89957,1.88,1.50
2012.02.27 15:17:27.355,0.89945,0.89955,4.88,1.65
2012.02.27 15:17:27.435,0.89943,0.89953,1.13,1.80
2012.02.27 15:17:27.647,0.89944,0.89954,1.50,1.50
2012.02.27 15:17:27.732,0.89944,0.89956,1.50,5.07
2012.02.27 15:17:28.274,0.89944,0.89956,2.25,3.72
2012.02.27 15:17:28.803,0.89944,0.89956,1.50,3.53
2012.02.27 15:17:30.083,0.89944,0.89956,2.25,2.40
2012.02.27 15:17:30.611,0.89944,0.89956,1.50,2.40
2012.02.27 15:17:31.141,0.89944,0.89956,2.25,2.40
2012.02.27 15:17:33.235,0.89944,0.89956,1.50,2.40
2012.02.27 15:17:35.798,0.89944,0.89956,2.25,4.65
2012.02.27 15:17:37.376,0.89943,0.89953,1.50,2.25
2012.02.27 15:17:37.876,0.89937,0.89947,1.69,1.50
2012.02.27 15:17:38.423,0.89937,0.8995,1.84,1.50
2012.02.27 15:17:38.922,0.89936,0.8995,4.28,3.00
2012.02.27 15:17:39.443,0.89937,0.8995,1.50,1.50
2012.02.27 15:17:40.835,0.89937,0.8995,5.25,1.50
2012.02.27 15:17:41.181,0.89937,0.89951,5.25,3.00
2012.02.27 15:17:41.383,0.89937,0.8995,5.25,1.50
2012.02.27 15:17:43.955,0.89937,0.89949,4.50,1.50
2012.02.27 15:17:44.143,0.89939,0.89949,1.50,1.50
2012.02.27 15:17:44.498,0.89937,0.8995,1.50,2.25
2012.02.27 15:17:44.647,0.89936,0.8995,5.78,3.75
2012.02.27 15:17:45.473,0.89935,0.89946,3.00,1.50
2012.02.27 15:17:46.003,0.89935,0.89946,5.25,1.50
2012.02.27 15:17:46.551,0.89935,0.89946,3.00,1.50
2012.02.27 15:17:47.062,0.89935,0.89946,2.25,1.50
2012.02.27 15:17:47.684,0.89935,0.89946,2.25,1.50
2012.02.27 15:17:48.023,0.89935,0.89947,1.50,2.25
2012.02.27 15:17:48.766,0.89935,0.89948,1.65,1.50
2012.02.27 15:17:48.916,0.89935,0.89949,1.65,3.00
2012.02.27 15:17:49.462,0.89935,0.89949,2.25,3.75
2012.02.27 15:17:51.717,0.89935,0.89949,1.65,3.00
2012.02.27 15:17:52.011,0.89938,0.89949,1.50,1.50
2012.02.27 15:17:52.725,0.89937,0.89949,2.25,1.50
2012.02.27 15:17:53.594,0.89937,0.89949,3.38,2.25
2012.02.27 15:17:53.954,0.89939,0.89951,3.38,1.50
2012.02.27 15:17:54.544,0.89941,0.89952,1.50,2.63
2012.02.27 15:17:55.101,0.89941,0.89953,1.50,3.00
2012.02.27 15:17:55.606,0.8994,0.89952,2.40,2.25
2012.02.27 15:17:55.953,0.89937,0.89947,2.40,2.25
2012.02.27 15:17:56.521,0.89935,0.89949,2.18,4.88
2012.02.27 15:17:56.945,0.89938,0.8995,2.25,1.50
2012.02.27 15:17:57.505,0.89937,0.89948,2.25,1.50
2012.02.27 15:17:57.976,0.89938,0.89949,1.50,1.50
2012.02.27 15:17:58.532,0.89937,0.89949,1.50,1.50
2012.02.27 15:17:59.054,0.89937,0.89949,2.25,2.25
2012.02.27 15:17:59.755,0.89938,0.8995,1.50,4.13
2012.02.27 15:17:59.824,0.89938,0.8995,1.65,4.13
2012.02.27 15:18:00.177,0.89942,0.8995,1.50,1.88
2012.02.27 15:18:00.274,0.89942,0.89953,2.25,1.43
2012.02.27 15:18:00.621,0.89938,0.8995,1.88,2.25
2012.02.27 15:18:01.975,0.89937,0.89949,1.88,1.50
2012.02.27 15:18:02.614,0.89937,0.89951,1.88,3.00
2012.02.27 15:18:03.378,0.8994,0.89951,2.25,3.00
2012.02.27 15:18:04.143,0.8994,0.89952,4.65,2.25
2012.02.27 15:18:04.854,0.89939,0.8995,3.15,3.90
2012.02.27 15:18:04.931,0.89939,0.8995,3.00,2.55
2012.02.27 15:18:05.008,0.8994,0.89949,2.25,1.05
2012.02.27 15:18:05.235,0.89936,0.89947,3.90,1.65
2012.02.27 15:18:05.326,0.89934,0.89946,2.63,2.25
2012.02.27 15:18:05.806,0.89933,0.89944,2.03,1.50
2012.02.27 15:18:06.046,0.89934,0.89946,2.63,3.75
2012.02.27 15:18:06.155,0.89935,0.89946,1.09,3.00
2012.02.27 15:18:06.314,0.89939,0.89949,3.00,2.25
2012.02.27 15:18:06.467,0.89938,0.89951,2.40,1.50
2012.02.27 15:18:07.218,0.89937,0.89951,2.55,2.25
2012.02.27 15:18:08.045,0.89937,0.89951,2.55,3.00
2012.02.27 15:18:08.314,0.89935,0.89947,1.80,1.50
2012.02.27 15:18:08.656,0.89935,0.89949,2.40,3.38
2012.02.27 15:18:09.174,0.89935,0.89947,2.40,1.50
2012.02.27 15:18:10.043,0.89933,0.89946,4.28,1.50
2012.02.27 15:18:10.138,0.89933,0.89944,1.50,1.50
2012.02.27 15:18:10.621,0.89933,0.89947,4.88,3.00
2012.02.27 15:18:11.246,0.89933,0.89947,1.88,3.75
2012.02.27 15:18:11.752,0.89933,0.89947,2.63,3.00
2012.02.27 15:18:12.597,0.89932,0.89946,3.75,2.25
2012.02.27 15:18:13.104,0.89934,0.89946,1.50,2.25
2012.02.27 15:18:13.793,0.89934,0.89946,1.80,2.25
2012.02.27 15:18:14.007,0.89935,0.89948,1.80,1.50
2012.02.27 15:18:14.656,0.89935,0.89949,2.55,3.00
2012.02.27 15:18:15.456,0.89938,0.8995,2.25,4.50
2012.02.27 15:18:15.544,0.89938,0.89951,5.25,1.65
2012.02.27 15:18:16.002,0.89938,0.89946,2.93,1.50
2012.02.27 15:18:16.082,0.89938,0.89946,2.25,1.50
2012.02.27 15:18:16.155,0.89934,0.89944,3.27,1.50
2012.02.27 15:18:16.714,0.89933,0.89945,3.57,1.50
2012.02.27 15:18:17.522,0.89933,0.89947,2.63,6.15
2012.02.27 15:18:17.602,0.89933,0.89947,2.03,3.75
2012.02.27 15:18:17.893,0.89938,0.89951,2.25,4.65
2012.02.27 15:18:18.172,0.89937,0.89951,2.25,3.75
2012.02.27 15:18:18.814,0.89939,0.89951,1.50,1.65
2012.02.27 15:18:19.366,0.89937,0.8995,2.03,1.50
2012.02.27 15:18:19.442,0.89937,0.89947,1.65,1.50
2012.02.27 15:18:19.785,0.89934,0.89945,5.25,1.50
2012.02.27 15:18:20.397,0.8994,0.89952,3.15,2.40
2012.02.27 15:18:20.915,0.8994,0.89952,1.65,1.65
2012.02.27 15:18:21.049,0.89942,0.89953,4.65,1.50
2012.02.27 15:18:21.206,0.89945,0.89957,3.00,4.65
2012.02.27 15:18:21.546,0.89945,0.89955,2.40,2.25
2012.02.27 15:18:22.051,0.89942,0.89953,4.65,3.75
2012.02.27 15:18:22.472,0.8994,0.89953,4.65,4.50
2012.02.27 15:18:23.012,0.8994,0.89953,5.63,4.50
2012.02.27 15:18:23.275,0.8994,0.8995,5.03,1.50
2012.02.27 15:18:24.252,0.8994,0.8995,1.88,1.50
2012.02.27 15:18:24.965,0.89944,0.89953,1.50,3.90
2012.02.27 15:18:25.171,0.89942,0.89954,1.50,2.55
2012.02.27 15:18:25.381,0.89939,0.8995,2.13,1.50
2012.02.27 15:18:25.941,0.89939,0.89949,1.23,1.50
2012.02.27 15:18:26.688,0.89939,0.89949,1.23,3.75
2012.02.27 15:18:28.285,0.89938,0.89949,1.52,2.25
2012.02.27 15:18:28.622,0.8994,0.89949,2.40,2.25
2012.02.27 15:18:30.040,0.89939,0.89952,1.05,3.75
2012.02.27 15:18:30.736,0.89939,0.8995,1.05,1.50
2012.02.27 15:18:31.353,0.89939,0.89951,5.55,1.50
2012.02.27 15:18:31.652,0.89938,0.89948,2.03,1.50
2012.02.27 15:18:32.154,0.89938,0.89947,1.88,1.50
2012.02.27 15:18:32.782,0.89937,0.89947,2.25,1.50
2012.02.27 15:18:33.162,0.89938,0.89948,2.55,1.50
2012.02.27 15:18:34.370,0.89939,0.89948,2.55,1.50
2012.02.27 15:18:35.243,0.89936,0.89948,2.97,1.50
2012.02.27 15:18:35.590,0.89938,0.89948,3.00,1.50
2012.02.27 15:18:35.946,0.89941,0.89953,4.05,1.50
2012.02.27 15:18:38.115,0.89941,0.89953,1.80,1.50
2012.02.27 15:18:38.654,0.89942,0.89953,2.55,1.50
2012.02.27 15:18:40.185,0.89941,0.89953,1.09,1.50
2012.02.27 15:18:40.394,0.8994,0.89951,5.25,1.50
2012.02.27 15:18:40.742,0.89941,0.89953,1.80,1.50
2012.02.27 15:18:41.274,0.89941,0.89953,1.80,1.50
2012.02.27 15:18:43.054,0.89945,0.89955,2.32,2.25
2012.02.27 15:18:43.688,0.89946,0.89959,1.05,1.50
2012.02.27 15:18:43.896,0.89946,0.89957,1.05,1.50
2012.02.27 15:18:44.584,0.89946,0.89957,1.05,1.50
2012.02.27 15:18:45.572,0.89947,0.89957,2.55,1.50
2012.02.27 15:18:46.006,0.89947,0.89959,2.40,1.65
2012.02.27 15:18:47.038,0.89947,0.89958,2.40,3.15
2012.02.27 15:18:47.115,0.89947,0.89956,2.40,1.50
2012.02.27 15:18:47.190,0.89945,0.89956,1.13,1.65
2012.02.27 15:18:47.743,0.89943,0.89954,2.78,1.50
2012.02.27 15:18:48.301,0.89942,0.89954,2.55,1.50
2012.02.27 15:18:49.118,0.89942,0.89953,1.05,1.50
2012.02.27 15:18:49.283,0.8994,0.8995,1.65,1.50
2012.02.27 15:18:49.362,0.89939,0.8995,3.55,1.50
2012.02.27 15:18:49.506,0.89938,0.8995,2.22,1.50
2012.02.27 15:18:50.212,0.89937,0.89948,1.13,1.50
2012.02.27 15:18:50.499,0.89935,0.89948,1.77,1.50
2012.02.27 15:18:50.649,0.89934,0.89945,2.44,1.50
2012.02.27 15:18:51.198,0.89934,0.89946,4.09,1.50
2012.02.27 15:18:51.637,0.89936,0.89948,3.38,1.50
2012.02.27 15:18:51.772,0.89938,0.8995,3.00,1.50
2012.02.27 15:18:53.120,0.89938,0.89951,1.50,1.65
2012.02.27 15:18:53.312,0.89937,0.89949,3.00,1.50
2012.02.27 15:18:53.988,0.89937,0.89951,2.78,1.65
2012.02.27 15:18:54.551,0.89938,0.89951,1.50,1.65
2012.02.27 15:18:58.070,0.89938,0.89951,3.00,1.50
2012.02.27 15:18:58.612,0.89938,0.89952,4.50,3.15
2012.02.27 15:18:59.606,0.89937,0.89951,1.88,1.50
2012.02.27 15:18:59.681,0.89936,0.89948,5.82,1.50
2012.02.27 15:19:00.029,0.89939,0.89947,1.50,1.50
2012.02.27 15:19:00.175,0.89937,0.89947,1.50,1.50
2012.02.27 15:19:00.317,0.89936,0.89946,3.49,1.50
2012.02.27 15:19:00.399,0.89936,0.8995,4.99,1.50
2012.02.27 15:19:00.532,0.89936,0.89947,3.49,1.50
2012.02.27 15:19:00.854,0.89936,0.89949,3.87,1.50
