2012.02.22 05:00:01.576,0.91307,0.91323,1.50,3.00
2012.02.22 05:00:02.146,0.91307,0.91323,1.50,3.00
2012.02.22 05:00:03.080,0.91307,0.91323,1.50,3.00
2012.02.22 05:00:03.417,0.91305,0.91323,1.50,3.00
2012.02.22 05:00:04.493,0.91306,0.91323,1.50,1.50
2012.02.22 05:00:13.103,0.91307,0.91323,1.50,1.50
2012.02.22 05:00:13.814,0.91307,0.91325,1.50,2.25
2012.02.22 05:00:13.900,0.91312,0.9133,1.50,4.69
2012.02.22 05:00:23.145,0.91311,0.91329,1.50,2.25
2012.02.22 05:00:23.408,0.91312,0.9133,1.50,4.69
2012.02.22 05:00:25.190,0.91311,0.91327,1.50,2.25
2012.02.22 05:00:25.742,0.91311,0.91327,1.50,2.25
2012.02.22 05:00:26.478,0.91311,0.91327,1.50,2.25
2012.02.22 05:00:27.012,0.91311,0.91327,1.50,2.25
2012.02.22 05:00:27.498,0.91312,0.91328,1.50,1.50
2012.02.22 05:00:27.822,0.91312,0.9133,1.50,2.25
2012.02.22 05:00:29.215,0.91312,0.9133,1.50,2.25
2012.02.22 05:00:29.553,0.91312,0.91328,1.50,2.44
2012.02.22 05:00:29.695,0.9131,0.91326,1.50,2.25
2012.02.22 05:00:30.026,0.9131,0.91326,1.50,2.25
2012.02.22 05:00:30.564,0.91309,0.91325,1.50,2.25
2012.02.22 05:00:30.874,0.91309,0.91327,1.50,3.64
2012.02.22 05:00:31.333,0.91309,0.91327,1.50,3.45
2012.02.22 05:00:32.743,0.91312,0.91327,1.50,1.95
2012.02.22 05:00:33.178,0.9131,0.91328,1.50,3.00
2012.02.22 05:00:33.327,0.91312,0.91328,1.50,3.00
2012.02.22 05:00:33.867,0.91311,0.91327,1.50,2.25
2012.02.22 05:00:34.902,0.91311,0.91327,1.50,2.25
2012.02.22 05:00:35.240,0.91313,0.91328,1.50,1.50
2012.02.22 05:00:36.099,0.91313,0.91329,1.50,2.25
2012.02.22 05:00:36.387,0.91311,0.91329,1.50,2.25
2012.02.22 05:00:36.915,0.91312,0.9133,1.50,2.63
2012.02.22 05:00:37.401,0.91313,0.91329,1.50,4.88
2012.02.22 05:00:38.211,0.91311,0.91329,1.50,4.69
2012.02.22 05:00:38.713,0.91311,0.91329,1.50,4.69
2012.02.22 05:00:41.052,0.91312,0.91329,1.50,3.00
2012.02.22 05:00:43.832,0.91312,0.91328,1.50,3.00
2012.02.22 05:00:43.963,0.91309,0.91327,1.50,2.25
2012.02.22 05:00:44.239,0.91309,0.91325,1.50,2.25
2012.02.22 05:00:46.040,0.91309,0.91327,1.50,4.20
2012.02.22 05:00:46.318,0.91311,0.91327,1.50,1.50
2012.02.22 05:00:47.095,0.91312,0.91327,1.50,1.50
2012.02.22 05:00:47.631,0.91311,0.91327,1.50,3.00
2012.02.22 05:00:47.783,0.91308,0.91326,1.50,2.25
2012.02.22 05:00:48.145,0.91306,0.91322,1.50,2.25
2012.02.22 05:00:48.555,0.91307,0.91325,1.50,2.25
2012.02.22 05:00:48.769,0.91307,0.91325,1.50,2.25
2012.02.22 05:00:49.123,0.91307,0.91325,2.25,2.25
2012.02.22 05:00:49.256,0.91309,0.91327,1.50,2.44
2012.02.22 05:00:49.795,0.91309,0.91327,1.50,2.44
2012.02.22 05:00:50.146,0.91311,0.91327,1.50,2.25
2012.02.22 05:00:50.786,0.91309,0.91325,1.50,2.25
2012.02.22 05:00:51.243,0.91309,0.91325,1.50,2.25
2012.02.22 05:00:56.805,0.91309,0.91325,1.50,2.25
2012.02.22 05:00:57.074,0.91307,0.91323,1.50,2.25
2012.02.22 05:00:57.617,0.91307,0.91325,1.50,2.25
2012.02.22 05:01:03.859,0.91307,0.91323,1.50,2.25
2012.02.22 05:01:03.946,0.91305,0.91323,1.50,2.25
2012.02.22 05:01:04.074,0.91305,0.91323,1.50,2.25
2012.02.22 05:01:04.356,0.91306,0.91324,1.50,2.25
2012.02.22 05:01:04.683,0.91308,0.91324,1.50,2.25
2012.02.22 05:01:52.434,0.9131,0.91326,1.50,3.19
2012.02.22 05:01:52.504,0.91308,0.91326,1.50,3.19
2012.02.22 05:01:52.981,0.9131,0.91326,1.50,3.19
2012.02.22 05:01:53.292,0.91309,0.91325,1.50,2.25
2012.02.22 05:01:53.825,0.91309,0.91326,1.50,1.69
2012.02.22 05:01:54.131,0.9131,0.91326,1.50,3.19
2012.02.22 05:01:54.202,0.91308,0.91326,1.50,3.19
2012.02.22 05:01:54.762,0.91308,0.91326,1.50,3.19
2012.02.22 05:01:58.169,0.9131,0.91328,1.50,2.44
2012.02.22 05:01:58.317,0.91312,0.91329,1.50,4.32
2012.02.22 05:01:58.517,0.91314,0.91332,1.50,3.19
2012.02.22 05:01:58.596,0.91314,0.91332,1.50,3.19
2012.02.22 05:01:59.144,0.91313,0.91331,1.50,2.25
2012.02.22 05:02:00.757,0.9131,0.91328,1.50,2.25
2012.02.22 05:02:00.829,0.9131,0.91328,1.50,2.25
2012.02.22 05:02:02.725,0.91309,0.91327,1.50,2.25
2012.02.22 05:02:03.064,0.91309,0.91327,1.50,2.25
2012.02.22 05:02:03.969,0.91313,0.91327,1.50,1.58
2012.02.22 05:02:04.936,0.91314,0.9133,1.50,1.50
2012.02.22 05:02:06.173,0.9131,0.91326,1.50,2.25
2012.02.22 05:02:06.457,0.91308,0.91326,1.50,2.25
2012.02.22 05:02:06.795,0.91308,0.91323,1.50,3.00
2012.02.22 05:02:07.135,0.91308,0.91326,1.50,3.00
2012.02.22 05:02:09.306,0.9131,0.91326,1.50,3.00
2012.02.22 05:02:09.886,0.91312,0.91326,1.50,1.50
2012.02.22 05:02:09.967,0.91315,0.91331,1.50,2.25
2012.02.22 05:02:10.034,0.91315,0.91331,1.50,2.25
2012.02.22 05:02:10.574,0.91315,0.91331,1.50,2.25
2012.02.22 05:02:11.457,0.91313,0.9133,1.50,3.00
2012.02.22 05:02:11.594,0.91313,0.9133,1.50,3.19
2012.02.22 05:02:12.102,0.91314,0.9133,1.50,3.19
2012.02.22 05:02:24.346,0.91315,0.9133,1.50,3.00
2012.02.22 05:02:24.696,0.91317,0.91332,1.50,2.89
2012.02.22 05:02:25.251,0.91317,0.91332,1.50,2.89
2012.02.22 05:02:31.025,0.91315,0.91332,1.50,2.89
2012.02.22 05:02:31.094,0.91317,0.91332,1.50,2.89
2012.02.22 05:02:31.403,0.91315,0.91332,1.50,2.89
2012.02.22 05:02:31.945,0.91316,0.91332,1.50,2.89
2012.02.22 05:02:33.431,0.91316,0.9133,1.50,3.00
2012.02.22 05:02:34.172,0.91313,0.9133,1.50,3.00
2012.02.22 05:02:36.345,0.91313,0.9133,1.50,3.19
2012.02.22 05:02:36.416,0.91311,0.91329,1.50,2.25
2012.02.22 05:02:37.478,0.9131,0.91328,1.50,2.44
2012.02.22 05:02:40.323,0.9131,0.91327,1.50,1.13
2012.02.22 05:02:40.454,0.91313,0.91328,1.50,1.13
2012.02.22 05:02:45.148,0.91311,0.91329,1.50,2.25
2012.02.22 05:02:45.216,0.91313,0.9133,1.50,4.02
2012.02.22 05:02:46.282,0.91313,0.91329,1.50,2.44
2012.02.22 05:02:46.355,0.9131,0.91326,1.50,2.25
2012.02.22 05:02:47.105,0.91309,0.91325,1.50,2.63
2012.02.22 05:02:48.834,0.9131,0.91325,1.50,1.50
2012.02.22 05:02:48.906,0.9131,0.91325,1.50,1.50
2012.02.22 05:02:55.954,0.91311,0.91326,1.50,1.50
2012.02.22 05:02:56.223,0.91314,0.91329,1.50,1.50
2012.02.22 05:02:56.745,0.91314,0.91329,1.50,1.50
2012.02.22 05:03:00.204,0.91314,0.91329,1.50,1.69
2012.02.22 05:03:00.714,0.91314,0.91329,1.50,1.69
2012.02.22 05:03:04.445,0.91312,0.91329,1.50,1.69
2012.02.22 05:03:04.998,0.91312,0.91329,1.50,1.69
2012.02.22 05:03:06.725,0.91311,0.91327,1.50,2.25
2012.02.22 05:03:08.799,0.91312,0.91329,1.50,1.50
2012.02.22 05:03:10.404,0.91311,0.91329,1.50,3.00
2012.02.22 05:03:11.441,0.91311,0.91327,1.50,2.25
2012.02.22 05:03:11.924,0.91311,0.91327,1.50,2.25
2012.02.22 05:03:12.443,0.91314,0.91329,1.50,3.00
2012.02.22 05:03:12.731,0.91315,0.9133,1.50,1.50
2012.02.22 05:03:12.875,0.91315,0.91331,1.50,2.44
2012.02.22 05:03:13.689,0.91315,0.91331,1.50,2.44
2012.02.22 05:03:14.193,0.91315,0.91331,1.50,2.25
2012.02.22 05:03:14.561,0.91317,0.9133,1.50,3.00
2012.02.22 05:03:14.704,0.91315,0.9133,1.50,3.00
2012.02.22 05:03:14.945,0.91315,0.9133,1.50,3.00
2012.02.22 05:03:35.162,0.91315,0.9133,1.50,3.19
2012.02.22 05:03:35.502,0.91315,0.9133,1.50,3.19
2012.02.22 05:04:00.495,0.91315,0.91331,1.50,3.19
2012.02.22 05:04:04.284,0.91317,0.91332,1.50,1.50
2012.02.22 05:04:04.355,0.91317,0.91332,1.50,1.50
2012.02.22 05:04:05.718,0.91316,0.91331,1.50,3.00
2012.02.22 05:04:05.854,0.91316,0.91331,1.50,3.19
2012.02.22 05:04:08.091,0.91317,0.91331,1.50,3.00
2012.02.22 05:04:08.284,0.91317,0.91331,1.50,3.00
2012.02.22 05:04:10.036,0.91316,0.91331,1.50,1.35
2012.02.22 05:04:10.623,0.91317,0.91331,1.50,1.35
2012.02.22 05:04:13.424,0.91316,0.91332,1.50,4.50
2012.02.22 05:04:14.244,0.91317,0.91332,1.50,3.00
2012.02.22 05:04:16.416,0.91317,0.91332,1.50,4.20
2012.02.22 05:04:16.682,0.91316,0.91332,1.50,5.70
2012.02.22 05:04:18.332,0.91316,0.91332,1.50,3.00
2012.02.22 05:04:20.817,0.91316,0.91334,1.50,4.50
2012.02.22 05:04:22.106,0.91316,0.91334,1.50,5.33
2012.02.22 05:04:24.050,0.91316,0.91334,1.50,2.25
2012.02.22 05:04:28.527,0.91316,0.91332,1.50,2.63
2012.02.22 05:04:42.273,0.91313,0.91331,1.50,2.44
2012.02.22 05:04:42.652,0.91315,0.91331,1.50,2.44
2012.02.22 05:04:43.976,0.91315,0.91331,1.50,2.25
2012.02.22 05:04:44.296,0.91317,0.91333,1.50,3.64
2012.02.22 05:04:44.857,0.91316,0.91332,1.50,2.25
2012.02.22 05:04:45.411,0.91316,0.91332,1.50,2.25
2012.02.22 05:04:46.290,0.91316,0.91332,1.50,2.25
2012.02.22 05:04:51.574,0.91315,0.91333,2.25,2.25
2012.02.22 05:04:52.375,0.91316,0.91333,1.50,3.00
2012.02.22 05:05:00.751,0.91316,0.91332,1.50,2.25
2012.02.22 05:05:12.401,0.91317,0.91333,1.50,4.50
2012.02.22 05:05:14.163,0.91316,0.91332,1.50,2.25
2012.02.22 05:05:29.054,0.91316,0.91332,1.50,2.25
2012.02.22 05:05:29.594,0.91316,0.9133,1.50,1.13
2012.02.22 05:05:30.333,0.91316,0.91331,1.50,1.13
2012.02.22 05:05:35.413,0.91316,0.91332,1.50,4.69
2012.02.22 05:05:45.136,0.91316,0.91332,1.50,4.69
2012.02.22 05:05:48.804,0.91316,0.91332,1.50,4.50
2012.02.22 05:05:49.063,0.91316,0.91332,1.50,4.50
2012.02.22 05:05:51.902,0.91316,0.91332,1.50,4.50
2012.02.22 05:05:52.606,0.91316,0.91332,1.50,4.88
2012.02.22 05:05:52.752,0.91313,0.9133,1.50,1.13
2012.02.22 05:05:52.833,0.91313,0.91328,1.50,1.13
2012.02.22 05:05:53.561,0.91312,0.91328,1.50,2.63
2012.02.22 05:05:54.096,0.91313,0.91329,1.50,2.63
2012.02.22 05:05:54.413,0.91313,0.91329,1.50,2.25
2012.02.22 05:06:03.893,0.91313,0.91329,1.50,2.63
2012.02.22 05:06:06.557,0.91313,0.91329,1.50,2.63
2012.02.22 05:06:06.682,0.91311,0.91327,1.50,2.25
2012.02.22 05:06:06.871,0.91313,0.91328,1.50,1.13
2012.02.22 05:06:09.019,0.91313,0.91329,1.50,2.63
2012.02.22 05:06:12.083,0.91313,0.91328,1.50,1.13
2012.02.22 05:06:12.484,0.91313,0.91328,1.50,1.13
2012.02.22 05:06:12.809,0.91315,0.91329,1.50,1.13
2012.02.22 05:06:13.513,0.91315,0.91331,1.50,2.25
2012.02.22 05:06:17.103,0.91314,0.9133,1.50,2.25
2012.02.22 05:06:17.955,0.91315,0.91331,1.50,2.25
2012.02.22 05:06:18.084,0.91313,0.91331,1.50,2.25
2012.02.22 05:06:18.763,0.91314,0.91332,1.50,5.63
2012.02.22 05:06:19.279,0.91314,0.91332,1.50,5.63
2012.02.22 05:06:22.513,0.91314,0.91332,1.50,5.63
2012.02.22 05:06:24.253,0.91313,0.91331,1.50,2.25
2012.02.22 05:06:25.074,0.91314,0.91332,1.50,5.63
2012.02.22 05:06:30.819,0.91315,0.91331,1.50,2.25
2012.02.22 05:06:32.035,0.91314,0.9133,1.50,2.25
2012.02.22 05:06:36.357,0.91314,0.91332,1.50,5.63
2012.02.22 05:06:36.881,0.91314,0.9133,1.50,2.25
2012.02.22 05:06:38.603,0.9131,0.91328,1.50,2.25
2012.02.22 05:06:38.878,0.9131,0.91328,1.50,2.63
2012.02.22 05:06:41.254,0.9131,0.91327,1.50,1.13
2012.02.22 05:06:41.466,0.91308,0.91326,1.50,2.63
2012.02.22 05:06:42.438,0.91309,0.91327,1.50,2.25
2012.02.22 05:06:45.297,0.91308,0.91325,1.50,1.13
2012.02.22 05:06:45.507,0.91308,0.91325,1.50,1.13
2012.02.22 05:06:45.939,0.91306,0.91324,2.25,2.25
2012.02.22 05:06:46.007,0.91308,0.91323,1.50,1.13
2012.02.22 05:06:46.879,0.91306,0.91323,1.50,1.13
2012.02.22 05:06:48.854,0.91308,0.91324,1.50,3.00
2012.02.22 05:07:19.822,0.91308,0.91324,1.50,2.25
2012.02.22 05:07:19.901,0.91306,0.91323,1.50,1.50
2012.02.22 05:07:19.985,0.91304,0.91322,2.25,2.25
2012.02.22 05:07:20.767,0.91306,0.91322,1.50,2.25
2012.02.22 05:07:21.315,0.91307,0.91321,1.50,1.13
2012.02.22 05:07:21.527,0.91305,0.91321,1.50,1.13
2012.02.22 05:07:21.987,0.91307,0.91322,1.50,1.13
2012.02.22 05:07:23.341,0.91306,0.91322,1.50,2.63
2012.02.22 05:07:27.227,0.91307,0.91323,1.50,2.63
2012.02.22 05:07:36.067,0.91307,0.91323,1.50,2.63
2012.02.22 05:07:36.877,0.91307,0.91323,1.50,2.25
2012.02.22 05:07:36.968,0.91296,0.91312,1.50,2.63
2012.02.22 05:07:37.191,0.91293,0.9131,1.50,3.00
2012.02.22 05:07:37.693,0.91292,0.91308,1.50,2.63
2012.02.22 05:07:37.982,0.91286,0.91304,4.50,2.25
2012.02.22 05:07:38.588,0.91287,0.91305,1.50,2.63
2012.02.22 05:07:39.925,0.91287,0.91305,1.50,2.25
2012.02.22 05:07:40.064,0.91289,0.91306,1.50,1.88
2012.02.22 05:07:43.067,0.91289,0.91307,1.50,3.00
2012.02.22 05:07:43.406,0.91291,0.91307,1.50,3.00
2012.02.22 05:07:46.100,0.9129,0.91306,1.50,2.25
2012.02.22 05:07:46.633,0.9129,0.91306,1.50,2.25
2012.02.22 05:07:47.563,0.9129,0.91306,1.50,2.25
2012.02.22 05:07:59.016,0.91289,0.91307,1.50,2.25
2012.02.22 05:07:59.841,0.91291,0.91307,1.50,2.25
2012.02.22 05:08:00.204,0.91296,0.91311,1.50,1.05
2012.02.22 05:08:00.286,0.91296,0.91311,1.50,1.05
2012.02.22 05:08:01.181,0.91298,0.91314,1.50,2.25
2012.02.22 05:08:01.269,0.91298,0.91314,1.50,2.25
2012.02.22 05:08:11.644,0.91298,0.91314,1.50,2.25
2012.02.22 05:08:12.260,0.91298,0.91314,1.50,2.25
2012.02.22 05:08:54.814,0.913,0.91316,1.50,2.25
2012.02.22 05:08:55.614,0.91298,0.91316,1.50,2.25
2012.02.22 05:08:56.683,0.913,0.91316,1.50,2.25
2012.02.22 05:08:56.753,0.91298,0.91316,1.50,2.25
2012.02.22 05:09:05.206,0.91298,0.91316,1.50,2.25
2012.02.22 05:09:08.385,0.91298,0.91315,1.50,1.50
2012.02.22 05:09:12.416,0.91298,0.91315,1.50,1.50
2012.02.22 05:09:12.794,0.91298,0.91315,1.50,1.50
2012.02.22 05:09:24.311,0.91298,0.91315,1.50,1.50
2012.02.22 05:09:32.827,0.91298,0.91315,1.50,1.50
2012.02.22 05:09:33.432,0.91296,0.91314,1.50,2.25
2012.02.22 05:09:35.587,0.91298,0.91314,1.50,2.25
2012.02.22 05:09:36.105,0.91297,0.91313,1.50,2.25
2012.02.22 05:09:38.125,0.91297,0.91313,1.50,2.25
2012.02.22 05:09:38.793,0.91297,0.91313,1.50,2.25
2012.02.22 05:09:39.042,0.91297,0.91313,1.50,2.25
2012.02.22 05:09:39.592,0.91296,0.91314,1.50,2.25
2012.02.22 05:09:41.539,0.91298,0.91314,1.50,2.25
2012.02.22 05:09:42.052,0.91298,0.91314,1.50,2.25
2012.02.22 05:09:59.204,0.91298,0.91314,1.50,2.25
2012.02.22 05:09:59.527,0.913,0.91315,1.50,1.50
2012.02.22 05:10:00.847,0.913,0.91315,1.50,1.50
2012.02.22 05:10:02.529,0.913,0.91315,1.50,1.50
2012.02.22 05:10:02.740,0.91302,0.91315,1.50,1.50
2012.02.22 05:10:03.100,0.91307,0.91319,1.50,1.50
2012.02.22 05:10:03.317,0.91307,0.91323,1.50,1.32
2012.02.22 05:10:03.528,0.91307,0.91324,1.50,2.52
2012.02.22 05:10:04.360,0.91306,0.91322,1.50,2.25
2012.02.22 05:10:04.897,0.91305,0.91323,1.50,2.25
2012.02.22 05:10:05.460,0.91305,0.91323,1.50,2.25
2012.02.22 05:10:06.981,0.91302,0.9132,1.50,2.25
2012.02.22 05:10:07.132,0.913,0.91318,2.25,3.00
2012.02.22 05:10:07.214,0.913,0.91318,1.50,3.00
2012.02.22 05:10:07.778,0.91301,0.91318,1.50,1.50
2012.02.22 05:10:09.024,0.91301,0.91317,1.50,2.25
2012.02.22 05:10:13.605,0.91301,0.91318,1.50,1.50
2012.02.22 05:10:13.923,0.91301,0.91318,1.50,1.50
2012.02.22 05:10:17.495,0.91301,0.91317,1.50,2.25
2012.02.22 05:10:23.726,0.91302,0.91316,1.50,1.50
2012.02.22 05:10:24.231,0.91301,0.91316,1.50,1.50
2012.02.22 05:10:25.625,0.91302,0.91316,1.50,1.50
2012.02.22 05:10:27.127,0.91301,0.91316,1.50,1.50
2012.02.22 05:10:30.044,0.91301,0.91316,1.50,1.50
2012.02.22 05:10:30.549,0.91301,0.91316,1.50,1.50
2012.02.22 05:10:51.103,0.91301,0.91316,1.50,1.50
2012.02.22 05:11:06.865,0.91301,0.91317,1.50,3.00
2012.02.22 05:11:07.068,0.91299,0.91315,1.50,2.25
2012.02.22 05:11:15.321,0.91299,0.91317,1.50,3.00
2012.02.22 05:11:15.400,0.91302,0.91317,1.50,1.50
2012.02.22 05:11:15.475,0.91299,0.91317,1.50,3.00
2012.02.22 05:11:15.550,0.91299,0.91317,1.50,3.00
2012.02.22 05:11:18.516,0.91305,0.91317,1.50,1.50
2012.02.22 05:11:19.045,0.91304,0.9132,1.50,3.00
2012.02.22 05:11:19.380,0.91306,0.91323,1.50,1.13
2012.02.22 05:11:19.526,0.91308,0.91323,1.50,1.13
2012.02.22 05:11:19.809,0.91308,0.91324,1.50,2.44
2012.02.22 05:11:20.343,0.91307,0.91323,1.50,2.25
2012.02.22 05:11:21.474,0.91307,0.91323,1.50,2.25
2012.02.22 05:11:50.553,0.91308,0.91324,1.50,2.25
2012.02.22 05:11:50.626,0.91306,0.91324,1.50,2.25
2012.02.22 05:11:50.760,0.91308,0.91324,1.50,2.25
2012.02.22 05:11:51.285,0.91307,0.91323,1.50,2.25
2012.02.22 05:11:52.725,0.91307,0.91325,1.50,3.00
2012.02.22 05:12:02.190,0.91307,0.91325,1.50,3.00
2012.02.22 05:12:02.411,0.91305,0.91323,1.50,2.25
2012.02.22 05:12:02.558,0.91305,0.91323,1.50,2.25
2012.02.22 05:12:02.685,0.91305,0.91323,2.25,2.25
2012.02.22 05:12:03.630,0.91307,0.91323,1.50,2.25
2012.02.22 05:12:09.006,0.91306,0.91322,1.50,2.25
2012.02.22 05:12:09.075,0.91306,0.91322,1.50,2.25
2012.02.22 05:12:20.295,0.91306,0.91322,1.50,2.25
2012.02.22 05:12:20.505,0.91306,0.91322,1.50,2.25
2012.02.22 05:12:25.914,0.91307,0.91323,1.50,2.25
2012.02.22 05:12:31.473,0.91307,0.91323,1.50,2.25
2012.02.22 05:12:31.721,0.91307,0.91323,1.50,2.25
2012.02.22 05:12:45.845,0.91307,0.91323,1.50,2.25
2012.02.22 05:12:45.917,0.91305,0.91323,1.50,2.25
2012.02.22 05:12:46.224,0.91307,0.91323,1.50,2.25
2012.02.22 05:12:46.293,0.91306,0.91322,1.50,2.25
2012.02.22 05:12:46.604,0.91306,0.91322,1.50,2.25
2012.02.22 05:12:46.793,0.91306,0.91322,1.50,2.25
2012.02.22 05:12:47.327,0.91306,0.91324,1.50,3.94
2012.02.22 05:12:47.833,0.91306,0.91322,1.50,2.25
2012.02.22 05:12:51.037,0.91306,0.91322,1.50,2.25
2012.02.22 05:12:51.284,0.91303,0.91321,1.50,2.25
2012.02.22 05:12:51.355,0.91306,0.91322,1.50,3.38
2012.02.22 05:12:51.927,0.91306,0.91322,1.50,3.38
2012.02.22 05:13:03.749,0.91303,0.9132,1.50,1.88
2012.02.22 05:13:03.886,0.913,0.91318,2.25,2.63
2012.02.22 05:13:04.100,0.91297,0.91313,2.25,1.50
2012.02.22 05:13:04.325,0.91296,0.91312,2.25,2.82
2012.02.22 05:13:04.403,0.91296,0.91312,1.50,2.82
2012.02.22 05:13:04.485,0.91294,0.9131,1.50,2.25
2012.02.22 05:13:04.776,0.91292,0.91308,1.50,2.44
2012.02.22 05:13:04.856,0.91292,0.91308,1.50,2.44
2012.02.22 05:13:05.565,0.91292,0.91306,1.50,1.50
2012.02.22 05:13:05.828,0.91289,0.91306,1.50,1.50
2012.02.22 05:13:10.396,0.91289,0.91305,1.50,2.25
2012.02.22 05:13:13.351,0.91289,0.91304,1.50,1.50
2012.02.22 05:13:20.887,0.91289,0.91304,1.50,1.50
2012.02.22 05:13:21.512,0.91288,0.91304,1.50,1.50
2012.02.22 05:13:24.877,0.91288,0.91304,1.50,1.88
2012.02.22 05:13:25.017,0.91286,0.91304,1.50,3.38
2012.02.22 05:13:25.089,0.91288,0.91304,1.50,3.19
2012.02.22 05:13:25.657,0.91287,0.91303,1.50,2.25
2012.02.22 05:13:25.744,0.91283,0.913,1.50,1.50
2012.02.22 05:13:26.496,0.91283,0.913,1.50,1.50
2012.02.22 05:13:27.037,0.91283,0.913,1.50,1.50
2012.02.22 05:13:27.176,0.91283,0.913,1.50,1.50
2012.02.22 05:13:38.769,0.91283,0.91301,1.50,2.25
2012.02.22 05:13:39.104,0.91283,0.91301,1.50,2.25
2012.02.22 05:13:41.184,0.91283,0.91301,1.50,2.25
2012.02.22 05:13:41.735,0.91284,0.91302,1.50,2.25
2012.02.22 05:13:43.582,0.91286,0.91302,1.50,2.25
2012.02.22 05:13:44.868,0.91287,0.91304,1.50,1.69
2012.02.22 05:13:46.216,0.91286,0.91304,1.50,3.00
2012.02.22 05:13:46.522,0.91288,0.91304,1.50,3.00
2012.02.22 05:13:47.718,0.91287,0.91303,1.50,2.25
2012.02.22 05:13:48.359,0.91286,0.91304,1.50,3.00
2012.02.22 05:13:48.715,0.91288,0.91304,1.50,3.00
2012.02.22 05:13:51.198,0.91288,0.91304,1.50,3.00
2012.02.22 05:13:55.474,0.91288,0.91304,1.50,3.00
2012.02.22 05:13:56.040,0.91288,0.91304,1.50,3.00
2012.02.22 05:14:06.225,0.91287,0.91303,1.50,2.25
2012.02.22 05:14:12.285,0.91286,0.91304,1.50,3.00
2012.02.22 05:14:12.954,0.91284,0.91302,1.50,2.44
2012.02.22 05:14:13.154,0.91286,0.91302,1.50,2.44
2012.02.22 05:14:16.224,0.91287,0.91304,1.50,1.69
2012.02.22 05:14:16.724,0.91287,0.91304,1.50,1.50
2012.02.22 05:14:18.763,0.91284,0.91302,1.50,2.44
2012.02.22 05:14:19.124,0.91286,0.91302,1.50,2.44
2012.02.22 05:14:20.467,0.91288,0.91304,1.50,3.00
2012.02.22 05:14:20.990,0.91288,0.91304,1.50,3.00
2012.02.22 05:14:22.273,0.91285,0.91303,1.50,2.25
2012.02.22 05:14:25.717,0.91285,0.91303,1.50,2.44
2012.02.22 05:14:26.625,0.91285,0.91303,1.50,2.44
2012.02.22 05:14:26.767,0.91288,0.91304,1.50,3.19
2012.02.22 05:14:27.321,0.91288,0.91304,1.50,3.00
2012.02.22 05:14:27.853,0.91287,0.91303,1.50,2.25
2012.02.22 05:14:28.195,0.91287,0.91303,1.50,2.25
2012.02.22 05:14:28.327,0.91284,0.91302,1.50,2.25
2012.02.22 05:14:28.513,0.91284,0.91302,1.50,2.25
2012.02.22 05:14:29.198,0.91284,0.91302,1.50,2.25
2012.02.22 05:14:29.266,0.91285,0.91303,1.50,2.44
2012.02.22 05:14:32.270,0.91286,0.91302,1.50,2.25
2012.02.22 05:14:32.422,0.91286,0.91302,1.50,2.25
2012.02.22 05:14:32.625,0.91288,0.91304,1.50,3.19
2012.02.22 05:14:32.755,0.91286,0.91304,1.50,3.19
2012.02.22 05:14:33.167,0.91287,0.91304,1.50,1.50
2012.02.22 05:14:33.914,0.91287,0.91304,1.50,1.50
2012.02.22 05:14:34.539,0.9129,0.91306,1.50,2.25
2012.02.22 05:14:34.759,0.91291,0.91307,1.50,3.19
2012.02.22 05:14:35.294,0.91291,0.91307,1.50,2.25
2012.02.22 05:14:38.865,0.91289,0.91307,2.25,2.25
2012.02.22 05:14:38.938,0.91289,0.91307,1.50,2.25
2012.02.22 05:14:42.958,0.9129,0.91306,1.50,2.25
2012.02.22 05:14:43.671,0.91289,0.91305,1.50,2.25
2012.02.22 05:14:44.004,0.91288,0.91306,1.50,2.25
2012.02.22 05:14:46.577,0.91288,0.91306,1.50,2.25
2012.02.22 05:14:47.116,0.91288,0.91306,1.50,2.25
2012.02.22 05:14:47.245,0.91288,0.91306,1.50,2.25
2012.02.22 05:14:47.525,0.91288,0.91306,1.50,2.25
2012.02.22 05:14:50.147,0.91289,0.91307,1.50,3.00
2012.02.22 05:14:51.884,0.9129,0.91308,1.50,2.25
2012.02.22 05:14:57.235,0.91289,0.91307,1.50,2.25
2012.02.22 05:14:57.776,0.9129,0.91308,1.50,2.25
2012.02.22 05:15:07.676,0.91293,0.91309,1.50,3.00
2012.02.22 05:15:07.745,0.91293,0.91309,1.50,3.00
2012.02.22 05:15:08.556,0.91294,0.91309,1.50,1.50
2012.02.22 05:15:09.758,0.91294,0.9131,1.50,2.25
2012.02.22 05:15:09.828,0.91292,0.91308,1.50,2.25
2012.02.22 05:15:10.388,0.91292,0.91308,1.50,2.25
2012.02.22 05:15:10.955,0.91292,0.91308,1.50,3.00
2012.02.22 05:15:11.729,0.91291,0.91308,1.50,1.50
2012.02.22 05:15:12.508,0.91293,0.91308,1.50,1.50
2012.02.22 05:15:13.882,0.91292,0.91308,1.50,3.00
2012.02.22 05:15:15.605,0.91292,0.91308,1.50,3.00
2012.02.22 05:15:16.145,0.91291,0.91308,1.50,1.50
2012.02.22 05:15:19.542,0.91289,0.91307,2.25,2.25
2012.02.22 05:15:19.689,0.91291,0.91307,1.50,2.25
2012.02.22 05:15:20.247,0.91291,0.91307,1.50,2.25
2012.02.22 05:15:25.145,0.9129,0.91306,1.50,2.25
2012.02.22 05:15:25.667,0.91289,0.91305,1.50,2.25
2012.02.22 05:15:25.985,0.91289,0.91305,1.50,2.25
2012.02.22 05:15:26.696,0.9129,0.91306,1.50,2.25
2012.02.22 05:15:27.432,0.9129,0.91306,1.50,2.25
2012.02.22 05:15:33.277,0.9129,0.91308,1.50,3.00
2012.02.22 05:15:35.633,0.9129,0.91308,1.50,3.00
2012.02.22 05:15:35.824,0.9129,0.91308,1.50,3.00
2012.02.22 05:15:36.382,0.9129,0.91308,1.50,3.00
2012.02.22 05:15:37.003,0.9129,0.91306,1.50,2.25
2012.02.22 05:15:37.472,0.9129,0.91306,1.50,2.25
2012.02.22 05:15:40.765,0.9129,0.91306,1.50,2.25
2012.02.22 05:15:40.919,0.9129,0.91306,1.50,2.25
2012.02.22 05:15:41.477,0.91291,0.91307,1.50,2.25
2012.02.22 05:15:41.542,0.91291,0.91307,1.50,2.25
2012.02.22 05:15:41.734,0.91291,0.91307,1.50,2.25
2012.02.22 05:15:42.253,0.9129,0.91306,1.50,2.25
2012.02.22 05:15:42.735,0.91291,0.91307,1.50,2.25
2012.02.22 05:15:43.240,0.91291,0.91307,1.50,2.25
2012.02.22 05:15:43.597,0.9129,0.91306,1.50,2.25
2012.02.22 05:15:43.739,0.91289,0.91305,1.50,2.25
2012.02.22 05:15:43.953,0.91287,0.91303,2.25,2.25
2012.02.22 05:15:44.593,0.91287,0.91303,1.50,2.25
2012.02.22 05:15:46.842,0.91284,0.91302,2.25,2.25
2012.02.22 05:15:47.365,0.91286,0.91302,1.50,2.25
2012.02.22 05:15:47.566,0.91286,0.91302,1.50,2.25
2012.02.22 05:15:48.510,0.91285,0.91301,1.50,2.25
2012.02.22 05:15:49.620,0.91284,0.913,2.25,2.25
2012.02.22 05:15:50.757,0.91282,0.913,2.25,2.25
2012.02.22 05:15:52.479,0.91285,0.91301,1.50,2.25
2012.02.22 05:15:53.456,0.91286,0.91302,1.50,2.25
2012.02.22 05:15:56.762,0.91286,0.91302,1.50,2.25
2012.02.22 05:15:57.324,0.91286,0.91302,1.50,2.25
2012.02.22 05:15:57.882,0.91286,0.91302,1.50,2.25
2012.02.22 05:15:58.409,0.91286,0.91302,1.50,2.25
2012.02.22 05:15:58.484,0.91286,0.91302,1.50,2.25
2012.02.22 05:15:58.684,0.91286,0.91302,1.50,2.25
2012.02.22 05:15:59.232,0.91286,0.91302,1.50,2.25
2012.02.22 05:16:00.936,0.91286,0.91302,1.50,2.25
2012.02.22 05:16:01.003,0.91286,0.91302,1.50,2.25
2012.02.22 05:16:01.792,0.91286,0.91302,1.50,2.25
2012.02.22 05:16:01.992,0.91286,0.91302,1.50,2.25
2012.02.22 05:16:11.830,0.91287,0.91303,1.50,1.50
2012.02.22 05:16:11.910,0.91287,0.91303,1.50,1.50
2012.02.22 05:16:12.128,0.91291,0.91306,1.50,1.50
2012.02.22 05:16:12.690,0.91292,0.91308,1.50,1.50
2012.02.22 05:16:13.253,0.91292,0.91308,1.50,3.00
2012.02.22 05:16:16.063,0.91292,0.91308,1.50,1.50
2012.02.22 05:16:16.573,0.91291,0.91308,1.50,1.50
2012.02.22 05:16:18.605,0.91291,0.91308,1.50,1.50
2012.02.22 05:16:19.166,0.91293,0.91308,1.50,1.50
2012.02.22 05:16:20.137,0.91291,0.91307,1.50,2.25
2012.02.22 05:16:20.846,0.91291,0.91307,1.50,2.25
2012.02.22 05:16:22.177,0.91291,0.91307,1.50,2.25
2012.02.22 05:16:23.039,0.91291,0.91307,2.25,2.25
2012.02.22 05:16:23.115,0.91294,0.91307,2.25,2.25
2012.02.22 05:16:23.475,0.91296,0.91314,1.50,3.19
2012.02.22 05:16:24.221,0.91298,0.91314,1.50,2.25
2012.02.22 05:16:24.727,0.91296,0.91314,2.25,2.25
2012.02.22 05:16:26.937,0.91297,0.91315,1.50,2.25
2012.02.22 05:16:27.580,0.91297,0.91315,1.50,2.25
2012.02.22 05:16:35.528,0.91297,0.91313,1.50,2.25
2012.02.22 05:16:35.715,0.91297,0.91313,1.50,2.25
2012.02.22 05:16:39.225,0.91302,0.91316,1.50,1.50
2012.02.22 05:16:39.647,0.91302,0.91318,1.50,3.30
2012.02.22 05:16:40.416,0.91301,0.91317,1.50,2.25
2012.02.22 05:16:48.655,0.91302,0.91318,1.50,3.30
2012.02.22 05:16:52.043,0.913,0.91318,1.50,3.30
2012.02.22 05:16:55.467,0.913,0.91318,1.50,3.30
2012.02.22 05:16:55.844,0.913,0.91318,1.50,3.30
2012.02.22 05:16:57.947,0.91299,0.91315,2.25,2.25
2012.02.22 05:16:58.073,0.91299,0.91315,1.50,2.25
2012.02.22 05:16:58.144,0.91299,0.91315,1.50,2.25
2012.02.22 05:16:58.665,0.913,0.91316,1.50,2.25
2012.02.22 05:16:58.793,0.913,0.91316,1.50,2.25
2012.02.22 05:16:59.186,0.913,0.91316,1.50,2.25
2012.02.22 05:17:00.036,0.91298,0.91316,1.50,2.25
2012.02.22 05:17:00.284,0.91298,0.91316,2.25,2.25
2012.02.22 05:17:00.964,0.91299,0.91317,1.50,2.25
2012.02.22 05:17:01.748,0.91299,0.91317,2.25,2.25
2012.02.22 05:17:01.834,0.91301,0.91318,1.50,1.80
2012.02.22 05:17:02.351,0.913,0.91318,1.50,3.30
2012.02.22 05:17:02.697,0.913,0.91318,1.50,3.68
2012.02.22 05:17:11.538,0.913,0.91318,1.50,3.30
2012.02.22 05:17:11.843,0.913,0.91318,1.50,3.30
2012.02.22 05:17:13.943,0.913,0.91318,1.50,3.68
2012.02.22 05:17:16.465,0.91298,0.91316,1.50,3.38
2012.02.22 05:17:17.030,0.91299,0.91316,1.50,1.88
2012.02.22 05:17:17.594,0.91298,0.91316,1.50,3.38
2012.02.22 05:17:25.254,0.91298,0.91316,1.50,3.19
2012.02.22 05:17:26.837,0.91298,0.91315,1.50,1.32
2012.02.22 05:17:27.465,0.913,0.91316,1.50,3.00
2012.02.22 05:17:27.608,0.913,0.91316,1.50,3.00
2012.02.22 05:17:28.466,0.91301,0.91318,1.50,1.50
2012.02.22 05:17:29.060,0.91301,0.91318,1.50,1.50
2012.02.22 05:17:33.786,0.913,0.91318,1.50,3.00
2012.02.22 05:17:34.205,0.91302,0.91318,1.50,2.25
2012.02.22 05:17:50.392,0.91302,0.91318,1.50,2.25
2012.02.22 05:17:51.078,0.91301,0.91317,1.50,2.25
2012.02.22 05:17:51.636,0.913,0.91318,1.50,2.25
2012.02.22 05:17:52.175,0.91301,0.91317,1.50,2.25
2012.02.22 05:17:52.491,0.91301,0.91317,1.50,2.25
2012.02.22 05:17:53.247,0.91296,0.91312,1.50,2.25
2012.02.22 05:17:53.324,0.91294,0.91312,1.50,2.25
2012.02.22 05:17:54.825,0.91296,0.91312,1.50,2.25
2012.02.22 05:17:55.346,0.91297,0.91313,1.50,2.25
2012.02.22 05:17:55.549,0.91297,0.91313,1.50,2.25
2012.02.22 05:17:55.765,0.913,0.91315,1.50,1.50
2012.02.22 05:17:56.119,0.913,0.91316,1.50,2.25
2012.02.22 05:17:56.809,0.913,0.91316,1.50,2.25
2012.02.22 05:17:57.092,0.91298,0.91316,1.50,2.25
2012.02.22 05:17:58.014,0.91299,0.91317,1.50,3.00
2012.02.22 05:18:09.817,0.91299,0.91317,1.50,3.00
2012.02.22 05:18:10.027,0.91302,0.91317,1.50,1.50
2012.02.22 05:18:10.098,0.91302,0.91317,1.50,1.50
2012.02.22 05:18:10.898,0.91306,0.91322,1.50,2.25
2012.02.22 05:18:11.395,0.91301,0.91319,2.25,2.25
2012.02.22 05:18:11.609,0.91301,0.91317,1.50,2.25
2012.02.22 05:18:11.956,0.91301,0.91317,1.50,2.25
2012.02.22 05:18:15.413,0.91301,0.91317,1.50,2.25
2012.02.22 05:18:16.593,0.91301,0.91319,1.50,4.50
2012.02.22 05:18:19.414,0.91302,0.91318,1.50,2.25
2012.02.22 05:18:22.128,0.913,0.91318,1.50,2.25
2012.02.22 05:18:22.397,0.91302,0.91318,1.50,2.25
2012.02.22 05:18:23.055,0.91302,0.91318,1.50,2.25
2012.02.22 05:18:26.588,0.913,0.91318,1.50,2.25
2012.02.22 05:18:26.904,0.91302,0.91318,1.50,2.25
2012.02.22 05:18:26.975,0.913,0.91318,1.50,2.25
2012.02.22 05:18:27.179,0.91302,0.91319,1.50,3.00
2012.02.22 05:18:28.287,0.91302,0.9132,2.25,4.50
2012.02.22 05:18:29.276,0.91301,0.91317,2.25,2.25
2012.02.22 05:18:29.484,0.91303,0.91319,1.50,2.25
2012.02.22 05:18:32.429,0.91303,0.91319,1.50,2.25
2012.02.22 05:18:32.708,0.91301,0.91317,1.50,2.25
2012.02.22 05:18:33.536,0.91302,0.9132,1.50,2.25
2012.02.22 05:18:38.954,0.91302,0.91318,1.50,2.25
2012.02.22 05:18:50.846,0.913,0.91318,1.50,2.25
2012.02.22 05:18:51.364,0.91301,0.91319,1.50,2.25
2012.02.22 05:19:08.218,0.91301,0.91317,1.50,2.25
2012.02.22 05:19:08.712,0.91303,0.91319,1.50,2.25
2012.02.22 05:19:08.794,0.91303,0.91319,1.50,2.25
2012.02.22 05:19:08.872,0.91305,0.91321,1.50,2.44
2012.02.22 05:19:09.021,0.91305,0.91321,1.50,2.44
2012.02.22 05:19:24.070,0.91305,0.91321,1.50,2.25
2012.02.22 05:19:28.457,0.91305,0.91321,1.50,2.25
2012.02.22 05:19:29.006,0.91305,0.91321,1.50,2.25
2012.02.22 05:19:30.272,0.91305,0.91321,1.50,2.25
2012.02.22 05:19:44.594,0.91303,0.91321,2.25,2.25
2012.02.22 05:19:58.287,0.91303,0.91321,2.25,2.25
2012.02.22 05:19:58.825,0.91304,0.91322,1.50,2.25
2012.02.22 05:19:59.100,0.91309,0.91324,1.50,3.19
2012.02.22 05:19:59.181,0.91304,0.91322,1.50,2.25
2012.02.22 05:20:00.527,0.91303,0.91321,2.25,2.25
2012.02.22 05:20:00.669,0.91309,0.91324,1.50,3.00
2012.02.22 05:20:00.737,0.91304,0.91322,1.50,2.25
2012.02.22 05:20:01.280,0.91303,0.91321,2.25,2.25
2012.02.22 05:20:01.705,0.91304,0.91322,1.50,2.25
2012.02.22 05:20:02.347,0.91305,0.91321,1.50,2.25
2012.02.22 05:20:05.915,0.91305,0.91321,1.50,2.25
2012.02.22 05:20:11.608,0.91303,0.91321,1.50,2.25
2012.02.22 05:20:12.180,0.91303,0.91321,1.50,2.25
2012.02.22 05:20:21.813,0.91304,0.91322,1.50,2.25
2012.02.22 05:20:22.382,0.91304,0.91322,1.50,2.25
2012.02.22 05:20:27.249,0.91304,0.91322,2.25,2.25
2012.02.22 05:20:42.966,0.91307,0.91323,2.25,2.25
2012.02.22 05:20:43.052,0.91308,0.91324,1.50,2.25
2012.02.22 05:20:43.556,0.91306,0.91324,2.25,2.25
2012.02.22 05:20:44.100,0.91308,0.91324,1.50,2.25
2012.02.22 05:20:52.734,0.91307,0.91323,1.50,2.25
2012.02.22 05:20:53.496,0.91308,0.91324,1.50,2.25
2012.02.22 05:20:54.194,0.91306,0.91324,2.25,2.25
2012.02.22 05:20:57.368,0.91306,0.91322,1.50,2.25
2012.02.22 05:20:59.236,0.91306,0.91322,1.50,2.25
2012.02.22 05:21:01.097,0.91306,0.91322,1.50,2.25
2012.02.22 05:21:05.415,0.91307,0.91325,3.75,3.19
2012.02.22 05:21:05.497,0.9131,0.91328,2.25,2.25
2012.02.22 05:21:06.027,0.91312,0.9133,2.25,2.25
2012.02.22 05:21:07.065,0.91311,0.91329,1.50,2.25
2012.02.22 05:21:07.585,0.9131,0.91328,2.25,2.25
2012.02.22 05:21:08.086,0.91311,0.91327,1.50,2.25
2012.02.22 05:21:10.765,0.91311,0.91329,2.25,2.25
2012.02.22 05:21:11.828,0.91311,0.91329,2.25,2.25
2012.02.22 05:21:13.134,0.91312,0.9133,1.50,2.25
2012.02.22 05:21:21.022,0.91311,0.91327,2.25,2.25
2012.02.22 05:21:23.070,0.91311,0.91329,1.50,2.25
2012.02.22 05:21:23.625,0.91311,0.91329,1.50,2.25
2012.02.22 05:21:25.355,0.91311,0.91329,1.50,2.25
2012.02.22 05:21:31.897,0.91311,0.91329,1.50,2.25
2012.02.22 05:21:38.375,0.9131,0.91326,1.50,2.25
2012.02.22 05:21:38.445,0.9131,0.91326,1.50,2.25
2012.02.22 05:21:38.967,0.91311,0.91329,1.50,2.25
2012.02.22 05:21:40.169,0.91311,0.91327,1.50,2.25
2012.02.22 05:21:41.877,0.9131,0.91326,1.50,2.25
2012.02.22 05:21:41.946,0.91308,0.91326,1.50,2.25
2012.02.22 05:21:42.474,0.91308,0.91326,1.50,2.25
2012.02.22 05:21:42.606,0.9131,0.91326,1.50,2.25
2012.02.22 05:21:42.796,0.9131,0.91326,1.50,2.25
2012.02.22 05:21:43.327,0.9131,0.91326,1.50,2.25
2012.02.22 05:21:43.857,0.9131,0.91326,1.50,2.25
2012.02.22 05:21:47.295,0.91312,0.91328,1.50,2.25
2012.02.22 05:21:48.238,0.91312,0.91328,1.50,2.25
2012.02.22 05:21:48.952,0.91311,0.91327,1.50,2.25
2012.02.22 05:21:52.252,0.91313,0.91329,1.50,2.25
2012.02.22 05:21:52.775,0.91313,0.91329,1.50,2.25
2012.02.22 05:21:53.675,0.91312,0.91328,1.50,2.25
2012.02.22 05:21:54.256,0.91312,0.91328,1.50,2.25
2012.02.22 05:21:54.326,0.9131,0.91328,1.50,2.25
2012.02.22 05:21:54.916,0.91311,0.91329,1.50,2.25
2012.02.22 05:21:55.247,0.91313,0.91329,1.50,2.25
2012.02.22 05:21:55.785,0.91313,0.91329,1.50,2.25
2012.02.22 05:21:56.506,0.91312,0.91328,1.50,2.25
2012.02.22 05:21:57.040,0.91312,0.91328,1.50,2.25
2012.02.22 05:21:57.377,0.9131,0.91328,1.50,2.25
2012.02.22 05:21:57.915,0.91311,0.91329,1.50,2.25
2012.02.22 05:21:59.136,0.91312,0.9133,1.50,2.44
2012.02.22 05:21:59.666,0.91312,0.9133,1.50,2.25
2012.02.22 05:22:06.615,0.91312,0.9133,1.50,2.25
2012.02.22 05:22:24.240,0.91312,0.9133,1.50,2.25
2012.02.22 05:22:33.627,0.91312,0.9133,2.25,2.25
2012.02.22 05:22:34.165,0.91312,0.9133,2.25,2.25
2012.02.22 05:22:36.488,0.91312,0.9133,1.50,2.25
2012.02.22 05:22:47.946,0.91314,0.91332,1.50,2.25
2012.02.22 05:22:48.493,0.91313,0.91331,2.25,2.25
2012.02.22 05:22:52.442,0.91314,0.91332,1.50,2.25
2012.02.22 05:22:52.956,0.91314,0.91332,2.25,2.25
2012.02.22 05:22:58.967,0.91314,0.9133,1.50,2.25
2012.02.22 05:23:00.052,0.91314,0.9133,1.50,2.25
2012.02.22 05:23:02.035,0.91315,0.91331,1.50,2.25
2012.02.22 05:23:02.164,0.91313,0.91331,1.50,2.25
2012.02.22 05:23:02.705,0.91313,0.91331,1.50,2.25
2012.02.22 05:23:03.328,0.91315,0.91331,1.50,2.25
2012.02.22 05:23:03.654,0.91315,0.91331,1.50,2.25
2012.02.22 05:23:04.177,0.91314,0.9133,1.50,2.25
2012.02.22 05:23:05.826,0.91314,0.9133,1.50,2.25
2012.02.22 05:23:07.967,0.91314,0.9133,1.50,2.25
2012.02.22 05:23:08.485,0.91314,0.9133,1.50,2.25
2012.02.22 05:23:08.757,0.91312,0.91328,1.50,2.25
2012.02.22 05:23:11.094,0.91312,0.9133,1.50,2.63
2012.02.22 05:23:11.621,0.91313,0.91329,1.50,2.25
2012.02.22 05:23:13.130,0.91312,0.91328,1.50,2.25
2012.02.22 05:23:15.328,0.91312,0.9133,1.50,2.63
2012.02.22 05:23:15.454,0.91312,0.9133,1.50,2.63
2012.02.22 05:23:18.218,0.91311,0.91327,1.50,2.25
2012.02.22 05:23:19.078,0.91312,0.91328,1.50,2.25
2012.02.22 05:23:19.150,0.9131,0.91326,1.50,2.25
2012.02.22 05:23:19.913,0.91309,0.91324,2.25,1.13
2012.02.22 05:23:19.992,0.91306,0.91324,3.75,2.63
2012.02.22 05:23:20.613,0.91305,0.91323,2.25,2.25
2012.02.22 05:23:22.550,0.91301,0.91317,2.25,1.88
2012.02.22 05:23:22.702,0.91301,0.91317,1.50,2.25
2012.02.22 05:23:23.211,0.91302,0.9132,1.50,2.25
2012.02.22 05:23:23.741,0.91305,0.91321,1.50,2.25
2012.02.22 05:23:24.776,0.91305,0.91321,1.50,2.25
2012.02.22 05:23:27.405,0.91305,0.91321,1.50,2.25
2012.02.22 05:23:28.018,0.91305,0.91321,1.50,2.25
2012.02.22 05:23:28.671,0.91306,0.91323,1.50,1.69
2012.02.22 05:23:28.996,0.91308,0.91324,1.50,2.25
2012.02.22 05:23:29.205,0.91308,0.91324,1.50,2.25
2012.02.22 05:23:29.949,0.91308,0.91324,1.50,2.25
2012.02.22 05:23:31.183,0.91304,0.91322,2.25,2.25
2012.02.22 05:23:31.557,0.91297,0.91315,2.25,1.50
2012.02.22 05:23:32.222,0.91297,0.91315,1.50,1.50
2012.02.22 05:23:32.380,0.91296,0.91314,1.50,2.25
2012.02.22 05:23:37.715,0.91295,0.91313,1.50,2.25
2012.02.22 05:23:39.559,0.91291,0.91309,2.25,2.25
2012.02.22 05:23:39.637,0.91289,0.91307,4.50,2.25
2012.02.22 05:23:40.197,0.91291,0.91307,1.50,2.25
2012.02.22 05:23:41.021,0.91291,0.91307,2.25,1.50
2012.02.22 05:23:41.807,0.91292,0.9131,1.50,2.25
2012.02.22 05:23:42.085,0.91292,0.9131,2.25,2.25
2012.02.22 05:23:43.604,0.91291,0.91309,2.25,2.25
2012.02.22 05:23:45.651,0.91293,0.91309,1.50,2.25
2012.02.22 05:23:46.195,0.91292,0.91308,1.50,2.25
2012.02.22 05:23:50.846,0.91292,0.91308,2.25,2.25
2012.02.22 05:23:54.692,0.91292,0.91308,2.25,2.25
2012.02.22 05:23:57.188,0.91292,0.91308,2.25,2.25
2012.02.22 05:23:57.961,0.91292,0.9131,2.25,2.25
2012.02.22 05:23:58.262,0.91297,0.91315,2.25,2.25
2012.02.22 05:24:00.568,0.913,0.91315,1.42,1.50
2012.02.22 05:24:01.103,0.913,0.91315,2.54,1.50
2012.02.22 05:24:01.187,0.91307,0.91325,2.25,2.25
2012.02.22 05:24:13.839,0.91306,0.91322,1.50,2.25
2012.02.22 05:24:15.706,0.91306,0.91322,1.50,2.25
2012.02.22 05:24:15.928,0.91303,0.9132,2.25,1.50
2012.02.22 05:24:16.001,0.91302,0.91318,1.50,2.25
2012.02.22 05:24:16.646,0.91302,0.91318,1.50,2.25
2012.02.22 05:24:18.214,0.913,0.91318,2.25,2.25
2012.02.22 05:24:18.642,0.91298,0.91316,1.50,2.25
2012.02.22 05:24:19.753,0.91299,0.91317,1.50,2.25
2012.02.22 05:24:21.669,0.91298,0.91314,2.25,1.50
2012.02.22 05:24:21.880,0.91296,0.91313,1.50,1.50
2012.02.22 05:24:22.172,0.91294,0.9131,1.50,2.25
2012.02.22 05:24:22.830,0.91295,0.91313,2.25,2.25
2012.02.22 05:24:23.041,0.91294,0.91312,1.50,2.25
2012.02.22 05:24:24.224,0.91294,0.9131,2.25,2.25
2012.02.22 05:24:26.146,0.91294,0.9131,1.50,2.25
2012.02.22 05:24:31.610,0.91294,0.9131,1.50,2.25
2012.02.22 05:24:32.497,0.91294,0.9131,1.50,2.25
2012.02.22 05:24:33.149,0.91291,0.91309,2.25,2.25
2012.02.22 05:24:33.924,0.91294,0.9131,1.50,2.25
2012.02.22 05:24:35.225,0.91294,0.91312,2.25,3.00
2012.02.22 05:24:36.555,0.91293,0.91311,2.25,2.25
2012.02.22 05:24:36.626,0.91295,0.91311,1.50,2.25
2012.02.22 05:24:37.222,0.91294,0.91312,1.50,3.00
2012.02.22 05:24:41.205,0.91291,0.91309,2.25,2.25
2012.02.22 05:24:42.267,0.91291,0.91309,2.25,2.25
2012.02.22 05:24:42.540,0.91292,0.9131,2.25,3.00
2012.02.22 05:24:43.102,0.91291,0.91309,2.25,2.25
2012.02.22 05:24:43.443,0.91292,0.9131,2.25,3.00
2012.02.22 05:24:45.047,0.91295,0.91311,1.50,2.25
2012.02.22 05:24:45.741,0.91295,0.91313,2.25,2.25
2012.02.22 05:24:45.822,0.91298,0.91314,1.50,2.25
2012.02.22 05:24:46.442,0.91298,0.91314,2.25,2.25
2012.02.22 05:24:46.509,0.91297,0.91313,2.25,2.25
2012.02.22 05:24:46.718,0.91296,0.91311,1.50,3.00
2012.02.22 05:24:46.932,0.91296,0.91314,2.25,4.50
2012.02.22 05:24:47.562,0.91295,0.91313,2.25,2.25
2012.02.22 05:24:48.166,0.91295,0.91311,2.25,2.25
2012.02.22 05:24:48.476,0.91296,0.91312,1.50,4.50
2012.02.22 05:24:49.234,0.91295,0.91311,1.50,2.25
2012.02.22 05:24:50.076,0.91295,0.91311,1.50,2.25
2012.02.22 05:24:50.596,0.91295,0.91311,1.50,2.25
2012.02.22 05:24:51.154,0.91295,0.91311,2.25,2.25
2012.02.22 05:24:53.247,0.91295,0.91312,1.50,3.00
2012.02.22 05:24:53.585,0.91295,0.91312,2.25,3.00
2012.02.22 05:24:54.320,0.91295,0.91312,2.25,3.00
2012.02.22 05:24:57.267,0.91295,0.91311,1.50,2.25
2012.02.22 05:24:57.581,0.91297,0.91312,1.50,3.00
2012.02.22 05:24:57.666,0.91297,0.91312,1.50,3.00
2012.02.22 05:24:58.395,0.913,0.91316,1.50,2.25
2012.02.22 05:24:59.647,0.91299,0.91317,2.25,2.25
2012.02.22 05:25:03.117,0.91299,0.91317,1.50,2.25
2012.02.22 05:25:03.475,0.91299,0.91317,1.50,2.25
2012.02.22 05:25:04.836,0.91299,0.91317,1.50,2.25
2012.02.22 05:25:05.344,0.91299,0.91317,1.50,2.25
2012.02.22 05:25:06.190,0.91298,0.91316,2.25,2.25
2012.02.22 05:25:06.458,0.91298,0.91316,2.25,2.25
2012.02.22 05:25:07.004,0.91298,0.91316,2.25,2.25
2012.02.22 05:25:07.074,0.91298,0.91316,1.50,2.25
2012.02.22 05:25:07.674,0.91298,0.91316,2.25,2.25
2012.02.22 05:25:15.625,0.91299,0.91317,2.25,2.25
2012.02.22 05:25:15.707,0.91303,0.91319,1.50,3.19
2012.02.22 05:25:16.671,0.91302,0.91318,2.25,1.50
2012.02.22 05:25:16.763,0.91303,0.91321,2.25,2.25
2012.02.22 05:25:17.323,0.91304,0.91322,1.50,3.00
2012.02.22 05:25:17.835,0.91303,0.9132,1.50,1.50
2012.02.22 05:25:18.298,0.91302,0.91318,1.50,2.25
2012.02.22 05:25:18.625,0.91302,0.9132,1.50,3.00
2012.02.22 05:25:19.637,0.91302,0.9132,1.50,3.00
2012.02.22 05:25:20.736,0.91302,0.9132,1.50,3.00
2012.02.22 05:25:22.375,0.91305,0.9132,1.50,1.50
2012.02.22 05:25:22.904,0.91305,0.9132,1.50,1.50
2012.02.22 05:25:23.695,0.91304,0.9132,1.50,3.00
2012.02.22 05:25:30.980,0.91305,0.9132,1.50,1.50
2012.02.22 05:25:31.520,0.91305,0.91321,1.50,2.25
2012.02.22 05:25:32.569,0.91303,0.91321,1.50,2.25
2012.02.22 05:25:33.105,0.91304,0.91322,1.50,2.63
2012.02.22 05:25:34.735,0.91304,0.9132,1.50,2.25
2012.02.22 05:25:35.906,0.91305,0.91321,1.50,2.25
2012.02.22 05:25:36.105,0.91305,0.91321,1.50,2.25
2012.02.22 05:25:36.669,0.91304,0.9132,1.50,2.25
2012.02.22 05:25:38.177,0.91305,0.91321,1.50,2.25
2012.02.22 05:25:38.307,0.91305,0.91321,1.50,2.25
2012.02.22 05:25:40.905,0.91305,0.91321,1.50,2.25
2012.02.22 05:25:40.975,0.91303,0.91321,1.50,2.25
2012.02.22 05:25:42.308,0.91304,0.91322,1.50,2.63
2012.02.22 05:25:43.049,0.91304,0.91322,1.50,2.63
2012.02.22 05:25:43.613,0.91304,0.9132,1.50,2.25
2012.02.22 05:25:49.817,0.91304,0.9132,1.50,2.25
2012.02.22 05:26:00.564,0.91301,0.91319,1.50,2.25
2012.02.22 05:26:01.144,0.913,0.91318,1.69,2.25
2012.02.22 05:26:01.229,0.91301,0.91317,1.50,2.25
2012.02.22 05:26:02.606,0.91301,0.91317,1.50,2.25
2012.02.22 05:26:02.746,0.91299,0.91315,1.50,2.25
2012.02.22 05:26:03.516,0.91299,0.91315,1.50,2.25
2012.02.22 05:26:03.586,0.91299,0.91315,1.50,2.25
2012.02.22 05:26:07.746,0.91299,0.91315,1.50,2.25
2012.02.22 05:26:08.277,0.91299,0.91316,1.50,1.50
2012.02.22 05:26:08.416,0.91298,0.91316,1.50,3.00
2012.02.22 05:26:09.889,0.91298,0.91316,1.50,3.00
2012.02.22 05:26:17.304,0.91298,0.91316,1.50,3.00
2012.02.22 05:26:23.335,0.91299,0.91316,1.50,1.50
2012.02.22 05:26:23.687,0.91301,0.91319,1.50,2.25
2012.02.22 05:26:23.829,0.91302,0.9132,1.50,2.25
2012.02.22 05:26:23.974,0.91304,0.91321,1.50,1.50
2012.02.22 05:26:24.048,0.91304,0.91321,1.50,1.50
2012.02.22 05:26:24.718,0.91304,0.91322,2.25,2.25
2012.02.22 05:26:25.302,0.91304,0.91322,1.50,2.25
2012.02.22 05:26:25.523,0.91304,0.91322,1.50,2.25
2012.02.22 05:26:25.876,0.91304,0.9132,1.50,2.25
2012.02.22 05:26:26.398,0.91304,0.91322,1.50,4.50
2012.02.22 05:26:26.956,0.91303,0.91321,1.50,2.25
2012.02.22 05:26:27.606,0.91303,0.9132,1.50,1.50
2012.02.22 05:26:28.147,0.91304,0.91322,1.50,3.00
2012.02.22 05:26:28.536,0.91304,0.91322,1.50,3.00
2012.02.22 05:26:28.606,0.91304,0.91322,1.50,3.00
2012.02.22 05:26:29.058,0.91303,0.91321,1.50,2.25
2012.02.22 05:26:35.854,0.91301,0.91318,1.50,1.13
2012.02.22 05:26:35.932,0.91299,0.91317,1.50,2.25
2012.02.22 05:26:36.293,0.91299,0.91315,1.50,2.25
2012.02.22 05:26:36.580,0.91295,0.91313,1.50,2.25
2012.02.22 05:26:37.632,0.91296,0.91312,1.50,2.63
2012.02.22 05:26:37.720,0.91293,0.91311,1.50,2.25
2012.02.22 05:26:38.006,0.91295,0.91311,1.50,2.25
2012.02.22 05:26:38.542,0.91294,0.91311,1.50,1.50
2012.02.22 05:26:39.170,0.91294,0.91311,1.50,1.50
2012.02.22 05:26:42.171,0.91296,0.91314,1.50,3.00
2012.02.22 05:26:42.322,0.91296,0.91312,1.50,2.25
2012.02.22 05:26:42.584,0.91297,0.91313,1.50,2.25
2012.02.22 05:26:43.097,0.91296,0.91312,1.50,2.25
2012.02.22 05:26:47.245,0.91296,0.91312,1.50,2.25
2012.02.22 05:26:47.498,0.91297,0.91313,1.50,2.25
2012.02.22 05:26:47.625,0.91295,0.91313,1.50,2.25
2012.02.22 05:26:48.540,0.91294,0.91312,1.50,2.25
2012.02.22 05:26:49.983,0.91294,0.91312,1.50,2.63
2012.02.22 05:26:52.919,0.91296,0.91312,1.50,2.25
2012.02.22 05:26:53.534,0.91296,0.91312,1.50,2.25
2012.02.22 05:26:53.876,0.91295,0.91311,1.50,2.25
2012.02.22 05:26:54.414,0.91296,0.91312,1.50,2.25
2012.02.22 05:26:54.556,0.91294,0.91312,1.50,2.25
2012.02.22 05:26:55.123,0.91295,0.91313,1.50,3.00
2012.02.22 05:26:55.257,0.91295,0.91313,1.50,3.00
2012.02.22 05:26:55.819,0.91295,0.91313,1.50,3.00
2012.02.22 05:26:56.456,0.91297,0.91313,1.50,3.00
2012.02.22 05:26:56.587,0.91297,0.91313,1.50,3.00
2012.02.22 05:26:57.522,0.91297,0.91313,1.50,3.00
2012.02.22 05:27:05.596,0.91297,0.91313,1.50,2.25
2012.02.22 05:27:05.935,0.91296,0.91312,1.50,2.25
2012.02.22 05:27:07.854,0.91296,0.91312,1.50,2.25
2012.02.22 05:27:08.354,0.91297,0.91313,1.50,2.25
2012.02.22 05:27:08.485,0.91295,0.91313,1.50,2.25
2012.02.22 05:27:08.795,0.91295,0.91313,2.25,2.25
2012.02.22 05:27:08.956,0.91295,0.91313,1.50,2.25
2012.02.22 05:27:09.264,0.91297,0.91313,1.50,2.25
2012.02.22 05:27:09.333,0.91297,0.91313,1.50,2.25
2012.02.22 05:27:12.830,0.91296,0.91312,1.50,2.25
2012.02.22 05:27:13.384,0.91297,0.91313,1.50,2.25
2012.02.22 05:27:14.254,0.91295,0.91313,2.25,2.25
2012.02.22 05:27:14.587,0.91297,0.91313,1.50,2.25
2012.02.22 05:27:30.205,0.91297,0.91313,1.50,2.25
2012.02.22 05:27:30.275,0.91295,0.91313,1.50,2.25
2012.02.22 05:27:30.416,0.91295,0.91313,1.50,2.25
2012.02.22 05:27:31.378,0.91297,0.91313,1.50,2.25
2012.02.22 05:27:33.806,0.91297,0.91313,1.50,2.25
2012.02.22 05:27:34.069,0.91298,0.91314,1.50,2.25
2012.02.22 05:27:35.111,0.91296,0.91314,1.50,2.25
2012.02.22 05:27:54.570,0.91297,0.91315,1.50,2.63
2012.02.22 05:27:55.004,0.91299,0.91317,1.50,2.25
2012.02.22 05:27:55.772,0.91299,0.91317,1.50,2.25
2012.02.22 05:27:55.865,0.91304,0.91322,2.25,2.25
2012.02.22 05:28:11.434,0.91304,0.91322,1.50,2.25
2012.02.22 05:28:11.625,0.91304,0.91322,2.25,2.25
2012.02.22 05:28:21.474,0.91304,0.91322,1.50,2.25
2012.02.22 05:28:21.664,0.91304,0.91322,1.50,2.25
2012.02.22 05:28:28.058,0.91307,0.91323,1.50,2.25
2012.02.22 05:28:28.891,0.91307,0.91323,1.50,2.25
2012.02.22 05:28:29.097,0.91305,0.91323,1.50,2.25
2012.02.22 05:28:36.178,0.91306,0.91324,1.50,2.25
2012.02.22 05:28:36.495,0.91306,0.91324,2.25,2.25
2012.02.22 05:28:37.025,0.91306,0.91324,1.50,2.25
2012.02.22 05:28:48.214,0.91305,0.91323,2.25,3.00
2012.02.22 05:28:53.212,0.91305,0.91323,1.50,2.40
2012.02.22 05:28:53.361,0.91303,0.91319,2.25,2.25
2012.02.22 05:28:53.510,0.91301,0.91319,1.50,2.25
2012.02.22 05:28:53.846,0.91301,0.91319,1.50,2.25
2012.02.22 05:28:54.165,0.91301,0.91319,1.50,2.25
2012.02.22 05:28:56.065,0.91301,0.91319,1.50,2.25
2012.02.22 05:28:57.777,0.913,0.91318,1.50,2.25
2012.02.22 05:28:59.069,0.913,0.91318,1.50,2.25
2012.02.22 05:29:03.564,0.913,0.91318,1.50,2.25
2012.02.22 05:29:08.106,0.913,0.91318,1.50,2.25
2012.02.22 05:29:08.546,0.913,0.91318,1.50,2.25
2012.02.22 05:29:17.539,0.91301,0.91319,1.50,3.00
2012.02.22 05:29:18.045,0.91301,0.91319,1.50,3.00
2012.02.22 05:29:22.807,0.91301,0.91319,1.50,3.00
2012.02.22 05:29:23.421,0.913,0.91318,2.25,2.25
2012.02.22 05:29:30.859,0.91298,0.91316,1.50,2.25
2012.02.22 05:29:31.420,0.91298,0.91316,2.25,2.25
2012.02.22 05:29:34.967,0.91298,0.91316,2.25,2.25
2012.02.22 05:29:44.566,0.91298,0.91316,1.50,2.25
2012.02.22 05:29:51.108,0.913,0.91316,1.50,2.25
2012.02.22 05:29:52.485,0.913,0.91316,1.50,2.25
2012.02.22 05:29:52.685,0.913,0.91316,1.50,2.25
2012.02.22 05:30:01.267,0.913,0.91316,1.50,2.25
2012.02.22 05:30:03.196,0.913,0.91316,1.50,2.25
2012.02.22 05:30:03.856,0.913,0.91316,1.50,2.25
2012.02.22 05:30:03.987,0.913,0.91316,1.50,2.25
2012.02.22 05:30:09.826,0.91299,0.91315,1.50,2.25
2012.02.22 05:30:13.279,0.91299,0.91315,1.50,2.25
2012.02.22 05:30:14.048,0.91298,0.91314,1.50,2.25
2012.02.22 05:30:14.744,0.91296,0.91314,1.50,2.25
2012.02.22 05:30:16.568,0.91296,0.91314,1.50,2.25
2012.02.22 05:30:18.178,0.91293,0.91311,4.50,2.25
2012.02.22 05:30:18.516,0.91295,0.91311,1.50,2.25
2012.02.22 05:30:19.278,0.91294,0.9131,1.50,2.25
2012.02.22 05:30:20.962,0.91295,0.91311,1.50,2.25
2012.02.22 05:30:21.057,0.91293,0.91311,4.50,2.25
2012.02.22 05:30:22.686,0.91294,0.91312,1.50,2.25
2012.02.22 05:30:23.608,0.91295,0.91311,1.50,2.25
2012.02.22 05:30:25.406,0.91295,0.91311,1.50,2.25
2012.02.22 05:30:26.118,0.91296,0.91311,1.13,2.25
2012.02.22 05:30:26.477,0.91302,0.91318,1.50,2.25
2012.02.22 05:30:26.688,0.913,0.91318,2.25,2.25
2012.02.22 05:30:27.287,0.91301,0.91319,1.50,2.25
2012.02.22 05:30:28.839,0.91301,0.91319,1.50,2.25
2012.02.22 05:30:29.218,0.91299,0.91315,1.50,2.25
2012.02.22 05:30:32.850,0.91299,0.91315,1.50,2.25
2012.02.22 05:30:40.935,0.913,0.91316,1.50,2.25
2012.02.22 05:30:42.077,0.913,0.91316,2.25,2.25
2012.02.22 05:30:42.425,0.913,0.91316,1.50,2.25
2012.02.22 05:30:45.320,0.913,0.91318,1.50,2.25
2012.02.22 05:30:46.395,0.91298,0.91316,2.25,2.25
2012.02.22 05:30:52.044,0.91298,0.91316,1.50,2.25
2012.02.22 05:30:52.741,0.91298,0.91316,1.50,2.25
2012.02.22 05:31:07.962,0.91298,0.91316,1.50,2.25
2012.02.22 05:31:08.355,0.91298,0.91316,2.25,2.25
2012.02.22 05:31:18.897,0.91298,0.91316,2.25,2.25
2012.02.22 05:31:19.027,0.913,0.91316,1.42,2.25
2012.02.22 05:31:19.859,0.91308,0.91321,1.58,1.50
2012.02.22 05:31:20.096,0.91309,0.91327,1.50,2.25
2012.02.22 05:31:20.173,0.9131,0.91327,1.49,2.25
2012.02.22 05:31:20.533,0.91314,0.91331,2.10,3.12
2012.02.22 05:31:20.826,0.91317,0.91333,1.50,3.19
2012.02.22 05:31:21.782,0.91316,0.91332,1.50,2.25
2012.02.22 05:31:21.860,0.91314,0.9133,1.50,2.25
2012.02.22 05:31:23.897,0.91314,0.9133,2.25,2.25
2012.02.22 05:31:24.433,0.91314,0.9133,1.50,2.25
2012.02.22 05:31:25.001,0.91314,0.91332,2.10,2.25
2012.02.22 05:31:47.774,0.91313,0.91331,2.10,2.25
2012.02.22 05:32:02.664,0.91315,0.91331,1.50,2.25
2012.02.22 05:32:04.217,0.91314,0.9133,2.10,2.25
2012.02.22 05:32:23.107,0.91314,0.9133,1.50,2.25
2012.02.22 05:32:23.183,0.91312,0.91328,1.80,2.25
2012.02.22 05:32:23.336,0.9131,0.91326,1.50,1.05
2012.02.22 05:32:23.559,0.9131,0.91327,1.50,3.68
2012.02.22 05:32:24.186,0.91307,0.91323,1.50,2.25
2012.02.22 05:32:24.602,0.91307,0.91323,1.50,3.00
2012.02.22 05:32:24.680,0.91305,0.91322,1.50,1.13
2012.02.22 05:32:24.893,0.91304,0.9132,1.80,2.25
2012.02.22 05:32:25.251,0.91304,0.91319,1.50,3.00
2012.02.22 05:32:25.662,0.91301,0.91319,2.10,4.50
2012.02.22 05:32:27.042,0.91301,0.91319,2.10,4.88
2012.02.22 05:32:27.598,0.91302,0.91319,1.50,1.50
2012.02.22 05:32:29.382,0.91302,0.91319,1.50,1.50
2012.02.22 05:32:30.008,0.91303,0.91319,1.50,3.38
2012.02.22 05:32:34.036,0.91303,0.91319,1.50,3.38
2012.02.22 05:32:34.591,0.91302,0.91318,1.50,2.25
2012.02.22 05:32:39.195,0.91302,0.91318,1.50,3.00
2012.02.22 05:32:41.699,0.91301,0.91317,1.50,2.25
2012.02.22 05:32:41.769,0.91301,0.91317,1.50,2.25
2012.02.22 05:32:44.026,0.91301,0.91317,1.50,2.25
2012.02.22 05:32:47.746,0.91299,0.91315,1.50,3.00
2012.02.22 05:32:48.255,0.913,0.91315,1.50,1.50
2012.02.22 05:32:55.751,0.913,0.91315,1.50,1.50
2012.02.22 05:32:56.976,0.91298,0.91315,2.10,1.50
2012.02.22 05:32:57.525,0.91298,0.91313,2.10,1.50
2012.02.22 05:32:58.092,0.91296,0.91313,2.10,1.50
2012.02.22 05:33:00.629,0.91298,0.91313,2.10,1.50
2012.02.22 05:33:01.176,0.91299,0.91316,1.50,1.50
2012.02.22 05:33:02.107,0.91298,0.91316,2.10,3.00
2012.02.22 05:33:02.184,0.913,0.91316,1.50,2.25
2012.02.22 05:33:02.685,0.91303,0.91319,1.50,2.25
2012.02.22 05:33:03.044,0.913,0.91318,1.50,2.25
2012.02.22 05:33:04.226,0.913,0.91318,1.50,3.38
2012.02.22 05:33:05.469,0.91299,0.91315,1.50,2.25
2012.02.22 05:33:05.989,0.913,0.91316,1.50,3.38
2012.02.22 05:33:08.425,0.913,0.91316,1.50,3.38
2012.02.22 05:33:11.686,0.91301,0.91319,1.50,5.25
2012.02.22 05:33:12.048,0.91302,0.9132,1.50,3.00
2012.02.22 05:33:23.806,0.91302,0.9132,1.50,2.25
2012.02.22 05:33:26.626,0.91302,0.9132,1.50,2.25
2012.02.22 05:33:35.496,0.91301,0.91319,1.50,2.25
2012.02.22 05:33:36.082,0.91302,0.9132,1.50,2.25
2012.02.22 05:33:36.594,0.91302,0.91318,1.50,2.25
2012.02.22 05:33:39.457,0.91303,0.91319,1.50,3.00
2012.02.22 05:33:39.660,0.91302,0.91318,1.50,2.25
2012.02.22 05:33:40.363,0.913,0.91318,1.50,3.00
2012.02.22 05:33:49.704,0.913,0.91318,1.50,3.00
2012.02.22 05:34:03.959,0.913,0.91318,1.50,3.00
2012.02.22 05:34:04.716,0.91299,0.91317,1.50,2.25
2012.02.22 05:34:05.072,0.91301,0.91318,1.50,1.50
2012.02.22 05:34:05.152,0.91301,0.91318,1.50,1.50
2012.02.22 05:34:05.676,0.91302,0.9132,1.50,3.00
2012.02.22 05:34:08.805,0.91302,0.91318,1.50,2.25
2012.02.22 05:34:09.339,0.91302,0.91318,1.50,2.25
2012.02.22 05:34:11.181,0.91301,0.91319,1.50,2.25
2012.02.22 05:34:11.745,0.91302,0.9132,1.50,3.00
2012.02.22 05:34:13.067,0.91303,0.91319,1.50,2.25
2012.02.22 05:34:14.966,0.91301,0.91319,1.50,2.25
2012.02.22 05:34:26.815,0.91302,0.9132,1.50,3.00
2012.02.22 05:34:32.469,0.91305,0.91321,1.50,2.25
2012.02.22 05:34:32.737,0.91305,0.91321,1.50,2.25
2012.02.22 05:34:33.877,0.91305,0.91321,1.50,2.25
2012.02.22 05:34:43.111,0.91307,0.91323,1.50,3.00
2012.02.22 05:34:43.179,0.91305,0.91323,1.50,3.00
2012.02.22 05:34:47.889,0.91303,0.91321,2.25,2.25
2012.02.22 05:34:54.387,0.91303,0.91321,1.50,2.25
2012.02.22 05:34:54.669,0.91302,0.91318,1.50,2.25
2012.02.22 05:34:58.918,0.91302,0.91318,1.50,2.25
2012.02.22 05:35:02.744,0.91301,0.91317,1.50,2.25
2012.02.22 05:35:03.805,0.91302,0.91318,1.50,2.25
2012.02.22 05:35:05.468,0.91301,0.91317,1.50,2.25
2012.02.22 05:35:07.807,0.913,0.91318,1.50,2.25
2012.02.22 05:35:12.950,0.91302,0.91318,1.50,2.25
2012.02.22 05:35:13.018,0.913,0.91318,1.50,2.25
2012.02.22 05:35:14.886,0.91302,0.91318,1.50,2.25
2012.02.22 05:35:15.578,0.91301,0.91317,1.50,2.25
2012.02.22 05:35:19.869,0.91302,0.91318,1.50,2.25
2012.02.22 05:35:20.374,0.91301,0.91317,1.50,2.25
2012.02.22 05:35:22.426,0.91301,0.91317,1.50,2.25
2012.02.22 05:35:23.306,0.913,0.91318,1.50,2.25
2012.02.22 05:35:28.200,0.913,0.91318,1.50,5.25
2012.02.22 05:35:28.340,0.913,0.91318,1.50,5.25
2012.02.22 05:35:34.735,0.913,0.91318,1.50,4.50
2012.02.22 05:35:35.019,0.91301,0.91319,1.50,2.25
2012.02.22 05:35:35.094,0.91303,0.91319,1.50,2.25
2012.02.22 05:35:35.956,0.91302,0.9132,1.50,3.00
2012.02.22 05:35:37.416,0.91301,0.91319,1.50,2.25
2012.02.22 05:35:40.655,0.91305,0.91321,1.50,2.25
2012.02.22 05:35:40.736,0.91305,0.91321,1.50,2.25
2012.02.22 05:35:42.179,0.91304,0.9132,1.50,2.25
2012.02.22 05:35:44.787,0.91304,0.9132,1.50,2.25
2012.02.22 05:35:45.119,0.91304,0.9132,1.50,2.25
2012.02.22 05:35:45.296,0.91301,0.91319,1.50,2.25
2012.02.22 05:35:45.828,0.91301,0.91319,1.50,2.25
2012.02.22 05:35:48.552,0.91303,0.91319,1.50,2.25
2012.02.22 05:35:48.626,0.91303,0.91319,1.50,2.25
2012.02.22 05:35:50.375,0.91303,0.91319,1.50,2.25
2012.02.22 05:35:51.019,0.91303,0.91319,1.50,2.25
2012.02.22 05:35:52.438,0.91301,0.91319,1.50,2.25
2012.02.22 05:35:52.506,0.91301,0.91319,1.50,2.25
2012.02.22 05:35:53.055,0.91301,0.91319,1.50,2.25
2012.02.22 05:35:53.815,0.91302,0.9132,1.50,2.25
2012.02.22 05:35:55.465,0.91302,0.91318,1.50,2.25
2012.02.22 05:35:55.541,0.913,0.91318,1.50,2.25
2012.02.22 05:35:55.615,0.91302,0.91318,1.50,2.25
2012.02.22 05:35:56.233,0.91302,0.9132,1.50,2.25
2012.02.22 05:35:56.752,0.913,0.91318,1.50,2.25
2012.02.22 05:35:57.335,0.91301,0.91318,1.50,1.50
2012.02.22 05:35:57.898,0.91301,0.91318,1.50,1.50
2012.02.22 05:35:58.415,0.913,0.91318,1.50,3.00
2012.02.22 05:36:05.750,0.91302,0.91318,1.50,3.00
2012.02.22 05:36:09.657,0.913,0.91318,1.50,3.00
2012.02.22 05:36:12.766,0.913,0.91318,1.50,3.00
2012.02.22 05:36:21.145,0.913,0.91318,1.50,3.00
2012.02.22 05:36:22.847,0.91301,0.91319,1.50,2.25
2012.02.22 05:36:23.348,0.91301,0.91317,1.50,2.25
2012.02.22 05:36:23.861,0.91301,0.91317,1.50,2.25
2012.02.22 05:36:24.066,0.91301,0.91317,1.50,2.25
2012.02.22 05:36:24.207,0.91303,0.91319,1.50,2.25
2012.02.22 05:36:24.782,0.91302,0.91318,1.50,2.25
2012.02.22 05:36:25.916,0.91301,0.91317,1.50,2.25
2012.02.22 05:36:27.091,0.91302,0.91318,1.50,2.25
2012.02.22 05:36:27.597,0.91301,0.91319,1.50,2.25
2012.02.22 05:36:29.659,0.91301,0.91319,1.50,2.25
2012.02.22 05:36:29.987,0.91302,0.9132,1.50,3.00
2012.02.22 05:36:30.488,0.91302,0.9132,1.50,3.38
2012.02.22 05:36:31.091,0.91301,0.91317,1.50,2.25
2012.02.22 05:36:31.597,0.91302,0.91318,1.50,2.25
2012.02.22 05:36:40.217,0.91303,0.91319,1.50,2.25
2012.02.22 05:36:40.765,0.91303,0.91319,1.50,2.25
2012.02.22 05:36:44.164,0.91303,0.91319,1.50,2.25
2012.02.22 05:36:53.895,0.91303,0.91319,1.50,2.25
2012.02.22 05:36:58.497,0.91303,0.91319,1.50,2.25
2012.02.22 05:37:19.262,0.91301,0.91319,1.50,2.25
2012.02.22 05:37:19.344,0.91303,0.91318,1.50,1.88
2012.02.22 05:37:20.120,0.913,0.91317,1.50,1.13
2012.02.22 05:37:20.202,0.91296,0.91314,1.69,2.25
2012.02.22 05:37:20.628,0.91297,0.91313,1.50,2.25
2012.02.22 05:37:21.190,0.91296,0.91314,1.50,2.25
2012.02.22 05:37:21.541,0.91298,0.91316,1.50,3.00
2012.02.22 05:37:22.405,0.91296,0.91314,1.69,2.25
2012.02.22 05:37:22.954,0.91298,0.91314,1.50,2.25
2012.02.22 05:37:24.341,0.91296,0.91314,1.50,2.25
2012.02.22 05:37:24.890,0.91298,0.91314,1.50,2.25
2012.02.22 05:37:25.408,0.91297,0.91313,1.50,2.25
2012.02.22 05:37:37.926,0.91298,0.91314,1.50,2.25
2012.02.22 05:37:37.997,0.91296,0.91314,1.69,2.25
2012.02.22 05:37:40.276,0.91298,0.91314,1.50,2.25
2012.02.22 05:37:40.785,0.91297,0.91313,1.50,2.25
2012.02.22 05:37:50.958,0.91297,0.91315,1.88,2.25
2012.02.22 05:37:51.102,0.913,0.91316,1.50,3.00
2012.02.22 05:37:51.390,0.91302,0.91318,1.58,2.25
2012.02.22 05:37:56.393,0.91302,0.91318,1.50,2.25
2012.02.22 05:38:01.682,0.91302,0.91319,1.80,1.50
2012.02.22 05:38:02.008,0.91301,0.91317,1.50,2.25
2012.02.22 05:38:02.703,0.91299,0.91317,2.55,2.25
2012.02.22 05:38:04.347,0.91302,0.91318,1.50,3.00
2012.02.22 05:38:04.817,0.913,0.91318,2.25,3.00
2012.02.22 05:38:05.340,0.91301,0.91318,1.50,1.50
2012.02.22 05:38:09.328,0.91301,0.91318,1.50,1.50
2012.02.22 05:38:09.671,0.913,0.91318,1.50,3.00
2012.02.22 05:38:10.208,0.91299,0.91315,1.50,2.25
2012.02.22 05:38:10.731,0.913,0.91316,1.50,2.25
2012.02.22 05:38:13.939,0.91302,0.91317,1.50,1.50
2012.02.22 05:38:14.141,0.91302,0.91317,1.50,1.50
2012.02.22 05:38:14.280,0.913,0.91318,1.50,3.00
2012.02.22 05:38:14.422,0.91302,0.91318,1.50,3.00
2012.02.22 05:38:14.914,0.913,0.91318,1.50,3.00
2012.02.22 05:38:15.476,0.91301,0.91318,1.50,1.50
2012.02.22 05:38:15.558,0.91301,0.91318,1.50,1.50
2012.02.22 05:38:15.899,0.91303,0.91318,1.50,1.50
2012.02.22 05:38:16.588,0.91302,0.91318,1.50,2.25
2012.02.22 05:38:17.950,0.91302,0.91318,1.50,2.25
2012.02.22 05:38:18.673,0.91301,0.91317,1.50,2.25
2012.02.22 05:38:18.760,0.91299,0.91315,1.50,2.25
2012.02.22 05:38:19.319,0.91299,0.91317,1.50,2.25
2012.02.22 05:38:23.986,0.91298,0.91315,1.50,1.50
2012.02.22 05:38:30.421,0.91298,0.91315,1.50,1.88
2012.02.22 05:38:30.612,0.91294,0.91312,1.69,2.25
2012.02.22 05:38:31.239,0.91293,0.91311,5.99,2.25
2012.02.22 05:38:31.796,0.91295,0.91311,1.50,2.25
2012.02.22 05:38:32.317,0.91293,0.91308,1.43,1.50
2012.02.22 05:38:32.739,0.91292,0.91308,2.10,2.25
2012.02.22 05:38:33.077,0.91293,0.91311,1.50,5.63
2012.02.22 05:38:33.578,0.91291,0.91309,1.50,2.25
2012.02.22 05:38:34.236,0.9129,0.91308,1.50,2.25
2012.02.22 05:38:34.632,0.9129,0.91308,2.25,2.25
2012.02.22 05:38:35.158,0.9129,0.91308,1.50,2.25
2012.02.22 05:38:36.573,0.9129,0.91308,1.50,2.25
2012.02.22 05:38:38.617,0.9129,0.91308,1.50,2.25
2012.02.22 05:38:40.500,0.9129,0.91308,1.50,2.25
2012.02.22 05:38:41.133,0.91289,0.91305,1.50,2.25
2012.02.22 05:38:41.226,0.91285,0.91303,1.50,2.25
2012.02.22 05:38:41.779,0.91285,0.91303,2.25,2.25
2012.02.22 05:38:43.139,0.91284,0.91302,2.25,3.00
2012.02.22 05:38:44.878,0.91285,0.91302,1.50,1.50
2012.02.22 05:38:45.082,0.91285,0.91303,2.33,2.25
2012.02.22 05:38:45.357,0.91288,0.91304,1.50,2.25
2012.02.22 05:38:46.006,0.91288,0.91304,1.50,2.25
2012.02.22 05:38:46.209,0.91286,0.91304,2.33,2.25
2012.02.22 05:38:47.398,0.91286,0.91304,1.50,2.25
2012.02.22 05:38:47.949,0.91285,0.91301,2.25,2.25
2012.02.22 05:38:48.669,0.91287,0.91305,1.50,2.25
2012.02.22 05:38:49.167,0.91288,0.91304,1.50,2.25
2012.02.22 05:38:49.962,0.91288,0.91304,1.50,2.25
2012.02.22 05:38:50.530,0.91286,0.91304,3.44,2.25
2012.02.22 05:38:51.866,0.91286,0.91304,2.25,2.25
2012.02.22 05:38:53.436,0.91287,0.91305,2.25,2.25
2012.02.22 05:38:55.249,0.91287,0.91305,1.50,2.25
2012.02.22 05:38:57.247,0.91286,0.91304,2.25,2.25
2012.02.22 05:38:57.600,0.91288,0.91304,1.50,3.00
2012.02.22 05:38:58.106,0.91287,0.91303,1.50,2.25
2012.02.22 05:38:59.039,0.91287,0.91303,1.50,2.25
2012.02.22 05:39:00.421,0.91287,0.91303,1.50,2.25
2012.02.22 05:39:01.270,0.91288,0.91304,1.50,3.00
2012.02.22 05:39:01.721,0.91286,0.91304,2.25,3.00
2012.02.22 05:39:01.865,0.91287,0.91305,1.50,2.25
2012.02.22 05:39:02.083,0.91287,0.91305,1.50,2.25
2012.02.22 05:39:03.131,0.91288,0.91304,1.50,2.25
2012.02.22 05:39:03.206,0.91285,0.91303,2.59,2.25
2012.02.22 05:39:03.751,0.91285,0.91303,2.44,2.25
2012.02.22 05:39:05.099,0.91285,0.91303,2.52,2.25
2012.02.22 05:39:06.848,0.91285,0.91303,4.77,2.25
2012.02.22 05:39:07.378,0.91285,0.91303,1.69,2.25
2012.02.22 05:39:07.926,0.91285,0.91303,2.44,2.25
2012.02.22 05:39:08.867,0.91285,0.91301,1.50,2.25
2012.02.22 05:39:09.463,0.91286,0.91302,1.58,2.25
2012.02.22 05:39:13.478,0.91286,0.91302,1.65,2.25
2012.02.22 05:39:15.006,0.91286,0.91302,1.65,2.25
2012.02.22 05:39:15.628,0.91288,0.91304,1.50,2.25
2012.02.22 05:39:16.285,0.91287,0.91303,1.50,2.25
2012.02.22 05:39:17.155,0.91288,0.91304,1.50,2.25
2012.02.22 05:39:17.510,0.91291,0.91307,1.50,3.00
2012.02.22 05:39:18.118,0.91289,0.91307,3.00,2.25
2012.02.22 05:39:18.679,0.9129,0.91308,1.50,2.25
2012.02.22 05:39:19.334,0.91289,0.91305,2.25,2.25
2012.02.22 05:39:20.011,0.91287,0.91305,2.85,2.25
2012.02.22 05:39:23.334,0.91287,0.91303,1.50,2.25
2012.02.22 05:39:23.899,0.91285,0.91302,1.09,2.25
2012.02.22 05:39:24.818,0.91284,0.91302,2.40,2.25
2012.02.22 05:39:25.327,0.91284,0.91302,2.25,2.25
2012.02.22 05:39:27.656,0.91284,0.91302,1.50,2.25
2012.02.22 05:39:33.208,0.91283,0.91301,2.25,3.00
2012.02.22 05:39:33.805,0.91282,0.91295,3.00,2.25
2012.02.22 05:39:33.894,0.91279,0.91295,1.69,2.25
2012.02.22 05:39:34.043,0.9128,0.91296,1.50,1.50
2012.02.22 05:39:35.118,0.9128,0.91298,2.25,2.25
2012.02.22 05:39:39.599,0.91279,0.91295,2.25,2.25
2012.02.22 05:39:40.101,0.91279,0.91295,1.50,2.25
2012.02.22 05:39:42.059,0.91277,0.91294,3.53,2.25
2012.02.22 05:39:43.211,0.91276,0.91294,2.44,3.00
2012.02.22 05:39:43.349,0.91276,0.91294,2.40,3.00
2012.02.22 05:39:43.877,0.91276,0.91294,2.33,3.00
2012.02.22 05:39:46.489,0.91276,0.91294,2.25,3.00
2012.02.22 05:39:47.453,0.91275,0.91292,3.15,2.25
2012.02.22 05:39:48.134,0.91275,0.91293,4.80,2.25
2012.02.22 05:39:49.419,0.91275,0.91291,1.80,2.25
2012.02.22 05:39:49.942,0.91275,0.91291,1.65,2.25
2012.02.22 05:39:51.889,0.91275,0.91291,1.80,2.25
2012.02.22 05:39:52.426,0.91275,0.91291,1.65,2.25
2012.02.22 05:39:55.734,0.91275,0.91291,1.80,2.25
2012.02.22 05:39:58.320,0.91275,0.91293,1.65,2.25
2012.02.22 05:40:00.156,0.91275,0.91293,1.80,2.25
2012.02.22 05:40:03.507,0.91275,0.91293,1.65,2.25
2012.02.22 05:40:04.950,0.91275,0.91293,1.99,2.25
2012.02.22 05:40:05.787,0.91275,0.91293,1.65,2.25
2012.02.22 05:40:07.742,0.91275,0.91293,1.92,2.25
2012.02.22 05:40:08.259,0.91275,0.91293,2.82,2.25
2012.02.22 05:40:08.387,0.91275,0.91293,3.19,2.25
2012.02.22 05:40:09.842,0.91275,0.91292,1.32,2.25
2012.02.22 05:40:10.049,0.91275,0.91292,1.09,2.25
2012.02.22 05:40:11.828,0.91275,0.91293,2.55,2.25
2012.02.22 05:40:12.359,0.91274,0.91292,3.64,2.25
2012.02.22 05:40:12.882,0.91275,0.91292,1.05,2.25
2012.02.22 05:40:13.447,0.91274,0.91292,3.34,2.25
2012.02.22 05:40:14.950,0.91274,0.91292,3.23,2.25
2012.02.22 05:40:15.493,0.91276,0.91292,2.97,2.25
2012.02.22 05:40:17.444,0.91274,0.91292,3.89,2.25
2012.02.22 05:40:20.203,0.91275,0.91292,1.02,2.25
2012.02.22 05:40:22.366,0.91275,0.91291,2.44,2.25
2012.02.22 05:40:24.546,0.91275,0.91293,2.33,2.25
2012.02.22 05:40:28.437,0.91275,0.91293,2.25,2.25
2012.02.22 05:40:28.946,0.91275,0.91293,2.25,2.25
2012.02.22 05:40:30.317,0.91275,0.91293,2.25,2.25
2012.02.22 05:40:30.520,0.91275,0.91293,2.40,2.25
2012.02.22 05:40:32.427,0.91275,0.91293,2.63,2.25
2012.02.22 05:40:33.184,0.91275,0.91293,1.50,2.25
2012.02.22 05:40:33.447,0.91275,0.91291,1.65,2.25
2012.02.22 05:40:35.267,0.91275,0.91291,2.40,2.25
2012.02.22 05:40:35.397,0.91275,0.91291,2.25,2.25
2012.02.22 05:40:36.278,0.91275,0.91293,2.25,2.25
2012.02.22 05:40:37.015,0.91275,0.91293,2.40,2.25
2012.02.22 05:40:37.582,0.91275,0.91293,2.40,2.25
2012.02.22 05:40:38.236,0.91275,0.91293,2.25,2.25
2012.02.22 05:40:40.810,0.91275,0.91293,1.50,2.25
2012.02.22 05:40:41.639,0.91274,0.91292,1.50,2.25
2012.02.22 05:40:41.930,0.91269,0.91285,3.23,2.25
2012.02.22 05:40:43.205,0.9127,0.91286,1.80,2.25
2012.02.22 05:40:44.131,0.91269,0.91285,1.17,2.25
2012.02.22 05:40:44.214,0.9127,0.91288,1.80,2.25
2012.02.22 05:40:47.336,0.9127,0.91288,1.80,2.25
2012.02.22 05:40:48.086,0.91268,0.91285,1.66,2.25
2012.02.22 05:40:48.489,0.91268,0.91285,1.39,2.25
2012.02.22 05:40:49.063,0.91268,0.91285,1.08,2.25
2012.02.22 05:40:49.625,0.91268,0.91286,2.58,2.25
2012.02.22 05:40:50.173,0.91271,0.91287,1.50,2.25
2012.02.22 05:40:50.950,0.91268,0.91284,2.58,2.25
2012.02.22 05:40:51.487,0.91267,0.91284,1.58,2.25
2012.02.22 05:40:54.899,0.91267,0.91284,1.65,2.25
2012.02.22 05:40:55.250,0.91267,0.91284,1.28,2.25
2012.02.22 05:40:55.389,0.91266,0.91284,2.31,2.25
2012.02.22 05:40:55.918,0.91267,0.91285,2.14,2.25
2012.02.22 05:40:56.618,0.91267,0.91285,2.14,2.25
2012.02.22 05:41:00.836,0.91266,0.91284,1.69,2.25
2012.02.22 05:41:03.980,0.91266,0.91284,1.50,2.25
2012.02.22 05:41:04.708,0.91262,0.91279,1.91,2.25
2012.02.22 05:41:05.238,0.91261,0.91279,6.86,2.25
2012.02.22 05:41:07.962,0.91262,0.9128,3.11,2.25
2012.02.22 05:41:08.486,0.91262,0.91279,1.61,2.25
2012.02.22 05:41:11.654,0.91262,0.91278,2.74,2.25
2012.02.22 05:41:11.944,0.91264,0.9128,1.50,2.25
2012.02.22 05:41:12.501,0.91265,0.9128,1.13,2.25
2012.02.22 05:41:12.710,0.91265,0.9128,1.04,2.25
2012.02.22 05:41:13.548,0.91266,0.91282,1.88,2.25
2012.02.22 05:41:14.278,0.91266,0.91282,1.88,2.25
2012.02.22 05:41:15.581,0.91265,0.91281,1.88,2.25
2012.02.22 05:41:17.343,0.91265,0.91281,1.88,2.25
2012.02.22 05:41:17.777,0.91262,0.9128,3.67,2.25
2012.02.22 05:41:18.343,0.91263,0.91281,3.75,2.25
2012.02.22 05:41:19.217,0.91263,0.91281,6.00,2.25
2012.02.22 05:41:19.301,0.91263,0.91279,2.25,2.25
2012.02.22 05:41:23.776,0.91262,0.91278,5.47,2.25
2012.02.22 05:41:34.773,0.91262,0.91278,5.47,2.25
2012.02.22 05:41:35.147,0.91257,0.91274,3.60,2.25
2012.02.22 05:41:35.504,0.91252,0.9127,3.12,2.25
2012.02.22 05:41:35.583,0.91253,0.9127,1.50,2.25
2012.02.22 05:41:36.417,0.91254,0.9127,1.05,2.25
2012.02.22 05:41:36.979,0.91255,0.91272,2.85,2.25
2012.02.22 05:41:37.531,0.91254,0.91272,1.80,2.25
2012.02.22 05:41:47.895,0.91254,0.91272,1.80,2.25
2012.02.22 05:41:50.048,0.91254,0.91272,1.80,2.25
2012.02.22 05:41:51.889,0.91252,0.91269,2.82,1.13
2012.02.22 05:41:52.479,0.91252,0.91269,2.93,1.13
2012.02.22 05:41:52.744,0.91251,0.91267,2.10,2.25
2012.02.22 05:41:52.824,0.91248,0.91266,4.50,2.25
2012.02.22 05:41:52.902,0.91248,0.91266,3.75,2.25
2012.02.22 05:41:53.441,0.91247,0.91265,4.95,2.25
2012.02.22 05:41:53.987,0.91248,0.91264,1.50,2.25
2012.02.22 05:41:57.946,0.91245,0.91263,1.80,2.25
2012.02.22 05:41:58.488,0.91244,0.91262,3.75,2.25
2012.02.22 05:42:01.488,0.91244,0.91262,4.72,2.25
2012.02.22 05:42:07.238,0.91245,0.91263,1.80,2.25
2012.02.22 05:42:08.948,0.91244,0.9126,1.05,2.25
2012.02.22 05:42:09.816,0.91243,0.9126,1.20,2.25
2012.02.22 05:42:09.899,0.9124,0.91258,3.75,3.38
2012.02.22 05:42:10.463,0.91239,0.91255,4.69,2.25
2012.02.22 05:42:18.847,0.91239,0.91256,4.32,2.25
2012.02.22 05:42:20.303,0.91239,0.91256,4.32,2.25
2012.02.22 05:42:20.807,0.91241,0.91256,1.13,2.25
2012.02.22 05:42:29.017,0.91241,0.91256,1.13,1.50
2012.02.22 05:42:29.529,0.9124,0.91258,5.92,2.25
2012.02.22 05:42:30.751,0.9124,0.91256,5.25,1.50
2012.02.22 05:42:32.172,0.9124,0.91256,5.63,2.25
2012.02.22 05:42:32.287,0.9124,0.91256,5.63,1.50
2012.02.22 05:42:35.617,0.9124,0.91257,3.75,1.50
2012.02.22 05:42:36.138,0.91242,0.91258,2.63,1.50
2012.02.22 05:42:36.699,0.9124,0.91258,6.11,2.25
2012.02.22 05:42:37.049,0.9124,0.91256,5.44,1.50
2012.02.22 05:42:38.445,0.9124,0.91258,6.11,2.25
2012.02.22 05:42:38.752,0.9124,0.91256,4.69,1.50
2012.02.22 05:42:45.295,0.91239,0.91255,1.50,1.50
2012.02.22 05:42:46.202,0.9124,0.91254,1.50,1.50
2012.02.22 05:42:46.410,0.91239,0.91256,2.17,1.50
2012.02.22 05:42:49.010,0.9124,0.91258,3.00,2.25
2012.02.22 05:42:50.057,0.9124,0.91256,3.67,1.50
2012.02.22 05:42:51.907,0.9124,0.91256,2.25,2.25
2012.02.22 05:43:26.016,0.9124,0.91256,3.14,2.25
2012.02.22 05:43:29.999,0.91241,0.91257,2.85,1.50
2012.02.22 05:43:36.065,0.91241,0.91257,2.78,1.50
2012.02.22 05:43:44.128,0.91241,0.91259,2.78,2.25
2012.02.22 05:43:44.682,0.91242,0.91257,1.13,1.50
2012.02.22 05:43:45.219,0.91241,0.91257,2.78,1.50
2012.02.22 05:43:48.669,0.91242,0.91257,1.05,1.50
2012.02.22 05:43:50.233,0.9124,0.91256,3.07,1.50
2012.02.22 05:43:50.910,0.9124,0.91256,2.40,1.50
2012.02.22 05:43:51.169,0.91242,0.91258,2.33,1.50
2012.02.22 05:43:51.381,0.91246,0.91262,2.25,2.25
2012.02.22 05:43:51.660,0.91246,0.91264,3.04,2.25
2012.02.22 05:43:52.048,0.91246,0.91264,3.04,2.25
2012.02.22 05:43:52.390,0.91243,0.9126,1.24,2.25
2012.02.22 05:43:52.729,0.91243,0.9126,1.24,1.50
2012.02.22 05:43:55.725,0.91243,0.9126,1.43,2.25
2012.02.22 05:43:55.808,0.91243,0.91257,1.05,1.50
2012.02.22 05:43:55.949,0.91241,0.91257,2.44,2.25
2012.02.22 05:44:05.932,0.91241,0.91259,4.50,2.25
2012.02.22 05:44:09.886,0.91239,0.91257,4.23,1.50
2012.02.22 05:44:10.312,0.91239,0.91255,2.66,1.50
2012.02.22 05:44:10.868,0.9124,0.91254,1.50,1.50
2012.02.22 05:44:11.688,0.91238,0.91255,1.32,1.50
2012.02.22 05:44:12.041,0.91238,0.91254,1.50,3.75
2012.02.22 05:44:12.718,0.91238,0.91252,2.25,1.13
2012.02.22 05:44:20.692,0.91239,0.91255,2.25,3.75
2012.02.22 05:44:21.040,0.9124,0.91255,1.35,1.50
2012.02.22 05:44:21.250,0.91241,0.91257,2.48,2.25
2012.02.22 05:44:21.461,0.91244,0.91257,1.43,1.50
2012.02.22 05:44:22.181,0.91244,0.91257,1.43,1.50
2012.02.22 05:44:23.256,0.91238,0.91256,2.70,3.00
2012.02.22 05:44:26.779,0.91241,0.91259,2.33,4.13
2012.02.22 05:44:27.665,0.91241,0.91258,2.48,2.25
2012.02.22 05:44:30.239,0.91241,0.91258,2.33,1.50
2012.02.22 05:44:30.584,0.9124,0.91258,2.33,3.00
2012.02.22 05:44:31.020,0.91241,0.91257,2.25,2.25
2012.02.22 05:44:37.166,0.9124,0.91256,2.25,2.25
2012.02.22 05:44:43.850,0.91238,0.91254,2.25,2.25
2012.02.22 05:44:44.200,0.91236,0.91252,1.43,3.75
2012.02.22 05:44:44.719,0.91236,0.91252,1.43,1.50
2012.02.22 05:44:45.206,0.91236,0.9125,1.43,1.88
2012.02.22 05:44:46.252,0.91236,0.91249,1.20,1.13
2012.02.22 05:44:46.803,0.91236,0.91249,1.05,1.13
2012.02.22 05:44:47.161,0.91236,0.91248,1.05,1.50
2012.02.22 05:44:49.436,0.91235,0.91248,1.50,3.75
2012.02.22 05:44:49.968,0.91235,0.91248,1.50,3.75
2012.02.22 05:44:50.495,0.91235,0.91248,1.50,3.75
2012.02.22 05:44:51.294,0.91235,0.91248,1.50,3.75
2012.02.22 05:44:51.961,0.91235,0.91248,1.50,3.75
2012.02.22 05:44:52.591,0.91235,0.91248,1.50,3.75
2012.02.22 05:44:55.071,0.91233,0.91248,1.77,4.13
2012.02.22 05:44:55.721,0.91234,0.91248,1.02,4.13
2012.02.22 05:44:56.102,0.91234,0.91245,1.02,1.50
2012.02.22 05:44:56.942,0.91234,0.91246,1.17,2.25
2012.02.22 05:44:57.467,0.91233,0.91247,1.92,1.50
2012.02.22 05:44:58.078,0.91233,0.91247,1.92,1.50
2012.02.22 05:44:59.376,0.91234,0.91247,1.17,2.25
2012.02.22 05:44:59.921,0.91234,0.91247,1.17,2.63
2012.02.22 05:45:00.594,0.91236,0.91249,1.05,1.50
2012.02.22 05:45:00.671,0.91237,0.91249,1.05,1.50
2012.02.22 05:45:01.208,0.91235,0.91249,1.05,2.25
2012.02.22 05:45:03.366,0.91235,0.91249,1.05,2.25
2012.02.22 05:45:03.694,0.91235,0.91247,1.35,1.50
2012.02.22 05:45:04.250,0.91234,0.91248,1.81,1.50
2012.02.22 05:45:04.640,0.91234,0.91245,1.92,1.50
2012.02.22 05:45:05.652,0.91235,0.91249,1.05,3.75
2012.02.22 05:45:06.187,0.91235,0.91249,1.05,2.63
2012.02.22 05:45:08.277,0.91235,0.91247,1.05,1.50
2012.02.22 05:45:09.230,0.91235,0.91247,1.05,1.50
2012.02.22 05:45:10.341,0.91235,0.91247,1.35,1.50
2012.02.22 05:45:10.761,0.91229,0.91247,2.25,3.00
2012.02.22 05:45:11.032,0.91229,0.91247,2.25,3.00
2012.02.22 05:45:11.615,0.91229,0.91247,2.25,3.75
2012.02.22 05:45:14.720,0.91226,0.91244,2.33,2.25
2012.02.22 05:45:14.862,0.91226,0.91242,2.33,1.50
2012.02.22 05:45:15.249,0.91226,0.91244,2.33,2.25
2012.02.22 05:45:23.758,0.91225,0.91243,2.63,1.50
2012.02.22 05:45:24.260,0.91227,0.91243,2.25,2.25
2012.02.22 05:45:24.831,0.91226,0.91242,2.25,1.50
2012.02.22 05:45:30.510,0.91226,0.91242,2.25,2.63
2012.02.22 05:45:31.646,0.91226,0.91242,2.25,2.63
2012.02.22 05:45:32.508,0.91226,0.91242,2.25,2.63
2012.02.22 05:45:33.112,0.91226,0.91242,2.25,2.63
2012.02.22 05:45:34.837,0.91226,0.91242,2.25,2.63
2012.02.22 05:45:35.079,0.91224,0.9124,2.25,1.50
2012.02.22 05:45:35.290,0.91224,0.91242,2.25,2.63
2012.02.22 05:45:37.120,0.91224,0.91242,2.25,1.50
2012.02.22 05:45:42.108,0.91224,0.91242,2.25,2.25
2012.02.22 05:45:42.308,0.91224,0.91242,2.25,2.25
2012.02.22 05:45:46.859,0.91223,0.9124,3.38,1.50
2012.02.22 05:45:47.418,0.91225,0.91241,2.25,1.50
2012.02.22 05:45:55.876,0.91225,0.91241,2.25,1.50
2012.02.22 05:46:04.216,0.91225,0.91241,2.25,1.50
2012.02.22 05:46:06.280,0.91225,0.91241,2.63,1.50
2012.02.22 05:46:06.562,0.9123,0.91246,1.50,2.76
2012.02.22 05:46:06.645,0.9123,0.91246,2.25,2.01
2012.02.22 05:46:07.311,0.9123,0.91246,2.25,2.70
2012.02.22 05:46:07.452,0.91231,0.91246,1.13,1.50
2012.02.22 05:46:07.592,0.91236,0.91248,1.05,1.50
2012.02.22 05:46:07.800,0.91238,0.91254,1.50,2.25
2012.02.22 05:46:08.307,0.91236,0.91253,1.05,1.50
2012.02.22 05:46:13.547,0.91235,0.91252,2.85,2.25
2012.02.22 05:46:13.642,0.91232,0.91248,2.25,1.50
2012.02.22 05:46:13.708,0.91232,0.91248,2.25,1.50
2012.02.22 05:46:17.047,0.91231,0.91249,2.25,1.50
2012.02.22 05:46:17.552,0.91231,0.91249,2.25,2.25
2012.02.22 05:46:19.227,0.91231,0.91247,2.25,1.50
2012.02.22 05:46:21.144,0.91232,0.91248,2.25,1.50
2012.02.22 05:46:24.161,0.91232,0.91248,2.25,1.50
2012.02.22 05:46:25.156,0.91232,0.91248,2.25,2.25
2012.02.22 05:46:32.502,0.9123,0.91248,2.25,2.25
2012.02.22 05:46:33.091,0.91232,0.91248,2.25,2.25
2012.02.22 05:46:33.289,0.91232,0.91248,2.25,2.25
2012.02.22 05:46:34.309,0.91231,0.91247,2.25,1.50
2012.02.22 05:46:37.559,0.91231,0.91247,2.25,2.25
2012.02.22 05:46:38.188,0.91231,0.91249,2.25,2.25
2012.02.22 05:46:38.437,0.91231,0.91249,2.25,2.25
2012.02.22 05:46:40.223,0.91231,0.91249,2.25,2.25
2012.02.22 05:46:41.135,0.91234,0.9125,2.25,3.00
2012.02.22 05:46:41.625,0.91234,0.9125,2.33,1.50
2012.02.22 05:46:41.707,0.91234,0.91252,2.33,3.00
2012.02.22 05:46:41.922,0.91239,0.91255,1.50,4.50
2012.02.22 05:46:42.478,0.91238,0.91254,2.25,2.25
2012.02.22 05:46:45.502,0.91239,0.91255,2.25,2.25
2012.02.22 05:46:52.170,0.91237,0.91255,2.25,2.25
2012.02.22 05:46:55.398,0.91236,0.91252,2.25,2.25
2012.02.22 05:47:03.079,0.91234,0.91252,2.25,2.25
2012.02.22 05:47:03.431,0.91233,0.91249,2.25,1.50
2012.02.22 05:47:04.343,0.91233,0.91249,2.25,1.50
2012.02.22 05:47:05.810,0.91233,0.91249,2.25,2.25
2012.02.22 05:47:07.832,0.91233,0.91249,2.25,1.50
2012.02.22 05:47:08.167,0.91233,0.91249,2.25,1.50
2012.02.22 05:47:09.768,0.91233,0.91249,2.25,1.50
2012.02.22 05:47:15.582,0.91233,0.91249,2.25,2.25
2012.02.22 05:47:16.086,0.91231,0.91247,2.25,2.25
2012.02.22 05:47:19.277,0.9123,0.91248,2.25,2.25
2012.02.22 05:47:21.457,0.9123,0.91248,2.25,2.25
2012.02.22 05:47:25.727,0.9123,0.91248,2.25,2.25
2012.02.22 05:47:35.880,0.91232,0.91248,2.25,1.50
2012.02.22 05:47:36.399,0.91232,0.91248,2.25,2.25
2012.02.22 05:47:36.940,0.91231,0.91247,2.25,2.25
2012.02.22 05:47:39.677,0.91229,0.91246,1.05,1.50
2012.02.22 05:47:46.726,0.91229,0.91245,2.25,1.50
2012.02.22 05:47:47.299,0.91229,0.91247,2.25,2.25
2012.02.22 05:47:47.860,0.91228,0.91246,2.55,1.50
2012.02.22 05:47:52.183,0.91228,0.91246,2.74,1.50
2012.02.22 05:47:52.391,0.91232,0.91248,2.25,2.25
2012.02.22 05:47:54.228,0.91229,0.91245,2.25,1.50
2012.02.22 05:47:54.726,0.91229,0.91242,1.05,1.50
2012.02.22 05:47:55.280,0.91227,0.91242,1.95,1.50
2012.02.22 05:47:57.693,0.91226,0.91242,2.25,2.25
2012.02.22 05:47:58.732,0.91223,0.91241,2.44,1.50
2012.02.22 05:48:01.101,0.91224,0.91242,2.25,2.25
2012.02.22 05:48:02.567,0.91223,0.91241,2.44,1.50
2012.02.22 05:48:03.121,0.91224,0.91242,2.25,2.25
2012.02.22 05:48:05.413,0.91224,0.91242,2.25,1.50
2012.02.22 05:48:08.788,0.91224,0.91242,2.25,2.25
2012.02.22 05:48:19.530,0.91225,0.91242,1.20,1.50
2012.02.22 05:48:25.583,0.91225,0.91243,2.25,2.25
2012.02.22 05:48:29.436,0.91225,0.91243,2.25,2.25
2012.02.22 05:48:40.591,0.91229,0.91246,2.25,1.50
2012.02.22 05:48:41.338,0.91229,0.91246,2.25,1.50
2012.02.22 05:48:41.692,0.91234,0.91247,1.49,1.50
2012.02.22 05:48:41.764,0.91235,0.91249,1.13,1.50
2012.02.22 05:48:41.988,0.91237,0.91254,2.25,3.00
2012.02.22 05:48:42.664,0.91239,0.91254,1.50,3.00
2012.02.22 05:48:43.173,0.91238,0.91253,2.25,3.00
2012.02.22 05:48:43.606,0.91238,0.91253,1.50,3.00
2012.02.22 05:48:44.089,0.91234,0.91252,2.25,2.25
2012.02.22 05:48:45.052,0.91236,0.91252,1.50,2.25
2012.02.22 05:48:45.588,0.91237,0.91253,2.25,5.25
2012.02.22 05:48:46.850,0.91237,0.91253,1.50,5.25
2012.02.22 05:48:47.120,0.91234,0.91252,2.25,2.25
2012.02.22 05:48:47.659,0.91235,0.91253,2.25,5.25
2012.02.22 05:48:48.646,0.91233,0.9125,1.50,3.00
2012.02.22 05:48:49.158,0.91234,0.9125,1.50,4.50
2012.02.22 05:48:50.188,0.91234,0.9125,1.50,2.25
2012.02.22 05:48:51.742,0.91234,0.9125,1.50,4.50
2012.02.22 05:48:52.530,0.91234,0.9125,1.50,2.25
2012.02.22 05:48:53.603,0.91236,0.91252,1.50,5.25
2012.02.22 05:48:53.823,0.91237,0.91252,2.25,3.00
2012.02.22 05:48:54.107,0.91237,0.91253,2.25,1.50
2012.02.22 05:48:54.327,0.91242,0.91257,1.50,3.00
2012.02.22 05:48:54.411,0.91242,0.91256,1.50,3.00
2012.02.22 05:48:55.386,0.91241,0.91256,1.50,3.00
2012.02.22 05:48:55.905,0.9124,0.91256,2.25,3.00
2012.02.22 05:48:56.441,0.91241,0.91256,1.50,3.00
2012.02.22 05:48:56.968,0.91242,0.91256,1.50,3.00
2012.02.22 05:48:59.158,0.91241,0.91256,1.50,3.00
2012.02.22 05:49:05.167,0.91242,0.91256,1.50,3.00
2012.02.22 05:49:06.036,0.9124,0.91256,2.25,3.00
2012.02.22 05:49:08.653,0.91242,0.91256,1.50,3.00
2012.02.22 05:49:08.727,0.9124,0.91256,2.25,3.00
2012.02.22 05:49:11.536,0.9124,0.91256,2.25,3.00
2012.02.22 05:49:13.946,0.9124,0.91253,2.25,2.25
2012.02.22 05:49:14.419,0.91238,0.91253,2.25,2.25
2012.02.22 05:49:14.926,0.91238,0.91253,2.25,3.00
2012.02.22 05:49:17.445,0.91235,0.91253,2.25,4.50
2012.02.22 05:49:18.097,0.91237,0.91253,1.50,4.50
2012.02.22 05:49:22.067,0.91235,0.91253,2.25,4.50
2012.02.22 05:49:22.728,0.91235,0.91253,2.25,4.50
2012.02.22 05:49:23.144,0.91236,0.91252,2.25,2.25
2012.02.22 05:49:23.503,0.91234,0.91249,2.70,2.25
2012.02.22 05:49:24.203,0.91235,0.91251,2.33,2.25
2012.02.22 05:49:25.154,0.91235,0.91253,2.25,2.25
2012.02.22 05:49:25.513,0.91233,0.91251,2.25,1.50
2012.02.22 05:49:25.847,0.91232,0.9125,2.25,2.25
2012.02.22 05:49:26.762,0.91232,0.9125,2.25,2.25
2012.02.22 05:49:27.179,0.91234,0.9125,1.50,2.25
2012.02.22 05:49:27.726,0.91233,0.91249,1.50,2.25
2012.02.22 05:49:30.192,0.91233,0.91249,1.50,2.25
2012.02.22 05:49:30.611,0.9123,0.91248,2.25,4.50
2012.02.22 05:49:31.603,0.91232,0.91248,1.50,2.25
2012.02.22 05:49:31.684,0.91235,0.91251,2.25,2.25
2012.02.22 05:49:32.183,0.91236,0.91252,2.25,2.25
2012.02.22 05:49:33.135,0.91235,0.91251,2.25,1.50
2012.02.22 05:49:33.351,0.91233,0.91251,2.25,2.25
2012.02.22 05:49:34.392,0.91234,0.91252,2.25,2.25
2012.02.22 05:49:34.730,0.91233,0.91249,2.25,1.50
2012.02.22 05:49:35.239,0.91233,0.91249,2.25,2.25
2012.02.22 05:49:41.480,0.91233,0.91249,1.50,2.25
2012.02.22 05:49:43.291,0.91233,0.91249,2.25,2.25
2012.02.22 05:49:49.909,0.91233,0.91249,2.25,3.00
2012.02.22 05:49:54.741,0.91233,0.91251,2.25,4.50
2012.02.22 05:49:56.516,0.91235,0.91253,2.25,4.50
2012.02.22 05:49:56.818,0.91235,0.91252,2.25,2.25
2012.02.22 05:49:57.347,0.91235,0.91252,2.25,3.00
2012.02.22 05:50:01.559,0.91236,0.91252,1.50,3.00
2012.02.22 05:50:01.887,0.91235,0.91252,2.25,3.00
2012.02.22 05:50:05.918,0.91237,0.91252,1.50,3.00
2012.02.22 05:50:06.473,0.91236,0.91252,2.25,4.50
2012.02.22 05:50:16.496,0.91236,0.91252,2.25,4.50
2012.02.22 05:50:16.637,0.91236,0.91252,2.25,4.50
2012.02.22 05:50:16.936,0.91236,0.91252,2.25,4.50
2012.02.22 05:50:18.517,0.91235,0.91253,2.25,4.50
2012.02.22 05:50:18.660,0.91235,0.91253,2.25,4.50
2012.02.22 05:50:19.177,0.91236,0.91253,2.25,3.00
2012.02.22 05:50:22.739,0.91235,0.91253,2.25,4.50
2012.02.22 05:50:22.811,0.91235,0.91253,2.25,4.50
2012.02.22 05:50:23.161,0.91235,0.91251,2.25,4.50
2012.02.22 05:50:23.580,0.91233,0.91251,2.25,4.50
2012.02.22 05:50:23.853,0.91234,0.91251,2.25,3.00
2012.02.22 05:50:25.869,0.91234,0.9125,1.50,2.25
2012.02.22 05:50:26.407,0.91233,0.91251,2.25,4.50
2012.02.22 05:50:28.789,0.91235,0.91251,2.25,2.25
2012.02.22 05:50:29.118,0.91233,0.91251,2.25,2.25
2012.02.22 05:50:32.690,0.91236,0.91252,1.50,4.50
2012.02.22 05:50:33.245,0.91235,0.91251,2.25,2.25
2012.02.22 05:50:38.567,0.91234,0.9125,2.25,2.25
2012.02.22 05:50:39.096,0.91234,0.9125,2.25,2.25
2012.02.22 05:50:42.026,0.91235,0.91251,2.25,4.50
2012.02.22 05:50:49.146,0.91233,0.91251,2.25,2.25
2012.02.22 05:50:49.397,0.91233,0.91251,2.25,2.25
2012.02.22 05:51:02.026,0.91234,0.91252,2.25,2.25
2012.02.22 05:51:02.333,0.91234,0.9125,2.25,2.25
2012.02.22 05:51:19.564,0.91232,0.9125,2.25,2.25
2012.02.22 05:51:19.785,0.91231,0.91247,2.25,1.50
2012.02.22 05:51:29.883,0.91231,0.91249,2.25,2.25
2012.02.22 05:51:30.822,0.91231,0.91247,2.25,3.00
2012.02.22 05:51:31.109,0.91237,0.91252,2.25,3.00
2012.02.22 05:51:32.698,0.91236,0.91252,2.25,2.25
2012.02.22 05:51:33.260,0.91235,0.91252,2.25,3.00
2012.02.22 05:51:42.002,0.91235,0.91252,2.25,3.00
2012.02.22 05:51:42.828,0.91239,0.91253,2.25,3.00
2012.02.22 05:51:44.092,0.91237,0.91253,2.25,3.00
2012.02.22 05:51:44.814,0.91237,0.91253,2.25,2.25
2012.02.22 05:51:46.225,0.91241,0.91253,1.50,2.25
2012.02.22 05:51:46.941,0.9124,0.91255,2.25,2.25
2012.02.22 05:51:55.531,0.9124,0.91256,2.25,3.00
2012.02.22 05:51:59.113,0.9124,0.91256,2.25,2.25
2012.02.22 05:51:59.660,0.9124,0.91257,2.25,3.00
2012.02.22 05:52:01.327,0.9124,0.91256,2.25,1.50
2012.02.22 05:52:02.102,0.91241,0.91257,2.25,4.50
2012.02.22 05:52:02.914,0.91241,0.91259,2.25,4.88
2012.02.22 05:52:02.981,0.91241,0.91258,2.25,1.13
2012.02.22 05:52:06.141,0.9124,0.91256,2.25,1.50
2012.02.22 05:52:06.862,0.91239,0.91255,2.25,1.50
2012.02.22 05:52:07.413,0.91239,0.91255,2.25,1.50
2012.02.22 05:52:07.500,0.91236,0.91252,2.25,1.50
2012.02.22 05:52:08.053,0.91237,0.91253,2.25,1.50
2012.02.22 05:52:08.485,0.91238,0.91255,2.25,2.25
2012.02.22 05:52:09.023,0.91238,0.91255,2.25,3.00
2012.02.22 05:52:10.119,0.9124,0.91256,2.25,2.25
2012.02.22 05:52:15.213,0.9124,0.91256,2.25,3.00
2012.02.22 05:52:16.308,0.91239,0.91256,2.25,3.00
2012.02.22 05:52:16.498,0.91239,0.91256,2.25,3.00
2012.02.22 05:52:21.081,0.91237,0.91255,2.25,2.25
2012.02.22 05:52:22.766,0.91237,0.91255,2.25,2.25
2012.02.22 05:52:24.917,0.91237,0.91255,2.25,2.25
2012.02.22 05:52:25.688,0.91238,0.91254,2.25,1.50
2012.02.22 05:52:27.190,0.91238,0.91254,2.25,2.25
2012.02.22 05:52:27.458,0.91236,0.91252,2.25,1.50
2012.02.22 05:52:27.709,0.91236,0.91254,2.25,2.25
2012.02.22 05:52:28.392,0.91236,0.91254,2.25,1.50
2012.02.22 05:52:28.930,0.91239,0.91255,2.25,2.25
2012.02.22 05:52:29.478,0.91239,0.91255,2.25,1.50
2012.02.22 05:52:31.353,0.91239,0.91255,2.25,1.50
2012.02.22 05:52:34.431,0.91239,0.91255,2.25,1.50
2012.02.22 05:52:34.515,0.91241,0.91257,2.25,1.50
2012.02.22 05:52:35.203,0.91239,0.91257,2.25,2.25
2012.02.22 05:52:35.343,0.91238,0.91254,2.25,1.50
2012.02.22 05:52:35.901,0.91239,0.91255,2.25,2.25
2012.02.22 05:52:36.410,0.91239,0.91255,2.25,2.25
2012.02.22 05:52:37.129,0.91239,0.91255,2.25,2.25
2012.02.22 05:52:56.237,0.9124,0.91256,2.25,4.50
2012.02.22 05:53:05.380,0.9124,0.91256,2.25,4.50
2012.02.22 05:53:06.004,0.91237,0.91255,2.44,2.25
2012.02.22 05:53:09.751,0.91237,0.91255,2.44,2.25
2012.02.22 05:53:10.450,0.91237,0.91255,2.25,2.25
2012.02.22 05:53:11.251,0.91237,0.91255,1.69,2.25
2012.02.22 05:53:11.467,0.91235,0.91252,2.25,1.13
2012.02.22 05:53:11.611,0.91235,0.91252,1.50,1.13
2012.02.22 05:53:12.283,0.91233,0.91249,2.25,2.25
2012.02.22 05:53:12.376,0.91229,0.91245,2.25,2.25
2012.02.22 05:53:24.316,0.91228,0.91244,1.50,2.25
2012.02.22 05:53:24.400,0.91228,0.91244,2.33,2.25
2012.02.22 05:53:24.473,0.91227,0.91245,2.33,2.25
2012.02.22 05:53:24.881,0.91229,0.91245,2.25,2.25
2012.02.22 05:53:25.420,0.91229,0.91247,2.25,2.25
2012.02.22 05:53:25.548,0.91229,0.91247,2.25,2.25
2012.02.22 05:53:26.429,0.91229,0.91247,2.25,2.25
2012.02.22 05:53:27.377,0.91231,0.91249,2.25,2.25
2012.02.22 05:53:42.853,0.91231,0.91249,2.25,2.25
2012.02.22 05:53:43.392,0.9123,0.91248,2.25,2.25
2012.02.22 05:53:43.954,0.91228,0.91245,3.00,1.50
2012.02.22 05:53:44.036,0.91227,0.91245,2.63,2.25
2012.02.22 05:53:49.682,0.9123,0.91246,2.25,2.25
2012.02.22 05:53:49.961,0.9123,0.91246,2.25,1.50
2012.02.22 05:53:50.631,0.91234,0.9125,1.50,2.25
2012.02.22 05:53:51.144,0.91232,0.9125,2.25,2.25
2012.02.22 05:53:55.821,0.91234,0.9125,1.50,2.25
2012.02.22 05:53:56.431,0.91234,0.9125,2.25,2.25
2012.02.22 05:54:00.124,0.91234,0.91246,2.25,2.11
2012.02.22 05:54:00.934,0.91223,0.91237,1.88,1.58
2012.02.22 05:54:01.035,0.91224,0.91242,2.25,2.25
2012.02.22 05:54:01.123,0.91226,0.91241,1.50,1.88
2012.02.22 05:54:01.479,0.91226,0.91234,1.50,1.13
2012.02.22 05:54:01.834,0.91226,0.91234,1.50,3.75
2012.02.22 05:54:01.932,0.91217,0.91234,1.50,3.75
2012.02.22 05:54:02.599,0.91215,0.9123,1.50,3.00
2012.02.22 05:54:03.101,0.91213,0.91229,2.44,1.50
2012.02.22 05:54:06.150,0.91214,0.91232,2.25,2.25
2012.02.22 05:54:06.503,0.91216,0.91233,2.25,3.00
2012.02.22 05:54:07.180,0.91216,0.91234,2.25,2.25
2012.02.22 05:54:07.476,0.91215,0.91233,2.25,4.50
2012.02.22 05:54:07.762,0.91215,0.91233,2.25,4.88
2012.02.22 05:54:08.515,0.91214,0.9123,2.25,1.50
2012.02.22 05:54:09.332,0.91215,0.91231,2.25,2.25
2012.02.22 05:54:11.086,0.91215,0.91231,1.50,2.25
2012.02.22 05:54:11.514,0.91214,0.9123,2.25,2.25
2012.02.22 05:54:12.519,0.91214,0.91232,2.25,2.25
2012.02.22 05:54:13.070,0.91217,0.91233,2.25,2.25
2012.02.22 05:54:13.354,0.91217,0.91235,2.25,2.25
2012.02.22 05:54:14.719,0.91217,0.91235,2.25,2.25
2012.02.22 05:54:15.272,0.91217,0.91233,2.25,1.88
2012.02.22 05:54:15.347,0.91214,0.91231,1.73,1.50
2012.02.22 05:54:15.501,0.91213,0.91231,2.25,2.25
2012.02.22 05:54:16.118,0.91211,0.91229,2.25,2.25
2012.02.22 05:54:16.787,0.91212,0.9123,2.25,2.25
2012.02.22 05:54:17.130,0.91212,0.91228,2.25,1.50
2012.02.22 05:54:17.681,0.91212,0.9123,2.25,2.25
2012.02.22 05:54:27.008,0.91214,0.91232,2.25,2.25
2012.02.22 05:54:35.625,0.91213,0.91231,3.00,1.50
2012.02.22 05:54:35.920,0.9122,0.91236,2.25,2.25
2012.02.22 05:54:39.172,0.9122,0.91236,2.25,2.25
2012.02.22 05:55:09.183,0.91221,0.91239,2.25,2.25
2012.02.22 05:55:13.826,0.91222,0.91238,2.25,1.50
2012.02.22 05:55:16.112,0.91221,0.91239,2.25,2.25
2012.02.22 05:55:17.616,0.91221,0.91237,2.25,1.50
2012.02.22 05:55:19.467,0.91221,0.91239,2.25,2.25
2012.02.22 05:55:20.300,0.9122,0.91238,2.25,1.50
2012.02.22 05:55:22.971,0.91222,0.91238,2.25,1.50
2012.02.22 05:55:23.188,0.91223,0.91241,2.25,2.25
2012.02.22 05:55:23.539,0.91224,0.91242,2.25,1.50
2012.02.22 05:55:24.395,0.91227,0.91242,1.13,1.50
2012.02.22 05:55:24.479,0.91229,0.91247,2.25,3.00
2012.02.22 05:55:28.021,0.91229,0.91245,2.55,1.50
2012.02.22 05:55:28.720,0.91229,0.91247,2.55,2.25
2012.02.22 05:55:35.519,0.91229,0.91247,2.55,2.25
2012.02.22 05:55:38.846,0.91229,0.91247,2.55,2.25
2012.02.22 05:55:39.873,0.91229,0.91247,2.25,2.25
2012.02.22 05:55:40.220,0.91231,0.91249,2.25,2.25
2012.02.22 05:55:42.421,0.91231,0.91249,2.25,2.25
2012.02.22 05:55:42.938,0.91231,0.91249,2.25,1.50
2012.02.22 05:55:47.094,0.91231,0.91247,2.25,1.50
2012.02.22 05:55:47.308,0.91231,0.91247,2.25,1.50
2012.02.22 05:55:47.847,0.91231,0.91247,2.25,1.50
2012.02.22 05:55:49.320,0.91232,0.91248,2.25,1.50
2012.02.22 05:55:51.853,0.91233,0.91251,2.25,2.25
2012.02.22 05:55:52.214,0.91237,0.91253,2.25,1.69
2012.02.22 05:55:52.432,0.91239,0.91255,2.25,2.25
2012.02.22 05:55:55.170,0.91238,0.91254,2.25,1.50
2012.02.22 05:55:56.661,0.91238,0.91256,2.25,4.80
2012.02.22 05:56:01.113,0.91238,0.91254,2.25,1.50
2012.02.22 05:56:01.869,0.91234,0.91252,2.25,1.50
2012.02.22 05:56:02.079,0.91234,0.91252,2.25,1.50
2012.02.22 05:56:04.395,0.91241,0.91257,2.25,2.25
2012.02.22 05:56:05.641,0.91242,0.91258,1.50,2.25
2012.02.22 05:56:07.151,0.9124,0.91258,2.25,2.25
2012.02.22 05:56:07.534,0.91242,0.91258,2.25,2.25
2012.02.22 05:56:08.161,0.91242,0.91258,2.25,2.25
2012.02.22 05:56:08.792,0.91242,0.91258,2.25,2.25
2012.02.22 05:56:09.120,0.9124,0.91258,2.25,2.25
2012.02.22 05:56:09.679,0.9124,0.91258,2.25,2.25
2012.02.22 05:56:10.718,0.91242,0.91258,2.25,2.25
2012.02.22 05:56:12.434,0.91242,0.91258,2.25,2.25
2012.02.22 05:56:14.243,0.9124,0.91256,2.25,1.50
2012.02.22 05:56:14.644,0.91237,0.91255,2.25,2.25
2012.02.22 05:56:14.993,0.91235,0.91251,2.25,1.50
2012.02.22 05:56:15.208,0.91235,0.91251,1.50,2.25
2012.02.22 05:56:15.898,0.91233,0.9125,2.25,1.50
2012.02.22 05:56:16.013,0.91225,0.91243,2.25,2.25
2012.02.22 05:56:16.630,0.91225,0.91243,2.25,2.25
2012.02.22 05:56:17.847,0.91225,0.91243,2.25,2.25
2012.02.22 05:56:18.480,0.91225,0.91243,2.25,2.25
2012.02.22 05:56:23.621,0.91225,0.91243,2.25,2.25
2012.02.22 05:56:24.185,0.91225,0.91243,2.25,2.25
2012.02.22 05:56:25.473,0.91227,0.91243,2.25,2.25
2012.02.22 05:56:26.034,0.91225,0.91243,2.25,2.25
2012.02.22 05:56:26.127,0.91228,0.91246,2.25,2.25
2012.02.22 05:56:26.683,0.9123,0.91246,2.25,2.25
2012.02.22 05:56:29.982,0.9123,0.91246,1.50,2.25
2012.02.22 05:56:30.620,0.91228,0.91246,2.25,2.25
2012.02.22 05:56:30.952,0.91228,0.91246,2.25,2.25
2012.02.22 05:56:31.977,0.91228,0.91246,2.25,2.25
2012.02.22 05:56:34.526,0.91229,0.91245,2.25,1.50
2012.02.22 05:56:35.911,0.91228,0.91244,2.25,1.50
2012.02.22 05:56:36.417,0.91229,0.91245,2.25,1.50
2012.02.22 05:56:37.238,0.91228,0.91244,2.33,1.50
2012.02.22 05:56:39.982,0.9123,0.91246,2.25,1.50
2012.02.22 05:56:40.593,0.9123,0.91246,2.25,2.25
2012.02.22 05:56:42.167,0.9123,0.91246,2.25,1.50
2012.02.22 05:56:44.158,0.9123,0.91246,2.25,2.25
2012.02.22 05:56:44.904,0.9123,0.91246,2.25,1.50
2012.02.22 05:56:45.433,0.9123,0.91246,2.25,2.25
2012.02.22 05:56:46.081,0.9123,0.91244,2.25,3.00
2012.02.22 05:56:46.156,0.9123,0.91244,1.50,3.00
2012.02.22 05:56:46.233,0.91228,0.91244,2.25,3.00
2012.02.22 05:56:46.387,0.91225,0.91243,2.25,2.25
2012.02.22 05:56:47.350,0.91225,0.91243,2.25,2.25
2012.02.22 05:56:49.869,0.91226,0.91242,2.25,2.25
2012.02.22 05:56:52.667,0.91227,0.91243,1.50,2.25
2012.02.22 05:56:55.928,0.91226,0.91242,2.25,2.25
2012.02.22 05:56:59.582,0.91228,0.91244,1.20,2.25
2012.02.22 05:57:00.109,0.9123,0.91246,2.25,2.25
2012.02.22 05:57:01.581,0.91231,0.91249,2.25,2.25
2012.02.22 05:57:02.235,0.91231,0.91249,2.25,2.25
2012.02.22 05:57:22.050,0.91231,0.91249,2.25,2.25
2012.02.22 05:57:22.674,0.91234,0.9125,1.50,2.25
2012.02.22 05:57:23.223,0.91234,0.91252,2.25,2.25
2012.02.22 05:57:23.643,0.91235,0.91251,2.25,2.25
2012.02.22 05:57:25.069,0.91235,0.91251,2.25,2.25
2012.02.22 05:57:28.549,0.91234,0.91252,2.25,2.25
2012.02.22 05:57:28.878,0.91233,0.91251,2.25,4.50
2012.02.22 05:57:28.947,0.91233,0.91251,2.25,4.50
2012.02.22 05:57:31.981,0.91233,0.91251,2.25,2.25
2012.02.22 05:57:40.300,0.91234,0.9125,2.25,2.25
2012.02.22 05:57:40.803,0.91234,0.9125,1.50,2.25
2012.02.22 05:57:41.941,0.91232,0.9125,2.25,2.25
2012.02.22 05:57:46.578,0.9123,0.91248,2.25,1.50
2012.02.22 05:57:46.863,0.91231,0.91247,2.25,2.25
2012.02.22 05:57:47.706,0.91231,0.91247,2.25,2.25
2012.02.22 05:57:48.702,0.9123,0.91248,2.25,2.25
2012.02.22 05:57:49.130,0.91232,0.91248,2.25,1.50
2012.02.22 05:57:49.408,0.91232,0.91248,2.25,1.50
2012.02.22 05:57:50.077,0.91233,0.91251,2.25,2.25
2012.02.22 05:57:50.621,0.91232,0.9125,2.25,2.25
2012.02.22 05:57:53.040,0.91232,0.9125,2.25,2.25
2012.02.22 05:58:00.604,0.91233,0.9125,1.20,2.25
2012.02.22 05:58:00.974,0.91236,0.91252,2.33,1.50
2012.02.22 05:58:01.510,0.91235,0.91253,2.33,1.50
2012.02.22 05:58:03.061,0.91237,0.91253,2.25,2.25
2012.02.22 05:58:04.628,0.91237,0.91253,2.25,1.50
2012.02.22 05:58:06.559,0.91237,0.91253,2.25,1.50
2012.02.22 05:58:09.488,0.91236,0.91252,2.25,1.50
2012.02.22 05:58:09.871,0.91236,0.91254,2.25,2.25
2012.02.22 05:58:10.979,0.91236,0.91254,2.25,2.25
2012.02.22 05:58:11.358,0.91237,0.91253,2.25,1.50
2012.02.22 05:58:11.989,0.91239,0.91257,2.25,2.25
2012.02.22 05:58:12.508,0.9124,0.91256,2.25,1.50
2012.02.22 05:58:17.467,0.9124,0.91256,2.25,2.25
2012.02.22 05:58:17.900,0.91234,0.91249,1.95,1.50
2012.02.22 05:58:18.380,0.9123,0.91248,2.25,2.25
2012.02.22 05:58:18.650,0.91231,0.91249,2.25,2.25
2012.02.22 05:58:19.285,0.91231,0.91249,2.25,2.25
2012.02.22 05:58:19.960,0.91231,0.91249,2.25,2.25
2012.02.22 05:58:20.291,0.9123,0.91246,2.25,1.50
2012.02.22 05:58:20.778,0.9123,0.91246,2.25,1.50
2012.02.22 05:58:20.925,0.91228,0.91244,2.25,1.50
2012.02.22 05:58:21.471,0.91228,0.91244,2.25,1.50
2012.02.22 05:58:22.273,0.91228,0.91244,2.25,1.50
2012.02.22 05:58:22.354,0.9123,0.91246,2.25,1.50
2012.02.22 05:58:22.892,0.91229,0.91245,2.25,1.50
2012.02.22 05:58:24.093,0.91231,0.91247,2.25,2.25
2012.02.22 05:58:24.640,0.91231,0.91247,2.25,1.50
2012.02.22 05:58:26.377,0.91228,0.91246,2.44,1.50
2012.02.22 05:58:26.601,0.91232,0.91248,2.25,1.50
2012.02.22 05:58:27.841,0.91231,0.91249,2.25,2.25
2012.02.22 05:58:28.120,0.91231,0.91247,2.25,1.50
2012.02.22 05:58:28.400,0.91231,0.91249,2.25,2.25
2012.02.22 05:58:32.479,0.91231,0.91249,2.25,1.50
2012.02.22 05:58:33.659,0.91231,0.91249,2.25,4.50
2012.02.22 05:58:36.199,0.91231,0.91249,2.25,4.50
2012.02.22 05:58:46.371,0.9123,0.91248,2.44,1.50
2012.02.22 05:58:46.942,0.91231,0.91249,2.25,4.50
2012.02.22 05:58:51.290,0.9123,0.91248,2.25,2.25
2012.02.22 05:58:54.274,0.91232,0.91248,2.25,1.50
2012.02.22 05:58:54.843,0.91231,0.91247,2.25,1.50
2012.02.22 05:58:55.921,0.91231,0.91249,2.25,4.50
2012.02.22 05:58:56.447,0.91231,0.91249,2.25,2.25
2012.02.22 05:59:08.672,0.91233,0.91251,1.50,4.50
2012.02.22 05:59:09.026,0.91235,0.91251,2.25,2.25
2012.02.22 05:59:09.555,0.91235,0.91251,2.25,2.25
2012.02.22 05:59:21.533,0.91233,0.91251,2.25,2.25
2012.02.22 05:59:21.887,0.91229,0.91245,2.25,1.50
2012.02.22 05:59:21.964,0.91227,0.91245,2.33,2.25
2012.02.22 05:59:22.255,0.91225,0.91243,2.44,1.50
2012.02.22 05:59:22.335,0.91227,0.91243,2.25,1.50
2012.02.22 05:59:23.167,0.91226,0.91242,2.25,1.50
2012.02.22 05:59:23.720,0.91227,0.91243,2.25,2.25
2012.02.22 05:59:29.659,0.91226,0.91242,2.25,1.50
2012.02.22 05:59:29.870,0.91227,0.91243,2.25,2.25
2012.02.22 05:59:30.286,0.91228,0.91246,2.25,2.25
2012.02.22 05:59:30.503,0.91229,0.91245,2.25,1.50
2012.02.22 05:59:30.575,0.91229,0.91247,2.25,1.50
2012.02.22 05:59:31.423,0.91229,0.91245,2.25,1.50
2012.02.22 05:59:32.450,0.9123,0.91246,2.25,2.25
2012.02.22 05:59:40.898,0.9123,0.91246,2.25,1.50
2012.02.22 05:59:43.305,0.91229,0.91245,2.25,1.50
2012.02.22 05:59:46.657,0.91229,0.91245,2.25,1.50
2012.02.22 05:59:46.735,0.91229,0.91245,2.25,2.25
2012.02.22 05:59:47.210,0.9123,0.91246,2.25,1.50
2012.02.22 05:59:49.880,0.9123,0.91246,2.25,1.50
2012.02.22 05:59:50.211,0.9123,0.91246,2.25,2.25
2012.02.22 05:59:53.917,0.9123,0.91246,2.25,1.50
2012.02.22 05:59:54.111,0.9123,0.91246,2.25,1.50
2012.02.22 05:59:55.296,0.9123,0.91246,2.25,1.50
2012.02.22 05:59:55.580,0.9123,0.91246,2.25,1.50
2012.02.22 05:59:56.881,0.91229,0.91245,2.25,1.50
2012.02.22 05:59:57.028,0.9123,0.91246,2.25,1.50
2012.02.22 05:59:57.176,0.91229,0.91245,2.44,1.50
2012.02.22 05:59:57.842,0.91229,0.91245,2.44,1.50
2012.02.22 05:59:57.910,0.91229,0.91245,2.44,1.50
2012.02.22 05:59:58.472,0.91228,0.91244,2.44,1.50
2012.02.22 05:59:59.562,0.9123,0.91246,2.25,2.25
