2016.12.12 14:00:00.279,1.01613,1.01622,1.00,3.04
2016.12.12 14:00:00.788,1.01611,1.01621,3.00,1.00
2016.12.12 14:00:01.841,1.01613,1.01622,1.12,1.25
2016.12.12 14:00:02.147,1.01613,1.01625,3.94,7.31
2016.12.12 14:00:02.199,1.01614,1.01624,1.12,1.12
2016.12.12 14:00:02.352,1.01614,1.01625,4.12,1.31
2016.12.12 14:00:02.403,1.01615,1.01625,1.87,1.31
2016.12.12 14:00:02.660,1.01612,1.01623,3.37,1.91
2016.12.12 14:00:03.180,1.01613,1.01623,1.00,1.91
2016.12.12 14:00:04.449,1.01612,1.01622,1.37,1.60
2016.12.12 14:00:04.794,1.0161,1.01621,6.19,2.85
2016.12.12 14:00:06.310,1.01613,1.01623,2.25,2.44
2016.12.12 14:00:06.634,1.0161,1.01614,1.50,1.00
2016.12.12 14:00:06.686,1.01609,1.01614,1.00,1.00
2016.12.12 14:00:06.738,1.01607,1.01615,1.87,1.25
2016.12.12 14:00:07.252,1.01605,1.01614,1.00,1.12
2016.12.12 14:00:07.760,1.01603,1.01614,3.19,1.87
2016.12.12 14:00:08.276,1.01603,1.01613,2.81,1.12
2016.12.12 14:00:08.672,1.01606,1.01614,1.00,1.00
2016.12.12 14:00:09.598,1.01604,1.01614,1.12,1.00
2016.12.12 14:00:09.979,1.01607,1.01614,1.00,1.00
2016.12.12 14:00:10.488,1.01606,1.01616,1.12,3.94
2016.12.12 14:00:12.398,1.01607,1.01616,1.50,1.69
2016.12.12 14:00:12.450,1.01609,1.01618,1.00,2.25
2016.12.12 14:00:12.501,1.01611,1.01618,1.00,1.87
2016.12.12 14:00:12.603,1.01613,1.0162,1.00,1.12
2016.12.12 14:00:12.655,1.01611,1.0162,1.50,1.12
2016.12.12 14:00:12.809,1.01611,1.01621,2.25,2.62
2016.12.12 14:00:12.962,1.01612,1.01622,1.50,1.69
2016.12.12 14:00:15.095,1.01614,1.01623,1.00,2.29
2016.12.12 14:00:15.626,1.01613,1.01623,1.50,1.69
2016.12.12 14:00:16.690,1.01612,1.01622,2.62,1.85
2016.12.12 14:00:17.197,1.01614,1.01623,1.12,2.44
2016.12.12 14:00:19.789,1.01614,1.01623,1.12,1.00
2016.12.12 14:00:20.340,1.01615,1.01624,1.00,2.06
2016.12.12 14:00:20.847,1.01614,1.01624,4.12,1.25
2016.12.12 14:00:22.337,1.01613,1.01624,1.87,2.81
2016.12.12 14:00:22.996,1.01613,1.01623,1.37,1.00
2016.12.12 14:00:23.690,1.01613,1.01623,1.00,1.87
2016.12.12 14:00:23.894,1.01613,1.01621,1.00,1.35
2016.12.12 14:00:24.402,1.01612,1.01621,1.25,1.00
2016.12.12 14:00:25.011,1.01612,1.01623,1.25,3.22
2016.12.12 14:00:25.486,1.01611,1.0162,2.06,1.00
2016.12.12 14:00:27.255,1.01611,1.01621,3.94,3.00
2016.12.12 14:00:27.560,1.01612,1.01622,2.81,1.00
2016.12.12 14:00:28.481,1.01612,1.01621,1.31,1.00
2016.12.12 14:00:28.765,1.0161,1.01619,2.25,1.00
2016.12.12 14:00:34.247,1.0161,1.0162,1.87,1.00
2016.12.12 14:00:34.450,1.01612,1.01622,1.50,3.19
2016.12.12 14:00:35.233,1.01612,1.01622,1.12,2.44
2016.12.12 14:00:37.958,1.01613,1.01622,1.00,2.06
2016.12.12 14:00:38.477,1.01612,1.01622,1.12,2.44
2016.12.12 14:00:44.255,1.01614,1.01622,1.00,1.69
2016.12.12 14:00:44.559,1.01621,1.01625,1.00,3.75
2016.12.12 14:00:46.015,1.01619,1.01629,1.87,2.25
2016.12.12 14:00:49.437,1.01618,1.01628,2.00,2.25
2016.12.12 14:00:49.803,1.01618,1.01624,1.00,1.12
2016.12.12 14:00:49.855,1.01618,1.01626,1.00,1.12
2016.12.12 14:00:50.362,1.01617,1.01626,1.00,1.12
2016.12.12 14:00:50.868,1.01618,1.01626,1.00,1.12
2016.12.12 14:00:51.280,1.01616,1.01626,2.62,1.12
2016.12.12 14:00:51.679,1.01615,1.01624,1.25,1.00
2016.12.12 14:00:53.013,1.01616,1.01624,1.00,1.00
2016.12.12 14:00:53.329,1.01619,1.01629,1.00,2.06
2016.12.12 14:00:53.380,1.01619,1.01629,1.50,1.31
2016.12.12 14:00:53.635,1.01621,1.0163,1.00,1.50
2016.12.12 14:00:54.294,1.01621,1.01632,1.12,2.81
2016.12.12 14:00:54.818,1.01621,1.0163,1.00,1.00
2016.12.12 14:00:55.174,1.01621,1.01631,1.87,1.00
2016.12.12 14:00:55.681,1.01622,1.01631,1.12,1.50
2016.12.12 14:00:56.656,1.01622,1.01632,1.12,1.25
2016.12.12 14:00:59.328,1.01623,1.01632,1.00,1.25
2016.12.12 14:00:59.875,1.01624,1.01632,1.00,1.25
2016.12.12 14:01:02.844,1.01622,1.01632,1.87,1.25
2016.12.12 14:01:02.996,1.01624,1.01632,1.00,1.25
2016.12.12 14:01:03.503,1.01624,1.01631,1.00,1.50
2016.12.12 14:01:04.019,1.01624,1.01633,1.87,1.69
2016.12.12 14:01:07.744,1.01625,1.01635,1.00,1.37
2016.12.12 14:01:07.796,1.01627,1.01635,1.00,1.37
2016.12.12 14:01:08.102,1.01624,1.01635,1.87,3.94
2016.12.12 14:01:08.204,1.01624,1.01635,1.00,3.56
2016.12.12 14:01:08.749,1.01623,1.01634,3.75,1.75
2016.12.12 14:01:10.223,1.01623,1.01633,1.00,1.87
2016.12.12 14:01:15.635,1.01624,1.01634,1.12,1.87
2016.12.12 14:01:16.168,1.01622,1.01632,1.87,1.50
2016.12.12 14:01:16.674,1.01622,1.01632,1.87,1.00
2016.12.12 14:01:17.552,1.01622,1.01628,1.37,1.00
2016.12.12 14:01:17.603,1.01621,1.01627,1.00,1.35
2016.12.12 14:01:17.795,1.01619,1.01628,1.50,3.00
2016.12.12 14:01:17.897,1.01617,1.01626,1.12,1.12
2016.12.12 14:01:17.948,1.01617,1.01626,1.12,3.00
2016.12.12 14:01:18.050,1.01616,1.01626,1.50,1.12
2016.12.12 14:01:18.558,1.01618,1.01626,1.00,1.12
2016.12.12 14:01:19.121,1.01617,1.01626,1.00,1.12
2016.12.12 14:01:19.631,1.01616,1.01626,1.12,1.12
2016.12.12 14:01:21.283,1.01617,1.01626,1.00,1.12
2016.12.12 14:01:22.297,1.01616,1.01626,1.00,1.12
2016.12.12 14:01:22.839,1.01617,1.01626,1.12,1.00
2016.12.12 14:01:23.346,1.01617,1.01627,1.12,2.44
2016.12.12 14:01:27.471,1.01618,1.01627,1.00,1.12
2016.12.12 14:01:27.978,1.01617,1.01627,1.69,1.12
2016.12.12 14:01:28.199,1.01619,1.01629,1.00,3.56
2016.12.12 14:01:28.722,1.01618,1.01628,1.12,1.87
2016.12.12 14:01:29.572,1.01618,1.01628,1.50,1.50
2016.12.12 14:01:32.236,1.01619,1.01629,1.12,1.31
2016.12.12 14:01:32.540,1.01619,1.0163,3.00,1.25
2016.12.12 14:01:32.692,1.01619,1.0163,1.87,1.69
2016.12.12 14:01:33.839,1.01619,1.01627,1.00,1.05
2016.12.12 14:01:34.094,1.01616,1.01626,2.62,1.00
2016.12.12 14:01:36.186,1.01616,1.01625,1.87,1.00
2016.12.12 14:01:36.368,1.01615,1.01625,1.25,2.25
2016.12.12 14:01:36.874,1.01616,1.01625,1.12,1.00
2016.12.12 14:01:37.383,1.01616,1.01626,1.12,2.25
2016.12.12 14:01:38.195,1.01615,1.01625,2.06,1.00
2016.12.12 14:01:40.751,1.01616,1.01625,1.87,1.00
2016.12.12 14:01:41.714,1.01616,1.01625,3.75,1.00
2016.12.12 14:01:42.381,1.01616,1.01625,5.62,1.00
2016.12.12 14:01:47.230,1.01619,1.01628,2.25,1.50
2016.12.12 14:01:47.282,1.01621,1.01629,1.00,2.06
2016.12.12 14:01:47.486,1.01623,1.0163,1.00,1.00
2016.12.12 14:01:47.835,1.01625,1.01633,1.50,3.19
2016.12.12 14:01:48.089,1.01623,1.01633,1.50,3.19
2016.12.12 14:01:48.190,1.01625,1.01633,1.00,1.69
2016.12.12 14:01:49.311,1.01625,1.01632,1.00,2.44
2016.12.12 14:01:50.899,1.01625,1.0163,1.00,1.00
2016.12.12 14:01:50.951,1.01622,1.0163,1.00,1.00
2016.12.12 14:01:51.357,1.01625,1.01632,1.00,2.00
2016.12.12 14:01:52.306,1.01625,1.01633,1.00,3.19
2016.12.12 14:01:54.582,1.01622,1.01632,1.12,1.31
2016.12.12 14:01:55.500,1.01622,1.01631,1.12,1.00
2016.12.12 14:01:56.033,1.01621,1.01631,2.62,1.00
2016.12.12 14:01:57.417,1.0162,1.01629,1.87,1.25
2016.12.12 14:01:57.673,1.01618,1.01628,3.75,2.25
2016.12.12 14:01:57.927,1.01615,1.01626,3.75,1.54
2016.12.12 14:01:57.979,1.01615,1.01625,1.50,1.00
2016.12.12 14:01:58.133,1.01615,1.01623,1.00,1.00
2016.12.12 14:01:58.653,1.01614,1.01623,1.69,1.12
2016.12.12 14:01:59.112,1.01612,1.01622,2.62,1.00
2016.12.12 14:01:59.215,1.01614,1.01622,1.00,1.00
2016.12.12 14:01:59.773,1.01614,1.01624,1.00,1.50
2016.12.12 14:01:59.977,1.01612,1.01622,1.87,1.00
2016.12.12 14:02:00.180,1.01614,1.01622,1.00,1.00
2016.12.12 14:02:00.852,1.01614,1.01623,1.00,1.87
2016.12.12 14:02:02.575,1.01614,1.01623,1.00,1.87
2016.12.12 14:02:03.543,1.01616,1.01625,1.00,1.75
2016.12.12 14:02:03.645,1.01616,1.01624,1.00,1.12
2016.12.12 14:02:04.225,1.01615,1.01624,1.00,1.12
2016.12.12 14:02:04.641,1.01613,1.01621,1.00,1.00
2016.12.12 14:02:04.794,1.01611,1.01621,2.25,1.50
2016.12.12 14:02:05.620,1.01612,1.01621,1.00,1.50
2016.12.12 14:02:05.671,1.01614,1.01623,1.00,3.94
2016.12.12 14:02:05.773,1.01614,1.01623,1.00,2.44
2016.12.12 14:02:06.281,1.01615,1.01623,1.00,1.69
2016.12.12 14:02:06.334,1.01615,1.01624,1.00,1.69
2016.12.12 14:02:06.840,1.01614,1.01624,1.50,1.69
2016.12.12 14:02:07.966,1.01612,1.01621,2.25,1.00
2016.12.12 14:02:08.018,1.01611,1.01621,3.56,1.00
2016.12.12 14:02:08.575,1.01611,1.0162,2.06,1.00
2016.12.12 14:02:09.048,1.0161,1.0162,1.50,2.00
2016.12.12 14:02:09.555,1.01611,1.0162,1.00,2.00
2016.12.12 14:02:10.163,1.01611,1.0162,1.50,1.12
2016.12.12 14:02:10.990,1.01612,1.0162,1.00,1.12
2016.12.12 14:02:11.851,1.01611,1.0162,1.50,1.12
2016.12.12 14:02:12.357,1.01612,1.01621,1.00,2.25
2016.12.12 14:02:12.863,1.01611,1.01621,2.25,1.50
2016.12.12 14:02:13.095,1.0161,1.01616,1.12,1.50
2016.12.12 14:02:13.508,1.01611,1.01619,1.00,1.31
2016.12.12 14:02:15.840,1.01611,1.01619,1.00,1.69
2016.12.12 14:02:15.994,1.01615,1.0162,1.00,2.06
2016.12.12 14:02:16.097,1.01615,1.01622,1.00,1.87
2016.12.12 14:02:22.704,1.01615,1.01623,1.00,3.94
2016.12.12 14:02:24.799,1.01615,1.01621,1.00,2.25
2016.12.12 14:02:25.307,1.01614,1.0162,1.00,1.00
2016.12.12 14:02:26.636,1.01614,1.01622,1.00,1.00
2016.12.12 14:02:28.108,1.01614,1.01623,1.00,3.19
2016.12.12 14:02:28.611,1.01614,1.01622,1.00,1.00
2016.12.12 14:02:29.118,1.01614,1.01623,1.12,1.25
2016.12.12 14:02:29.423,1.01611,1.01623,2.06,2.44
2016.12.12 14:02:29.998,1.01612,1.01623,1.75,2.06
2016.12.12 14:02:30.509,1.01612,1.01623,2.25,1.69
2016.12.12 14:02:32.323,1.01612,1.01623,1.00,2.44
2016.12.12 14:02:32.907,1.01612,1.01623,1.50,2.44
2016.12.12 14:02:33.413,1.01612,1.01622,2.25,1.00
2016.12.12 14:02:34.208,1.01613,1.01622,1.50,1.00
2016.12.12 14:02:37.689,1.01612,1.01621,1.75,1.00
2016.12.12 14:02:37.791,1.01611,1.01621,1.69,1.00
2016.12.12 14:02:38.265,1.01615,1.01622,1.00,1.12
2016.12.12 14:02:38.772,1.01614,1.01623,1.12,1.00
2016.12.12 14:02:41.391,1.01615,1.01624,1.00,1.69
2016.12.12 14:02:41.788,1.01618,1.01627,1.00,2.44
2016.12.12 14:02:42.397,1.01619,1.01626,1.00,1.12
2016.12.12 14:02:42.702,1.01627,1.01635,1.00,1.87
2016.12.12 14:02:42.753,1.01628,1.01635,1.00,1.50
2016.12.12 14:02:43.273,1.01627,1.01636,1.50,1.00
2016.12.12 14:02:43.731,1.01627,1.01637,3.00,1.50
2016.12.12 14:02:43.833,1.01628,1.01637,1.12,1.50
2016.12.12 14:02:46.493,1.01625,1.01635,5.44,1.00
2016.12.12 14:02:46.747,1.01625,1.01633,1.12,1.00
2016.12.12 14:02:46.950,1.01626,1.01635,1.00,1.87
2016.12.12 14:02:47.487,1.01627,1.01636,1.12,1.25
2016.12.12 14:02:49.580,1.01627,1.01634,1.12,1.50
2016.12.12 14:02:49.784,1.0162,1.01629,1.00,2.25
2016.12.12 14:02:57.452,1.01617,1.01626,2.62,2.25
2016.12.12 14:02:57.554,1.01617,1.01625,1.00,1.00
2016.12.12 14:02:57.606,1.01615,1.01623,2.44,1.00
2016.12.12 14:02:58.117,1.01617,1.01624,1.00,1.87
2016.12.12 14:02:59.479,1.01616,1.01624,1.00,1.87
2016.12.12 14:03:00.435,1.01617,1.01624,1.00,1.87
2016.12.12 14:03:03.347,1.01619,1.01626,1.00,2.62
2016.12.12 14:03:03.449,1.01619,1.01626,1.00,1.50
2016.12.12 14:03:03.984,1.01619,1.01627,1.00,1.00
2016.12.12 14:03:05.038,1.01619,1.01626,1.00,1.00
2016.12.12 14:03:05.394,1.01617,1.01625,1.12,1.00
2016.12.12 14:03:05.749,1.01615,1.01622,1.69,1.00
2016.12.12 14:03:06.054,1.01613,1.01622,1.00,2.25
2016.12.12 14:03:06.207,1.01611,1.0162,1.69,1.00
2016.12.12 14:03:06.360,1.0161,1.0162,1.00,1.69
2016.12.12 14:03:08.163,1.01609,1.0162,2.25,1.69
2016.12.12 14:03:11.735,1.01609,1.01616,1.00,1.00
2016.12.12 14:03:11.838,1.01606,1.01615,1.37,1.00
2016.12.12 14:03:11.940,1.01605,1.01616,1.69,1.75
2016.12.12 14:03:12.448,1.01606,1.01616,1.00,1.75
2016.12.12 14:03:12.966,1.01605,1.01615,2.44,1.50
2016.12.12 14:03:13.460,1.01608,1.01615,1.00,1.50
2016.12.12 14:03:13.764,1.01608,1.01616,1.00,1.12
2016.12.12 14:03:14.397,1.01607,1.01616,1.00,1.12
2016.12.12 14:03:15.491,1.01608,1.01616,1.00,1.12
2016.12.12 14:03:16.173,1.01607,1.01616,1.00,1.12
2016.12.12 14:03:16.814,1.01608,1.01616,1.00,1.12
2016.12.12 14:03:17.483,1.01609,1.01618,1.00,2.25
2016.12.12 14:03:17.535,1.01611,1.01617,1.00,1.00
2016.12.12 14:03:17.688,1.01612,1.0162,1.50,1.00
2016.12.12 14:03:18.195,1.01612,1.01621,1.50,1.12
2016.12.12 14:03:20.981,1.01611,1.01621,2.62,1.12
2016.12.12 14:03:22.046,1.01608,1.01618,1.50,3.19
2016.12.12 14:03:22.249,1.01606,1.01615,1.00,1.12
2016.12.12 14:03:22.453,1.01608,1.01615,1.00,1.00
2016.12.12 14:03:22.809,1.01607,1.01617,1.87,1.31
2016.12.12 14:03:23.642,1.01608,1.01617,1.00,1.12
2016.12.12 14:03:23.947,1.0161,1.01618,1.50,1.12
2016.12.12 14:03:24.099,1.01611,1.0162,1.00,1.31
2016.12.12 14:03:24.252,1.0161,1.01619,1.00,1.50
2016.12.12 14:03:24.838,1.01609,1.01619,1.00,1.50
2016.12.12 14:03:26.109,1.0161,1.01619,1.00,2.25
2016.12.12 14:03:28.833,1.0161,1.0162,1.12,2.81
2016.12.12 14:03:29.339,1.0161,1.0162,1.12,2.44
2016.12.12 14:03:31.280,1.01611,1.0162,1.00,2.44
2016.12.12 14:03:32.070,1.0161,1.0162,1.87,2.44
2016.12.12 14:03:34.220,1.01611,1.0162,1.00,2.81
2016.12.12 14:03:34.728,1.01612,1.01621,1.87,1.87
2016.12.12 14:03:35.262,1.01612,1.01621,1.87,1.12
2016.12.12 14:03:35.567,1.0161,1.0162,2.06,1.00
2016.12.12 14:03:36.197,1.01612,1.0162,1.00,1.00
2016.12.12 14:03:36.502,1.01616,1.01625,1.00,4.50
2016.12.12 14:03:37.418,1.01614,1.01625,1.69,4.87
2016.12.12 14:03:37.938,1.01614,1.01623,1.25,1.00
2016.12.12 14:03:40.294,1.01613,1.01622,1.69,1.00
2016.12.12 14:03:40.801,1.01613,1.01621,1.19,1.00
2016.12.12 14:03:40.852,1.0161,1.0162,3.00,1.31
2016.12.12 14:03:40.954,1.0161,1.01619,1.00,1.37
2016.12.12 14:03:41.005,1.01608,1.01618,1.12,4.69
2016.12.12 14:03:41.056,1.01606,1.01616,3.37,1.12
2016.12.12 14:03:41.310,1.01608,1.01616,1.00,1.12
2016.12.12 14:03:41.577,1.01606,1.01615,1.12,1.00
2016.12.12 14:03:41.628,1.01605,1.01613,1.69,1.00
2016.12.12 14:03:42.035,1.01604,1.01614,1.00,2.06
2016.12.12 14:03:42.544,1.01604,1.01614,1.12,1.69
2016.12.12 14:03:44.587,1.01603,1.01612,1.00,1.00
2016.12.12 14:03:53.592,1.01604,1.01613,1.00,1.37
2016.12.12 14:03:54.104,1.01604,1.01613,1.50,1.12
2016.12.12 14:03:54.611,1.01606,1.01615,1.00,2.44
2016.12.12 14:03:55.118,1.01607,1.01615,1.00,1.50
2016.12.12 14:03:55.625,1.01606,1.01615,1.00,1.50
2016.12.12 14:03:56.174,1.01606,1.01615,1.00,1.00
2016.12.12 14:03:59.278,1.01607,1.01615,1.12,1.00
2016.12.12 14:03:59.380,1.01609,1.01618,1.12,1.87
2016.12.12 14:04:00.286,1.01609,1.01619,1.12,2.06
2016.12.12 14:04:01.830,1.01607,1.01617,3.94,1.00
2016.12.12 14:04:02.027,1.01605,1.01615,2.06,3.00
2016.12.12 14:04:02.129,1.01605,1.01614,1.00,1.69
2016.12.12 14:04:02.854,1.01603,1.01613,1.50,1.00
2016.12.12 14:04:05.734,1.01605,1.01615,1.00,1.87
2016.12.12 14:04:06.241,1.01606,1.01615,1.00,1.00
2016.12.12 14:04:07.277,1.01605,1.01615,1.50,1.00
2016.12.12 14:04:11.130,1.01606,1.01615,1.00,1.00
2016.12.12 14:04:12.162,1.01605,1.01615,1.50,1.00
2016.12.12 14:04:14.684,1.01604,1.01614,2.81,1.00
2016.12.12 14:04:15.211,1.01604,1.01614,1.50,1.69
2016.12.12 14:04:22.553,1.01602,1.01612,2.74,1.00
2016.12.12 14:04:22.859,1.016,1.0161,1.12,1.12
2016.12.12 14:04:23.989,1.01599,1.01609,2.06,1.00
2016.12.12 14:04:24.093,1.01598,1.01608,2.25,2.06
2016.12.12 14:04:24.601,1.01598,1.01608,1.50,2.25
2016.12.12 14:04:25.428,1.01597,1.01605,1.00,1.00
2016.12.12 14:04:25.480,1.01595,1.01605,2.81,1.12
2016.12.12 14:04:25.787,1.01595,1.01604,1.05,1.50
2016.12.12 14:04:26.295,1.01594,1.01604,2.25,1.69
2016.12.12 14:04:26.864,1.01595,1.01604,1.00,1.69
2016.12.12 14:04:26.966,1.01597,1.01606,1.50,1.00
2016.12.12 14:04:27.473,1.01598,1.01607,2.25,1.25
2016.12.12 14:04:27.575,1.016,1.0161,1.50,3.94
2016.12.12 14:04:27.677,1.01601,1.0161,1.00,2.44
2016.12.12 14:04:31.461,1.01603,1.01612,1.00,2.06
2016.12.12 14:04:31.512,1.01603,1.01612,1.00,1.31
2016.12.12 14:04:34.336,1.01604,1.01612,1.00,1.31
2016.12.12 14:04:34.844,1.01603,1.01613,1.12,3.94
2016.12.12 14:04:35.351,1.01604,1.01613,1.00,3.94
2016.12.12 14:04:35.864,1.01603,1.01613,1.12,3.94
2016.12.12 14:04:38.285,1.01601,1.01612,3.00,1.62
2016.12.12 14:04:38.793,1.01601,1.01612,2.62,1.69
2016.12.12 14:04:41.330,1.01602,1.01612,1.00,1.69
2016.12.12 14:04:41.381,1.01605,1.01612,1.00,1.25
2016.12.12 14:04:41.534,1.01603,1.01613,1.12,2.06
2016.12.12 14:04:42.035,1.01602,1.01613,1.87,3.19
2016.12.12 14:04:43.149,1.01603,1.01613,1.00,3.19
2016.12.12 14:04:43.686,1.01602,1.01613,1.87,3.94
2016.12.12 14:04:44.201,1.01602,1.01613,1.50,2.44
2016.12.12 14:04:46.936,1.016,1.0161,1.69,1.00
2016.12.12 14:04:47.088,1.01599,1.0161,1.12,1.37
2016.12.12 14:04:47.609,1.01598,1.01608,1.12,1.12
2016.12.12 14:04:48.116,1.01597,1.01607,1.87,2.06
2016.12.12 14:04:52.637,1.01598,1.01607,1.00,1.87
2016.12.12 14:04:53.515,1.01598,1.01607,1.87,1.00
2016.12.12 14:04:53.566,1.016,1.01609,1.00,1.12
2016.12.12 14:04:54.074,1.01603,1.0161,1.00,1.00
2016.12.12 14:04:54.378,1.01601,1.0161,1.12,1.00
2016.12.12 14:04:54.834,1.01603,1.01611,1.00,1.00
2016.12.12 14:04:56.642,1.01603,1.01612,1.00,1.12
2016.12.12 14:04:57.180,1.01603,1.01613,1.69,1.00
2016.12.12 14:04:58.446,1.01604,1.01613,1.00,1.00
2016.12.12 14:04:58.984,1.01603,1.01613,1.69,1.00
2016.12.12 14:04:59.975,1.01604,1.01613,1.00,1.00
2016.12.12 14:05:00.431,1.01602,1.01613,1.87,1.69
2016.12.12 14:05:06.630,1.01603,1.01613,1.00,1.69
2016.12.12 14:05:07.149,1.01602,1.01613,1.87,1.69
2016.12.12 14:05:11.643,1.01602,1.01612,1.12,3.00
2016.12.12 14:05:12.151,1.01602,1.01612,1.12,1.50
2016.12.12 14:05:14.469,1.01602,1.01612,1.00,2.62
2016.12.12 14:05:14.723,1.01599,1.01609,2.25,1.00
2016.12.12 14:05:14.774,1.01599,1.01609,1.12,1.12
2016.12.12 14:05:14.876,1.01598,1.01609,1.69,2.25
2016.12.12 14:05:14.978,1.01598,1.01609,1.69,2.62
2016.12.12 14:05:15.030,1.01597,1.01606,1.12,1.72
2016.12.12 14:05:15.081,1.01596,1.01606,1.50,1.50
2016.12.12 14:05:15.183,1.01595,1.01605,1.12,1.50
2016.12.12 14:05:15.234,1.01593,1.016,4.31,1.00
2016.12.12 14:05:15.480,1.01593,1.016,1.50,1.00
2016.12.12 14:05:15.581,1.01593,1.01603,1.12,1.50
2016.12.12 14:05:16.090,1.01594,1.01603,1.00,1.50
2016.12.12 14:05:17.065,1.01593,1.01603,1.12,1.50
2016.12.12 14:05:17.572,1.01594,1.01603,1.00,1.12
2016.12.12 14:05:18.078,1.01595,1.01604,1.00,2.44
2016.12.12 14:05:19.118,1.01594,1.01604,1.00,2.44
2016.12.12 14:05:19.899,1.01595,1.01604,1.00,2.44
2016.12.12 14:05:20.405,1.01595,1.01604,1.00,1.31
2016.12.12 14:05:21.497,1.01595,1.01604,1.00,1.62
2016.12.12 14:05:22.006,1.01593,1.01603,2.25,1.12
2016.12.12 14:05:22.530,1.01592,1.01603,2.44,1.50
2016.12.12 14:05:23.471,1.01593,1.01603,1.00,1.50
2016.12.12 14:05:23.606,1.01595,1.01604,1.12,1.31
2016.12.12 14:05:24.115,1.01594,1.01604,1.12,1.69
2016.12.12 14:05:24.672,1.01595,1.01604,1.00,1.69
2016.12.12 14:05:25.617,1.01593,1.01603,1.75,1.50
2016.12.12 14:05:25.718,1.01593,1.01603,1.00,1.00
2016.12.12 14:05:26.232,1.01592,1.01602,2.81,1.00
2016.12.12 14:05:27.522,1.01593,1.01603,1.50,1.00
2016.12.12 14:05:27.726,1.01595,1.01604,1.12,1.25
2016.12.12 14:05:39.463,1.01596,1.01606,2.25,1.50
2016.12.12 14:05:39.868,1.01597,1.01607,1.87,1.31
2016.12.12 14:05:41.346,1.01597,1.01606,1.12,1.00
2016.12.12 14:05:42.897,1.01597,1.01605,1.00,1.00
2016.12.12 14:05:42.948,1.01595,1.01603,1.37,1.69
2016.12.12 14:05:43.101,1.01591,1.01601,1.69,1.00
2016.12.12 14:05:43.152,1.01591,1.01601,2.44,1.12
2016.12.12 14:05:49.375,1.01592,1.01602,1.00,1.87
2016.12.12 14:05:49.917,1.01593,1.01602,1.12,1.00
2016.12.12 14:05:52.074,1.01594,1.01603,1.00,1.12
2016.12.12 14:05:52.610,1.01593,1.01604,3.19,1.50
2016.12.12 14:05:53.700,1.01596,1.01605,1.00,1.69
2016.12.12 14:05:53.953,1.01594,1.01604,2.62,1.12
2016.12.12 14:05:54.460,1.01594,1.01604,1.50,1.50
2016.12.12 14:05:58.972,1.01593,1.01603,2.62,1.12
2016.12.12 14:06:09.438,1.01594,1.01603,1.00,1.12
2016.12.12 14:06:09.947,1.01593,1.01603,2.62,1.12
2016.12.12 14:06:11.875,1.01594,1.01603,1.00,1.12
2016.12.12 14:06:13.088,1.01595,1.01604,1.00,1.87
2016.12.12 14:06:13.604,1.01594,1.01604,1.12,1.50
2016.12.12 14:06:14.768,1.01595,1.01604,1.00,1.50
2016.12.12 14:06:14.955,1.01597,1.01605,1.00,1.00
2016.12.12 14:06:15.463,1.01595,1.01605,1.50,1.00
2016.12.12 14:06:18.668,1.01596,1.01606,1.12,1.31
2016.12.12 14:06:21.724,1.01596,1.01605,1.00,1.37
2016.12.12 14:06:21.825,1.01593,1.01603,1.50,1.37
2016.12.12 14:06:37.190,1.01594,1.01603,1.00,1.50
2016.12.12 14:06:37.494,1.01594,1.01604,1.87,1.12
2016.12.12 14:06:48.414,1.01593,1.01603,1.69,1.00
2016.12.12 14:06:48.921,1.01593,1.01604,1.69,2.62
2016.12.12 14:06:51.127,1.01595,1.01604,1.00,1.12
2016.12.12 14:06:51.935,1.01593,1.01604,2.06,1.12
2016.12.12 14:06:52.442,1.01594,1.01603,1.00,1.00
2016.12.12 14:06:53.612,1.01596,1.01605,1.00,3.94
2016.12.12 14:06:53.772,1.01597,1.01605,1.00,1.69
2016.12.12 14:06:54.279,1.01594,1.01604,3.37,1.00
2016.12.12 14:06:54.330,1.01594,1.01604,2.62,1.12
2016.12.12 14:06:54.837,1.01593,1.01603,2.06,1.50
2016.12.12 14:06:57.107,1.01594,1.01603,1.00,1.12
2016.12.12 14:07:01.253,1.01597,1.01604,1.00,1.00
2016.12.12 14:07:01.405,1.01598,1.01607,1.00,1.37
2016.12.12 14:07:01.558,1.01598,1.01609,1.37,3.94
2016.12.12 14:07:01.762,1.01601,1.0161,1.00,1.50
2016.12.12 14:07:02.117,1.01598,1.01605,3.00,1.00
2016.12.12 14:07:02.270,1.01595,1.01605,1.69,2.25
2016.12.12 14:07:02.787,1.01595,1.01605,2.06,1.12
2016.12.12 14:07:03.498,1.01594,1.01604,3.19,1.00
2016.12.12 14:07:04.157,1.01593,1.01603,1.50,1.00
2016.12.12 14:07:04.209,1.01593,1.01601,1.50,1.00
2016.12.12 14:07:04.362,1.01592,1.01601,1.69,1.00
2016.12.12 14:07:06.035,1.01592,1.01602,1.31,1.87
2016.12.12 14:07:07.120,1.01594,1.01602,1.00,1.12
2016.12.12 14:07:07.171,1.01594,1.01604,1.87,1.31
2016.12.12 14:07:07.680,1.01595,1.01604,1.50,1.31
2016.12.12 14:07:08.542,1.01596,1.01606,1.69,1.87
2016.12.12 14:07:08.594,1.01599,1.01606,1.00,1.75
2016.12.12 14:07:08.793,1.01601,1.01611,1.35,1.62
2016.12.12 14:07:09.300,1.01602,1.01612,1.12,3.56
2016.12.12 14:07:11.097,1.01603,1.01612,1.00,2.81
2016.12.12 14:07:11.352,1.01604,1.01613,1.87,1.00
2016.12.12 14:07:11.404,1.01606,1.01614,1.50,1.12
2016.12.12 14:07:11.942,1.01606,1.01616,1.50,2.44
2016.12.12 14:07:13.464,1.01604,1.01615,2.62,2.06
2016.12.12 14:07:13.767,1.01602,1.01612,1.50,1.00
2016.12.12 14:07:14.274,1.01602,1.01611,2.62,1.00
2016.12.12 14:07:15.722,1.01602,1.01612,2.62,1.50
2016.12.12 14:07:16.229,1.01602,1.01611,2.62,1.00
2016.12.12 14:07:17.706,1.01602,1.01612,2.62,1.50
2016.12.12 14:07:18.416,1.01602,1.01611,2.62,1.00
2016.12.12 14:07:18.817,1.01603,1.01613,1.31,1.50
2016.12.12 14:07:19.884,1.01603,1.01614,1.31,2.25
2016.12.12 14:07:20.471,1.01603,1.01613,1.31,1.00
2016.12.12 14:07:21.724,1.01603,1.01614,1.31,2.25
2016.12.12 14:07:22.001,1.01602,1.01613,4.12,1.50
2016.12.12 14:07:22.510,1.01602,1.01613,1.12,3.00
2016.12.12 14:07:23.053,1.01603,1.01613,1.12,1.87
2016.12.12 14:07:23.358,1.01605,1.01615,1.12,2.06
2016.12.12 14:07:28.383,1.01604,1.01615,1.87,1.62
2016.12.12 14:07:28.890,1.01605,1.01615,1.00,1.69
2016.12.12 14:07:30.124,1.01604,1.01614,1.87,1.12
2016.12.12 14:07:30.430,1.01602,1.01612,1.00,2.25
2016.12.12 14:07:31.160,1.01604,1.01612,1.00,1.50
2016.12.12 14:07:31.313,1.01606,1.01615,1.00,1.62
2016.12.12 14:07:31.820,1.01605,1.01615,1.00,2.81
2016.12.12 14:07:33.226,1.01604,1.01615,2.62,2.81
2016.12.12 14:07:33.660,1.01602,1.01611,2.62,2.44
2016.12.12 14:07:33.711,1.01602,1.01611,1.00,2.81
2016.12.12 14:07:33.864,1.016,1.01611,2.62,3.19
2016.12.12 14:07:34.525,1.016,1.01611,2.06,1.50
2016.12.12 14:07:34.830,1.01599,1.01609,3.56,1.87
2016.12.12 14:07:34.982,1.01598,1.01608,1.00,1.87
2016.12.12 14:07:35.593,1.01599,1.01608,1.00,1.87
2016.12.12 14:07:40.829,1.01598,1.01608,2.25,1.87
2016.12.12 14:07:41.387,1.016,1.01608,2.25,1.12
2016.12.12 14:07:41.641,1.01601,1.01611,1.87,1.12
2016.12.12 14:07:43.037,1.01602,1.01612,1.50,1.69
2016.12.12 14:07:43.545,1.01602,1.01613,1.50,3.19
2016.12.12 14:07:45.663,1.01601,1.01613,3.75,3.94
2016.12.12 14:07:46.233,1.01602,1.01613,1.00,3.94
2016.12.12 14:07:48.944,1.01602,1.01611,1.00,1.19
2016.12.12 14:07:49.049,1.016,1.0161,2.25,1.25
2016.12.12 14:07:49.556,1.01601,1.01611,1.00,1.94
2016.12.12 14:07:50.917,1.016,1.01611,1.87,1.94
2016.12.12 14:07:51.424,1.016,1.0161,1.00,2.00
2016.12.12 14:07:55.653,1.01598,1.01608,2.25,2.81
2016.12.12 14:07:56.162,1.01598,1.01608,1.00,1.50
2016.12.12 14:07:56.734,1.01597,1.01608,3.19,1.50
2016.12.12 14:07:58.351,1.01597,1.01608,2.06,3.75
2016.12.12 14:07:58.877,1.01597,1.01608,3.04,1.50
2016.12.12 14:08:03.039,1.01596,1.01604,3.00,1.50
2016.12.12 14:08:03.243,1.01592,1.01601,1.25,1.50
2016.12.12 14:08:03.819,1.01593,1.01601,1.00,1.00
2016.12.12 14:08:06.902,1.01593,1.01602,1.50,1.87
2016.12.12 14:08:07.408,1.01593,1.01601,1.50,1.00
2016.12.12 14:08:07.920,1.01593,1.01602,1.50,1.87
2016.12.12 14:08:08.297,1.01591,1.01601,2.81,1.37
2016.12.12 14:08:08.804,1.01591,1.016,1.50,1.50
2016.12.12 14:08:09.727,1.0159,1.016,1.87,1.50
2016.12.12 14:08:10.768,1.01589,1.01599,1.31,1.12
2016.12.12 14:08:12.514,1.0159,1.01599,1.00,1.12
2016.12.12 14:08:15.361,1.01591,1.01599,1.00,1.50
2016.12.12 14:08:16.425,1.01592,1.01602,2.25,1.94
2016.12.12 14:08:16.477,1.01594,1.01602,1.00,1.69
2016.12.12 14:08:16.996,1.01593,1.01602,1.00,1.69
2016.12.12 14:08:17.505,1.01592,1.01602,1.50,1.94
2016.12.12 14:08:18.425,1.01591,1.01602,2.25,2.44
2016.12.12 14:08:18.930,1.01592,1.01602,1.00,3.19
2016.12.12 14:08:19.441,1.01592,1.01602,1.12,2.81
2016.12.12 14:08:19.948,1.01593,1.01602,1.00,1.12
2016.12.12 14:08:20.774,1.01594,1.01603,1.00,2.25
2016.12.12 14:08:24.785,1.01597,1.01603,2.25,1.50
2016.12.12 14:08:25.041,1.01602,1.01611,1.50,1.12
2016.12.12 14:08:42.241,1.01602,1.01611,1.00,4.12
2016.12.12 14:08:45.571,1.01602,1.0161,1.00,1.50
2016.12.12 14:08:46.083,1.01602,1.01612,1.50,3.56
2016.12.12 14:08:50.073,1.01602,1.0161,1.00,1.37
2016.12.12 14:08:50.276,1.01604,1.01611,1.00,1.00
2016.12.12 14:08:51.769,1.01603,1.01612,1.50,2.44
2016.12.12 14:08:53.353,1.01602,1.01612,4.12,1.69
2016.12.12 14:08:53.658,1.01602,1.01612,2.25,2.44
2016.12.12 14:08:53.761,1.01602,1.01612,2.25,2.44
2016.12.12 14:08:54.772,1.01602,1.0161,1.00,1.87
2016.12.12 14:08:57.122,1.01604,1.01613,1.00,3.94
2016.12.12 14:08:57.274,1.01604,1.01612,1.00,1.31
2016.12.12 14:08:57.325,1.01602,1.01612,3.37,1.31
2016.12.12 14:08:57.837,1.01602,1.01612,3.00,1.69
2016.12.12 14:08:59.782,1.01602,1.0161,1.00,1.00
2016.12.12 14:09:00.355,1.01602,1.01611,1.00,1.87
2016.12.12 14:09:00.862,1.01602,1.0161,1.00,1.00
2016.12.12 14:09:01.918,1.01602,1.01611,1.00,1.87
2016.12.12 14:09:02.426,1.01602,1.0161,1.00,1.00
2016.12.12 14:09:02.933,1.01602,1.01609,1.00,1.00
2016.12.12 14:09:04.796,1.01602,1.01611,1.00,2.25
2016.12.12 14:09:13.709,1.01603,1.01611,1.00,1.50
2016.12.12 14:09:13.861,1.01605,1.01613,1.00,3.56
2016.12.12 14:09:13.963,1.01604,1.01613,1.00,3.19
2016.12.12 14:09:14.471,1.01602,1.01613,4.12,3.19
2016.12.12 14:09:14.994,1.01602,1.01611,1.50,1.00
2016.12.12 14:09:16.023,1.01603,1.01611,1.00,1.00
2016.12.12 14:09:20.373,1.01602,1.01611,2.25,1.00
2016.12.12 14:09:20.888,1.01603,1.01611,1.00,1.00
2016.12.12 14:09:22.266,1.01604,1.01611,1.00,1.00
2016.12.12 14:09:22.419,1.01605,1.01614,1.50,2.25
2016.12.12 14:09:22.948,1.01605,1.01613,1.00,1.50
2016.12.12 14:09:24.721,1.01603,1.01613,1.69,2.25
2016.12.12 14:09:24.883,1.01602,1.01609,1.50,1.00
2016.12.12 14:09:25.391,1.01602,1.01609,1.00,1.50
2016.12.12 14:09:34.111,1.01602,1.01607,1.00,1.00
2016.12.12 14:09:34.163,1.016,1.01607,1.50,3.19
2016.12.12 14:09:34.265,1.01595,1.01603,1.12,1.25
2016.12.12 14:09:34.772,1.01594,1.01603,1.50,1.50
2016.12.12 14:09:35.289,1.01593,1.01603,2.06,1.50
2016.12.12 14:09:35.797,1.01593,1.01603,2.44,1.12
2016.12.12 14:09:37.727,1.01591,1.01601,2.06,1.00
2016.12.12 14:09:37.944,1.01588,1.01597,1.69,1.00
2016.12.12 14:09:38.453,1.01588,1.01598,2.06,1.12
2016.12.12 14:09:39.061,1.01589,1.01599,1.50,1.37
2016.12.12 14:09:39.162,1.01589,1.016,1.87,2.06
2016.12.12 14:09:40.597,1.01589,1.01597,1.37,1.69
2016.12.12 14:09:40.935,1.01592,1.01599,2.25,1.50
2016.12.12 14:09:41.037,1.01595,1.01602,1.00,1.19
2016.12.12 14:09:41.796,1.01595,1.01603,1.00,1.50
2016.12.12 14:09:42.070,1.01597,1.01603,1.00,1.00
2016.12.12 14:09:43.041,1.01597,1.01604,1.00,1.31
2016.12.12 14:09:45.564,1.01597,1.01603,1.00,1.00
2016.12.12 14:09:45.666,1.01595,1.01603,1.00,1.50
2016.12.12 14:09:49.107,1.01595,1.01604,1.50,2.06
2016.12.12 14:09:54.025,1.01596,1.01604,1.00,2.06
2016.12.12 14:09:56.023,1.01595,1.01602,1.00,1.00
2016.12.12 14:09:56.125,1.01592,1.01602,2.44,1.50
2016.12.12 14:09:56.640,1.01594,1.01601,1.00,1.87
2016.12.12 14:09:58.385,1.01592,1.01601,1.25,1.87
2016.12.12 14:09:59.831,1.01593,1.01601,1.00,2.62
2016.12.12 14:10:00.477,1.01593,1.016,1.00,1.50
2016.12.12 14:10:00.630,1.01593,1.01598,1.00,1.00
2016.12.12 14:10:00.732,1.01593,1.016,1.00,2.25
2016.12.12 14:10:01.259,1.01592,1.016,1.00,1.50
2016.12.12 14:10:02.124,1.01594,1.016,1.00,1.00
2016.12.12 14:10:02.631,1.01594,1.01599,1.00,1.00
2016.12.12 14:10:03.726,1.01593,1.016,1.00,1.00
2016.12.12 14:10:04.283,1.01593,1.01601,1.00,3.56
2016.12.12 14:10:04.914,1.0159,1.016,1.00,3.94
2016.12.12 14:10:05.117,1.01588,1.01598,1.12,1.12
2016.12.12 14:10:05.625,1.01589,1.01598,1.00,1.87
2016.12.12 14:10:06.133,1.01588,1.01598,1.87,1.87
2016.12.12 14:10:07.322,1.01589,1.01599,1.12,2.06
2016.12.12 14:10:07.913,1.0159,1.01599,1.00,2.06
2016.12.12 14:10:08.421,1.01589,1.01599,1.12,2.06
2016.12.12 14:10:17.855,1.01589,1.01599,1.87,1.69
2016.12.12 14:10:18.723,1.01591,1.01601,1.50,3.56
2016.12.12 14:10:19.230,1.01592,1.01601,1.12,1.69
2016.12.12 14:10:21.373,1.01591,1.01601,4.12,1.69
2016.12.12 14:10:22.478,1.01593,1.01601,1.00,1.69
2016.12.12 14:10:22.986,1.01591,1.01601,2.25,2.44
2016.12.12 14:10:23.467,1.01592,1.01601,1.50,1.25
2016.12.12 14:10:30.071,1.01591,1.01601,1.12,3.79
2016.12.12 14:10:30.375,1.01591,1.01599,1.37,1.00
2016.12.12 14:10:31.229,1.01591,1.016,1.37,1.00
2016.12.12 14:10:31.765,1.01591,1.01599,1.37,1.00
2016.12.12 14:10:32.293,1.01592,1.016,1.00,1.50
2016.12.12 14:10:32.610,1.01586,1.01596,3.37,1.00
2016.12.12 14:10:33.117,1.01587,1.01597,1.12,1.31
2016.12.12 14:10:33.640,1.01587,1.01596,1.12,1.00
2016.12.12 14:10:34.737,1.01588,1.01596,1.00,1.00
2016.12.12 14:10:34.991,1.01591,1.016,1.00,1.12
2016.12.12 14:10:35.195,1.01592,1.01602,2.25,1.69
2016.12.12 14:10:40.153,1.01592,1.016,1.50,1.00
2016.12.12 14:10:40.689,1.0159,1.016,1.50,2.25
2016.12.12 14:10:41.197,1.0159,1.01599,1.00,1.00
2016.12.12 14:10:41.704,1.0159,1.01598,1.00,1.00
2016.12.12 14:10:43.893,1.01589,1.01599,2.06,1.50
2016.12.12 14:10:45.900,1.01588,1.01598,2.06,1.50
2016.12.12 14:10:45.951,1.01587,1.01596,2.62,1.00
2016.12.12 14:10:46.123,1.01587,1.01596,1.50,1.00
2016.12.12 14:10:46.639,1.01587,1.01596,1.12,1.00
2016.12.12 14:10:47.208,1.01587,1.01597,1.12,2.62
2016.12.12 14:10:47.728,1.01587,1.01596,1.12,1.00
2016.12.12 14:10:49.222,1.01587,1.01597,1.12,2.62
2016.12.12 14:10:49.793,1.01587,1.01596,1.12,1.00
2016.12.12 14:10:51.146,1.01587,1.01597,1.12,1.87
2016.12.12 14:10:51.703,1.01588,1.01597,1.00,1.12
2016.12.12 14:10:52.214,1.01588,1.01598,1.87,1.31
2016.12.12 14:10:53.442,1.01589,1.01599,1.50,2.44
2016.12.12 14:10:53.964,1.0159,1.01599,1.00,1.31
2016.12.12 14:10:54.948,1.01589,1.01599,1.87,1.31
2016.12.12 14:10:55.051,1.0159,1.016,2.25,2.25
2016.12.12 14:10:55.523,1.01592,1.01601,2.44,1.00
2016.12.12 14:10:56.335,1.01594,1.01601,1.00,1.00
2016.12.12 14:10:56.539,1.01597,1.01607,3.94,1.12
2016.12.12 14:10:57.067,1.01598,1.01607,1.50,1.00
2016.12.12 14:10:57.591,1.01598,1.01608,1.50,1.50
2016.12.12 14:10:58.583,1.01597,1.01608,2.06,1.87
2016.12.12 14:11:10.186,1.01596,1.01606,2.06,1.00
2016.12.12 14:11:10.238,1.01594,1.01604,5.44,1.50
2016.12.12 14:11:10.390,1.01592,1.01601,1.50,1.00
2016.12.12 14:11:10.924,1.01592,1.01602,1.00,3.75
2016.12.12 14:11:11.448,1.01591,1.01601,2.06,1.12
2016.12.12 14:11:12.825,1.01592,1.01601,1.50,1.12
2016.12.12 14:11:13.373,1.01592,1.01602,1.87,2.62
2016.12.12 14:11:13.881,1.01592,1.01602,1.00,4.12
2016.12.12 14:11:14.418,1.01591,1.01601,1.31,2.62
2016.12.12 14:11:19.532,1.0159,1.016,2.81,1.50
2016.12.12 14:11:20.055,1.0159,1.016,1.00,2.81
2016.12.12 14:11:20.565,1.01589,1.01599,1.87,1.00
2016.12.12 14:11:24.196,1.01588,1.01598,1.62,1.00
2016.12.12 14:11:32.724,1.01587,1.01596,2.81,1.00
2016.12.12 14:11:32.978,1.01585,1.01593,1.12,2.06
2016.12.12 14:11:33.079,1.01582,1.01593,2.25,2.44
2016.12.12 14:11:33.604,1.01584,1.01593,1.00,1.31
2016.12.12 14:11:34.113,1.01583,1.01593,1.87,1.31
2016.12.12 14:11:34.620,1.01584,1.01593,1.00,1.31
2016.12.12 14:11:35.491,1.01583,1.01593,2.62,1.31
2016.12.12 14:11:35.795,1.01582,1.01591,1.50,1.00
2016.12.12 14:11:36.100,1.0158,1.01589,1.37,1.00
2016.12.12 14:11:36.624,1.0158,1.0159,2.81,1.12
2016.12.12 14:11:36.928,1.01582,1.01592,1.12,2.06
2016.12.12 14:11:37.384,1.01585,1.01593,1.00,2.62
2016.12.12 14:11:37.588,1.0159,1.01599,1.00,2.62
2016.12.12 14:11:37.640,1.01591,1.016,1.12,2.25
2016.12.12 14:11:37.850,1.01593,1.01601,1.00,1.00
2016.12.12 14:11:38.357,1.01594,1.01601,1.00,1.00
2016.12.12 14:11:39.085,1.01594,1.01602,1.00,1.00
2016.12.12 14:11:39.590,1.01594,1.01602,1.00,1.50
2016.12.12 14:11:41.053,1.01591,1.016,2.25,1.25
2016.12.12 14:11:41.156,1.01591,1.016,1.12,1.31
2016.12.12 14:11:41.367,1.01592,1.01601,1.37,1.69
2016.12.12 14:11:41.470,1.01593,1.01603,2.62,3.19
2016.12.12 14:11:42.280,1.01594,1.01603,1.00,2.44
2016.12.12 14:11:45.490,1.01596,1.01605,1.50,2.06
2016.12.12 14:11:45.643,1.01597,1.01607,2.25,1.37
2016.12.12 14:11:45.694,1.01597,1.01607,2.62,1.00
2016.12.12 14:11:46.518,1.01598,1.01608,1.00,1.69
2016.12.12 14:11:51.053,1.01597,1.01607,3.00,1.12
2016.12.12 14:11:59.939,1.01599,1.01607,1.00,1.12
2016.12.12 14:12:00.246,1.01601,1.01609,1.00,3.75
2016.12.12 14:12:00.302,1.01601,1.01609,1.00,1.87
2016.12.12 14:12:00.456,1.01601,1.01611,1.87,6.19
2016.12.12 14:12:00.709,1.01603,1.01611,1.00,2.44
2016.12.12 14:12:01.217,1.01602,1.01611,3.00,1.31
2016.12.12 14:12:01.670,1.01604,1.01614,2.25,2.62
2016.12.12 14:12:01.823,1.01604,1.01615,2.62,1.69
2016.12.12 14:12:05.621,1.01604,1.01613,3.00,1.00
2016.12.12 14:12:06.129,1.01603,1.01613,2.62,1.25
2016.12.12 14:12:06.728,1.016,1.01609,1.12,1.12
2016.12.12 14:12:07.035,1.01604,1.01615,1.50,1.31
2016.12.12 14:12:07.541,1.01605,1.01615,1.00,2.81
2016.12.12 14:12:07.846,1.01609,1.01618,1.00,1.69
2016.12.12 14:12:08.396,1.01608,1.01618,1.00,2.44
2016.12.12 14:12:11.997,1.01607,1.01615,1.50,1.50
2016.12.12 14:12:12.200,1.01601,1.0161,1.12,1.25
2016.12.12 14:12:12.707,1.016,1.01609,1.12,1.00
2016.12.12 14:12:13.214,1.01599,1.01609,1.12,1.00
2016.12.12 14:12:14.198,1.016,1.01609,1.50,1.00
2016.12.12 14:12:14.809,1.01601,1.0161,1.50,1.12
2016.12.12 14:12:17.373,1.016,1.0161,1.12,2.06
2016.12.12 14:12:18.023,1.016,1.01609,1.12,1.00
2016.12.12 14:12:19.432,1.01599,1.0161,3.37,2.81
2016.12.12 14:12:22.428,1.01599,1.0161,3.00,2.06
2016.12.12 14:12:26.515,1.01599,1.01609,1.12,1.00
2016.12.12 14:12:26.566,1.01598,1.01608,1.87,2.06
2016.12.12 14:12:26.871,1.01595,1.01604,6.75,1.12
2016.12.12 14:12:28.636,1.01594,1.01605,1.69,2.25
2016.12.12 14:12:29.651,1.01594,1.01604,1.12,5.06
2016.12.12 14:12:29.956,1.0159,1.01599,1.00,1.00
2016.12.12 14:12:31.119,1.01591,1.01599,1.50,1.00
2016.12.12 14:12:31.271,1.01592,1.01601,1.00,1.12
2016.12.12 14:12:31.792,1.01591,1.01601,1.87,1.12
2016.12.12 14:12:31.944,1.01593,1.01602,1.00,1.69
2016.12.12 14:12:32.451,1.01593,1.01603,1.00,3.19
2016.12.12 14:12:33.773,1.01592,1.01603,1.87,3.19
2016.12.12 14:12:35.728,1.01591,1.01601,2.25,1.00
2016.12.12 14:12:36.033,1.0159,1.01601,1.00,3.19
2016.12.12 14:12:37.232,1.01591,1.016,1.50,1.12
2016.12.12 14:12:37.435,1.01593,1.01602,1.00,2.00
2016.12.12 14:12:37.588,1.01593,1.01602,1.00,1.25
2016.12.12 14:12:38.095,1.01592,1.01602,1.12,2.44
2016.12.12 14:12:38.146,1.01591,1.01601,1.00,1.31
2016.12.12 14:12:38.555,1.01584,1.01594,2.00,1.00
2016.12.12 14:12:38.609,1.01584,1.01594,1.31,1.12
2016.12.12 14:12:39.115,1.01584,1.01593,1.25,1.12
2016.12.12 14:12:40.819,1.01582,1.01593,3.00,1.31
2016.12.12 14:12:41.326,1.01584,1.01594,1.50,2.25
2016.12.12 14:12:41.529,1.01582,1.0159,1.50,1.00
2016.12.12 14:12:41.918,1.01582,1.01592,1.87,2.25
2016.12.12 14:12:42.020,1.01582,1.01592,1.50,2.25
2016.12.12 14:12:42.324,1.01583,1.01594,2.25,1.75
2016.12.12 14:12:42.729,1.01582,1.01592,1.00,1.69
2016.12.12 14:12:42.780,1.01582,1.01592,1.00,1.69
2016.12.12 14:12:43.282,1.01582,1.01592,1.00,1.69
2016.12.12 14:12:44.324,1.01581,1.01591,1.12,1.12
2016.12.12 14:12:44.842,1.01581,1.01591,1.00,3.19
2016.12.12 14:12:45.361,1.0158,1.01589,1.12,1.00
2016.12.12 14:12:45.513,1.01578,1.01589,2.44,2.62
2016.12.12 14:12:45.836,1.01577,1.01587,1.87,1.12
2016.12.12 14:12:46.394,1.01576,1.01586,1.87,1.12
2016.12.12 14:12:46.698,1.01572,1.01582,2.62,1.12
2016.12.12 14:12:47.002,1.01575,1.01584,1.50,1.50
2016.12.12 14:12:47.509,1.01576,1.01585,1.00,2.06
2016.12.12 14:12:48.034,1.01575,1.01585,2.25,2.06
2016.12.12 14:12:48.549,1.01574,1.01584,1.50,1.50
2016.12.12 14:12:49.056,1.01573,1.01583,1.00,1.69
2016.12.12 14:12:51.232,1.01575,1.01584,1.00,1.12
2016.12.12 14:12:56.521,1.01574,1.01585,1.50,2.81
2016.12.12 14:13:02.404,1.01573,1.01585,2.44,3.56
2016.12.12 14:13:02.922,1.01573,1.01585,2.81,2.81
2016.12.12 14:13:03.444,1.01574,1.01585,1.00,2.81
2016.12.12 14:13:05.817,1.01576,1.01585,1.00,2.06
2016.12.12 14:13:06.071,1.01576,1.01586,1.50,2.44
2016.12.12 14:13:06.326,1.01575,1.01583,1.00,1.25
2016.12.12 14:13:06.478,1.01573,1.01583,1.50,2.44
2016.12.12 14:13:07.047,1.01574,1.01583,1.00,2.44
2016.12.12 14:13:07.572,1.01573,1.01583,1.50,2.44
2016.12.12 14:13:10.976,1.01572,1.01582,2.25,1.12
2016.12.12 14:13:11.078,1.01572,1.0158,1.00,1.69
2016.12.12 14:13:11.179,1.01568,1.0158,2.62,3.56
2016.12.12 14:13:11.281,1.01568,1.01579,1.87,2.06
2016.12.12 14:13:13.638,1.01569,1.0158,4.16,3.00
2016.12.12 14:13:13.790,1.01571,1.0158,1.12,1.12
2016.12.12 14:13:14.094,1.01574,1.01581,1.00,1.62
2016.12.12 14:13:14.348,1.01574,1.01583,1.00,1.87
2016.12.12 14:13:21.177,1.01573,1.01583,1.87,1.50
2016.12.12 14:13:22.376,1.01574,1.01583,1.00,2.44
2016.12.12 14:13:22.973,1.01573,1.01583,3.00,1.50
2016.12.12 14:13:24.746,1.01575,1.01584,1.00,2.44
2016.12.12 14:13:24.898,1.01575,1.01585,1.00,2.44
2016.12.12 14:13:33.270,1.01576,1.01585,1.00,1.69
2016.12.12 14:13:33.323,1.01578,1.01586,1.00,1.37
2016.12.12 14:13:33.426,1.01578,1.01587,1.50,1.37
2016.12.12 14:13:33.528,1.01579,1.01588,1.00,1.31
2016.12.12 14:13:34.131,1.01577,1.01588,1.87,2.44
2016.12.12 14:13:34.639,1.01576,1.01587,2.81,1.00
2016.12.12 14:13:35.297,1.01576,1.01588,3.56,2.44
2016.12.12 14:13:35.803,1.01577,1.01587,2.25,1.50
2016.12.12 14:13:38.477,1.01578,1.01588,1.50,2.44
2016.12.12 14:13:39.017,1.01576,1.01588,2.81,2.06
2016.12.12 14:13:39.630,1.01577,1.01587,1.75,1.00
2016.12.12 14:13:41.482,1.01579,1.01588,1.12,2.06
2016.12.12 14:13:41.990,1.01578,1.01587,1.50,1.00
2016.12.12 14:13:42.496,1.01579,1.01588,1.12,2.06
2016.12.12 14:13:44.274,1.01578,1.01588,1.12,2.06
2016.12.12 14:13:47.473,1.01579,1.01588,1.00,2.44
2016.12.12 14:13:47.981,1.01578,1.01588,1.12,2.06
2016.12.12 14:13:48.920,1.01577,1.01587,2.25,1.00
2016.12.12 14:13:50.139,1.01579,1.01587,1.00,1.00
2016.12.12 14:13:50.645,1.01578,1.01587,1.00,1.00
2016.12.12 14:13:52.429,1.01577,1.01587,1.87,1.00
2016.12.12 14:13:52.958,1.01578,1.01587,1.00,1.00
2016.12.12 14:13:54.210,1.01577,1.01587,1.87,1.50
2016.12.12 14:13:54.717,1.01576,1.01586,2.81,1.50
2016.12.12 14:14:01.512,1.01576,1.01585,1.62,1.00
2016.12.12 14:14:02.019,1.01575,1.01585,1.50,1.87
2016.12.12 14:14:02.606,1.01575,1.01585,1.87,2.25
2016.12.12 14:14:02.808,1.01574,1.01585,1.69,3.00
2016.12.12 14:14:03.315,1.01575,1.01585,1.00,2.62
2016.12.12 14:14:04.120,1.01576,1.01584,1.00,1.50
2016.12.12 14:14:04.575,1.01574,1.01584,2.44,1.50
2016.12.12 14:14:05.080,1.01575,1.01584,1.00,1.50
2016.12.12 14:14:05.728,1.01574,1.01584,1.69,1.50
2016.12.12 14:14:06.941,1.01575,1.01584,1.00,1.50
2016.12.12 14:14:07.482,1.01574,1.01584,3.19,1.50
2016.12.12 14:14:07.798,1.01576,1.01584,1.00,1.50
2016.12.12 14:14:08.304,1.01577,1.01585,1.00,2.00
2016.12.12 14:14:08.827,1.01575,1.01585,2.62,2.00
2016.12.12 14:14:08.929,1.01578,1.01586,1.00,2.44
2016.12.12 14:14:09.031,1.01577,1.01587,1.00,1.75
2016.12.12 14:14:09.133,1.01578,1.01587,1.00,1.12
2016.12.12 14:14:09.868,1.01579,1.01587,1.00,1.12
2016.12.12 14:14:09.919,1.01577,1.01587,2.25,1.12
2016.12.12 14:14:13.916,1.01579,1.01588,1.00,2.81
2016.12.12 14:14:14.426,1.0158,1.01589,1.12,1.69
2016.12.12 14:14:18.920,1.01582,1.0159,1.00,1.50
2016.12.12 14:14:19.630,1.01583,1.01591,1.00,1.50
2016.12.12 14:14:19.935,1.01586,1.01594,1.00,1.12
2016.12.12 14:14:20.194,1.01584,1.01594,2.62,1.87
2016.12.12 14:14:20.742,1.01585,1.01594,1.00,1.87
2016.12.12 14:14:26.321,1.01586,1.01594,1.00,2.25
2016.12.12 14:14:26.832,1.01585,1.01594,1.12,2.25
2016.12.12 14:14:27.339,1.01584,1.01594,2.25,3.94
2016.12.12 14:14:31.436,1.01582,1.01592,2.25,1.00
2016.12.12 14:14:31.487,1.01582,1.01589,1.87,1.00
2016.12.12 14:14:31.538,1.0158,1.01589,3.00,1.00
2016.12.12 14:14:31.642,1.01579,1.01589,1.12,1.12
2016.12.12 14:14:32.554,1.01579,1.01589,1.00,1.75
2016.12.12 14:14:34.655,1.01578,1.01589,2.44,1.75
2016.12.12 14:14:36.172,1.01579,1.01589,1.00,1.75
2016.12.12 14:14:37.242,1.0158,1.01588,1.00,1.50
2016.12.12 14:14:38.439,1.01577,1.01587,2.44,1.12
2016.12.12 14:14:38.490,1.01577,1.01584,1.00,1.00
2016.12.12 14:14:38.699,1.01575,1.01583,1.50,1.00
2016.12.12 14:14:39.209,1.01574,1.01583,3.56,1.00
2016.12.12 14:14:39.716,1.01575,1.01583,1.00,1.00
2016.12.12 14:14:40.692,1.01575,1.01584,1.00,1.12
2016.12.12 14:14:41.200,1.01576,1.01585,1.00,1.50
2016.12.12 14:14:43.875,1.01575,1.01584,1.50,1.12
2016.12.12 14:14:44.417,1.01576,1.01585,1.00,1.50
2016.12.12 14:14:46.793,1.01575,1.01585,1.50,2.25
2016.12.12 14:14:54.996,1.01575,1.01584,1.00,2.25
2016.12.12 14:14:55.503,1.01574,1.01584,1.25,2.25
2016.12.12 14:14:55.922,1.01572,1.01582,2.25,1.12
2016.12.12 14:14:56.428,1.01574,1.01583,1.00,2.44
2016.12.12 14:14:56.962,1.01573,1.01583,1.00,2.44
2016.12.12 14:14:57.775,1.01574,1.01583,1.00,2.44
2016.12.12 14:14:58.585,1.01571,1.01581,4.31,1.12
2016.12.12 14:14:59.093,1.01571,1.01581,2.06,1.50
2016.12.12 14:14:59.365,1.0157,1.0158,1.00,1.50
2016.12.12 14:14:59.416,1.01569,1.01577,1.00,1.00
2016.12.12 14:14:59.929,1.01567,1.01577,2.06,1.50
2016.12.12 14:15:00.470,1.01567,1.01577,1.31,1.50
2016.12.12 14:15:01.824,1.01568,1.01577,1.00,1.50
2016.12.12 14:15:02.216,1.01565,1.01572,1.50,1.00
2016.12.12 14:15:02.522,1.01563,1.0157,1.00,1.00
2016.12.12 14:15:03.026,1.01564,1.01572,1.00,1.69
2016.12.12 14:15:03.128,1.01561,1.01571,1.87,1.12
2016.12.12 14:15:03.644,1.01562,1.0157,1.00,1.12
2016.12.12 14:15:04.023,1.0156,1.0157,3.19,1.12
2016.12.12 14:15:04.327,1.01562,1.0157,1.00,1.12
2016.12.12 14:15:08.250,1.01561,1.01571,1.00,2.25
2016.12.12 14:15:08.758,1.01562,1.01571,1.00,2.25
2016.12.12 14:15:09.269,1.01561,1.01571,1.00,2.25
2016.12.12 14:15:13.981,1.01558,1.01567,1.75,1.69
2016.12.12 14:15:14.033,1.01555,1.01566,1.37,1.31
2016.12.12 14:15:14.540,1.01557,1.01566,1.00,1.69
2016.12.12 14:15:15.288,1.01556,1.01565,1.00,1.87
2016.12.12 14:15:15.339,1.01554,1.01563,1.00,1.31
2016.12.12 14:15:15.668,1.01553,1.01563,1.00,2.00
2016.12.12 14:15:15.973,1.01555,1.01563,1.00,1.50
2016.12.12 14:15:16.634,1.01556,1.01566,1.00,2.06
2016.12.12 14:15:16.736,1.01557,1.01565,1.00,1.00
2016.12.12 14:15:16.787,1.0156,1.01565,1.00,1.00
2016.12.12 14:15:16.838,1.01558,1.01567,2.25,1.37
2016.12.12 14:15:17.199,1.01556,1.01565,1.12,1.00
2016.12.12 14:15:18.525,1.01554,1.01564,2.81,1.00
2016.12.12 14:15:18.779,1.01556,1.01565,1.00,1.75
2016.12.12 14:15:18.831,1.01556,1.01565,1.00,1.12
2016.12.12 14:15:19.348,1.01557,1.01565,1.00,1.12
2016.12.12 14:15:21.832,1.01556,1.01565,1.00,1.12
2016.12.12 14:15:22.699,1.01556,1.01565,1.00,1.50
2016.12.12 14:15:23.206,1.01555,1.01565,2.25,1.50
2016.12.12 14:15:23.732,1.01556,1.01565,1.00,1.50
2016.12.12 14:15:24.138,1.01554,1.01561,1.00,1.00
2016.12.12 14:15:24.291,1.01551,1.01561,3.00,1.12
2016.12.12 14:15:24.836,1.01552,1.01561,1.00,1.50
2016.12.12 14:15:26.962,1.01551,1.0156,1.00,1.31
2016.12.12 14:15:27.116,1.01548,1.01559,1.87,1.31
2016.12.12 14:15:27.622,1.0155,1.0156,1.00,2.81
2016.12.12 14:15:28.180,1.01551,1.0156,1.00,2.06
2016.12.12 14:15:28.714,1.01552,1.01561,1.00,2.81
2016.12.12 14:15:29.533,1.01551,1.01561,1.00,2.81
2016.12.12 14:15:30.723,1.0155,1.0156,1.87,2.81
2016.12.12 14:15:31.703,1.01549,1.0156,1.87,3.19
2016.12.12 14:15:32.715,1.01549,1.01559,1.12,1.62
2016.12.12 14:15:34.061,1.01551,1.01559,1.00,1.69
2016.12.12 14:15:34.569,1.01551,1.01559,1.00,1.25
2016.12.12 14:15:35.074,1.01552,1.0156,1.00,1.00
2016.12.12 14:15:35.621,1.01553,1.01562,1.00,1.75
2016.12.12 14:15:35.672,1.01553,1.01563,1.00,2.81
2016.12.12 14:15:36.179,1.01554,1.01564,1.00,3.94
2016.12.12 14:15:37.629,1.01553,1.01564,1.50,3.56
2016.12.12 14:15:37.832,1.0155,1.01561,2.81,1.12
2016.12.12 14:15:38.179,1.0155,1.01559,1.50,1.31
2016.12.12 14:15:38.486,1.01549,1.01559,1.00,2.00
2016.12.12 14:15:39.348,1.01549,1.01559,1.87,1.31
2016.12.12 14:15:40.031,1.0155,1.0156,1.00,2.81
2016.12.12 14:15:40.082,1.01552,1.01561,1.00,4.09
2016.12.12 14:15:40.286,1.01553,1.01564,2.25,3.56
2016.12.12 14:15:40.387,1.01553,1.01564,3.94,2.25
2016.12.12 14:15:42.828,1.01553,1.01564,1.69,3.00
2016.12.12 14:15:43.352,1.01554,1.01564,1.12,2.62
2016.12.12 14:15:43.883,1.01555,1.01564,1.00,1.87
2016.12.12 14:15:44.390,1.01554,1.01564,1.12,2.25
2016.12.12 14:15:45.523,1.01553,1.01564,1.50,3.19
2016.12.12 14:15:45.625,1.01551,1.01561,1.87,1.00
2016.12.12 14:15:45.676,1.0155,1.01561,3.56,1.00
2016.12.12 14:15:45.879,1.0155,1.01561,2.06,1.50
2016.12.12 14:15:46.995,1.01551,1.01561,1.00,1.50
2016.12.12 14:15:47.563,1.01553,1.01562,1.00,2.06
2016.12.12 14:15:48.505,1.01552,1.01563,1.00,4.69
2016.12.12 14:15:49.527,1.01551,1.01563,1.87,4.69
2016.12.12 14:15:49.832,1.01549,1.01559,1.12,1.31
2016.12.12 14:15:50.341,1.01549,1.01559,1.00,1.69
2016.12.12 14:15:50.847,1.01548,1.01559,1.87,2.44
2016.12.12 14:15:51.374,1.01549,1.01559,1.00,1.69
2016.12.12 14:15:52.671,1.01548,1.01559,2.62,1.69
2016.12.12 14:15:53.178,1.01548,1.01559,3.00,1.31
2016.12.12 14:15:55.231,1.01548,1.01558,3.00,1.00
2016.12.12 14:15:55.488,1.0155,1.0156,1.87,1.12
2016.12.12 14:15:56.772,1.01551,1.0156,1.00,1.12
2016.12.12 14:15:56.873,1.01549,1.01558,2.25,1.00
2016.12.12 14:15:57.177,1.01543,1.01552,2.06,1.00
2016.12.12 14:15:57.942,1.01543,1.01553,2.06,2.62
2016.12.12 14:15:58.196,1.01541,1.01553,2.25,3.00
2016.12.12 14:16:05.216,1.01543,1.01553,2.44,3.00
2016.12.12 14:16:05.267,1.01545,1.01553,1.00,3.00
2016.12.12 14:16:05.675,1.01543,1.01553,1.31,1.12
2016.12.12 14:16:06.182,1.01544,1.01552,1.00,1.12
2016.12.12 14:16:06.919,1.01543,1.01553,1.00,1.69
2016.12.12 14:16:06.971,1.01545,1.01554,3.04,1.75
2016.12.12 14:16:07.072,1.01545,1.01555,2.06,1.50
2016.12.12 14:16:07.123,1.01547,1.01556,1.00,1.50
2016.12.12 14:16:07.174,1.01547,1.01556,1.00,1.50
2016.12.12 14:16:07.681,1.01548,1.01557,1.50,1.25
2016.12.12 14:16:08.195,1.01548,1.01557,1.00,1.31
2016.12.12 14:16:08.906,1.01547,1.01558,2.62,2.44
2016.12.12 14:16:09.525,1.01548,1.01558,1.00,2.44
2016.12.12 14:16:09.830,1.01546,1.01555,1.37,1.00
2016.12.12 14:16:10.074,1.01545,1.01555,1.00,1.62
2016.12.12 14:16:10.430,1.01548,1.01556,1.00,2.25
2016.12.12 14:16:10.584,1.01548,1.01557,2.25,1.62
2016.12.12 14:16:10.636,1.0155,1.01558,1.00,3.19
2016.12.12 14:16:10.890,1.0155,1.01558,1.00,1.00
2016.12.12 14:16:11.399,1.0155,1.01559,1.00,2.25
2016.12.12 14:16:12.139,1.01551,1.01557,1.00,1.00
2016.12.12 14:16:13.004,1.01548,1.01557,2.06,1.00
2016.12.12 14:16:14.118,1.0155,1.01558,1.00,1.00
2016.12.12 14:16:14.424,1.01552,1.0156,1.00,3.19
2016.12.12 14:16:18.241,1.01552,1.0156,1.00,2.06
2016.12.12 14:16:20.227,1.01548,1.01554,1.00,2.10
2016.12.12 14:16:20.380,1.01541,1.01546,1.50,1.72
2016.12.12 14:16:20.431,1.01541,1.01546,2.25,1.00
2016.12.12 14:16:20.584,1.01543,1.0155,1.00,1.50
2016.12.12 14:16:20.839,1.01544,1.01551,1.69,1.00
2016.12.12 14:16:21.145,1.01547,1.01552,1.00,1.00
2016.12.12 14:16:21.247,1.01547,1.01554,1.00,1.00
2016.12.12 14:16:22.435,1.01549,1.01554,1.00,1.00
2016.12.12 14:16:22.941,1.01549,1.01556,1.00,1.00
2016.12.12 14:16:23.491,1.01549,1.01557,1.00,1.00
2016.12.12 14:16:24.022,1.0155,1.01557,1.00,1.00
2016.12.12 14:16:24.670,1.0155,1.01558,1.00,1.00
2016.12.12 14:16:26.952,1.01551,1.01558,1.00,1.00
2016.12.12 14:16:31.689,1.01551,1.01557,1.00,1.00
2016.12.12 14:16:32.195,1.01551,1.01558,1.00,1.00
2016.12.12 14:16:32.807,1.01551,1.01557,1.00,1.00
2016.12.12 14:16:33.351,1.01551,1.01558,1.00,1.50
2016.12.12 14:16:33.554,1.01551,1.01555,1.00,1.35
2016.12.12 14:16:33.657,1.01545,1.01555,2.44,1.00
2016.12.12 14:16:33.709,1.01545,1.01552,2.44,1.00
2016.12.12 14:16:33.811,1.01548,1.01554,1.00,1.00
2016.12.12 14:16:34.115,1.01548,1.01552,1.00,1.00
2016.12.12 14:16:34.982,1.01547,1.01552,1.00,1.00
2016.12.12 14:16:36.058,1.01545,1.01552,1.69,1.00
2016.12.12 14:16:36.565,1.01546,1.01553,1.25,1.87
2016.12.12 14:16:43.537,1.01545,1.01553,1.00,2.10
2016.12.12 14:16:44.044,1.01543,1.01552,1.69,1.50
2016.12.12 14:16:47.079,1.01544,1.01552,2.44,1.50
2016.12.12 14:16:47.385,1.01547,1.01554,1.50,2.85
2016.12.12 14:16:47.487,1.01544,1.01553,1.87,1.30
2016.12.12 14:16:47.740,1.01543,1.01553,4.31,1.72
2016.12.12 14:16:48.368,1.01548,1.01555,1.00,2.62
2016.12.12 14:16:48.604,1.01551,1.01558,2.06,3.00
2016.12.12 14:16:48.859,1.01552,1.01561,1.12,1.87
2016.12.12 14:16:49.113,1.01554,1.01561,1.00,1.50
2016.12.12 14:16:49.620,1.01554,1.0156,1.00,1.00
2016.12.12 14:16:50.133,1.01554,1.01561,1.00,1.50
2016.12.12 14:16:50.671,1.01553,1.01561,1.00,1.50
2016.12.12 14:16:51.747,1.01552,1.01561,1.00,2.10
2016.12.12 14:16:52.825,1.01551,1.01561,1.69,2.10
2016.12.12 14:16:53.129,1.01551,1.0156,1.31,1.50
2016.12.12 14:16:53.694,1.01551,1.01559,1.25,1.37
2016.12.12 14:16:53.949,1.01545,1.01554,1.69,1.50
2016.12.12 14:16:55.654,1.01546,1.01553,1.25,1.00
2016.12.12 14:16:56.161,1.01546,1.01553,1.25,2.25
2016.12.12 14:16:56.212,1.01546,1.01555,1.31,1.00
2016.12.12 14:16:56.679,1.01546,1.01553,1.25,1.50
2016.12.12 14:16:57.746,1.01544,1.01553,1.87,2.25
2016.12.12 14:16:58.094,1.0154,1.01548,2.06,1.50
2016.12.12 14:16:58.348,1.01542,1.0155,1.00,1.87
2016.12.12 14:16:58.906,1.01542,1.01551,1.12,2.25
2016.12.12 14:16:59.211,1.0154,1.0155,1.12,3.22
2016.12.12 14:17:01.479,1.01541,1.0155,1.19,2.62
2016.12.12 14:17:01.835,1.01544,1.01553,1.00,1.87
2016.12.12 14:17:02.091,1.01544,1.01553,1.31,1.00
2016.12.12 14:17:02.244,1.01544,1.01552,1.12,2.47
2016.12.12 14:17:02.397,1.01542,1.01551,1.31,2.10
2016.12.12 14:17:03.675,1.0154,1.01549,2.25,1.00
2016.12.12 14:17:03.833,1.0154,1.01549,1.87,3.00
2016.12.12 14:17:04.316,1.01539,1.01543,1.25,1.12
2016.12.12 14:17:04.370,1.01535,1.01543,2.25,2.25
2016.12.12 14:17:04.514,1.01534,1.01541,1.00,1.50
2016.12.12 14:17:04.616,1.01531,1.01539,1.31,1.12
2016.12.12 14:17:04.667,1.01535,1.01539,1.00,1.00
2016.12.12 14:17:04.821,1.01533,1.01543,4.50,1.87
2016.12.12 14:17:04.872,1.01536,1.01543,1.00,1.87
2016.12.12 14:17:04.924,1.01536,1.01542,1.00,1.00
2016.12.12 14:17:05.402,1.01534,1.01542,1.00,1.00
2016.12.12 14:17:05.706,1.01534,1.0154,1.00,1.12
2016.12.12 14:17:05.757,1.01532,1.0154,1.25,1.50
2016.12.12 14:17:06.062,1.01534,1.01542,1.69,1.87
2016.12.12 14:17:06.317,1.01537,1.01544,1.00,1.37
2016.12.12 14:17:06.419,1.01537,1.01545,1.00,1.00
2016.12.12 14:17:06.645,1.0154,1.01545,1.00,1.37
2016.12.12 14:17:06.748,1.0154,1.01548,1.00,2.62
2016.12.12 14:17:06.950,1.0154,1.01548,1.00,1.12
2016.12.12 14:17:07.559,1.01542,1.0155,1.00,1.87
2016.12.12 14:17:07.813,1.01544,1.01551,1.00,1.50
2016.12.12 14:17:08.328,1.01544,1.01551,1.00,1.87
2016.12.12 14:17:09.061,1.0154,1.01549,1.50,2.10
2016.12.12 14:17:09.163,1.01537,1.01546,1.87,1.12
2016.12.12 14:17:09.467,1.01539,1.01546,1.00,2.62
2016.12.12 14:17:09.956,1.01535,1.01544,3.56,1.00
2016.12.12 14:17:10.007,1.01535,1.01542,1.69,1.00
2016.12.12 14:17:10.513,1.01537,1.01545,1.00,2.62
2016.12.12 14:17:11.948,1.01537,1.01545,1.00,1.37
2016.12.12 14:17:12.674,1.01539,1.01546,1.00,1.87
2016.12.12 14:17:12.827,1.01537,1.01547,2.62,1.50
2016.12.12 14:17:13.129,1.01535,1.01545,2.44,1.87
2016.12.12 14:17:13.637,1.01537,1.01545,1.00,1.00
2016.12.12 14:17:14.159,1.01537,1.01546,1.00,1.50
2016.12.12 14:17:14.680,1.01538,1.01546,1.00,1.50
2016.12.12 14:17:15.970,1.01539,1.01546,1.00,1.50
2016.12.12 14:17:16.400,1.01537,1.01546,1.00,1.50
2016.12.12 14:17:18.020,1.01538,1.01546,1.69,1.00
2016.12.12 14:17:18.072,1.0154,1.01546,1.00,1.00
2016.12.12 14:17:18.173,1.0154,1.01548,1.00,3.00
2016.12.12 14:17:18.692,1.0154,1.01548,1.00,3.37
2016.12.12 14:17:18.844,1.0154,1.01547,1.00,1.75
2016.12.12 14:17:19.047,1.0154,1.01547,1.00,2.25
2016.12.12 14:17:19.098,1.01537,1.01545,1.12,1.00
2016.12.12 14:17:19.622,1.01536,1.01546,2.25,3.56
2016.12.12 14:17:20.213,1.01538,1.01546,1.00,3.56
2016.12.12 14:17:23.086,1.01538,1.01543,1.00,1.00
2016.12.12 14:17:23.187,1.01535,1.01544,1.50,1.12
2016.12.12 14:17:23.491,1.01537,1.01544,1.00,1.00
2016.12.12 14:17:23.994,1.01537,1.01546,1.00,1.87
2016.12.12 14:17:32.033,1.01539,1.01547,1.00,1.87
2016.12.12 14:17:32.287,1.01542,1.01551,1.00,1.69
2016.12.12 14:17:32.399,1.01542,1.01548,1.00,2.66
2016.12.12 14:17:32.497,1.01539,1.01547,1.00,1.72
2016.12.12 14:17:32.599,1.01537,1.01545,1.00,1.87
2016.12.12 14:17:33.105,1.01537,1.01545,1.00,1.37
2016.12.12 14:17:33.709,1.01536,1.01546,1.00,1.87
2016.12.12 14:17:38.687,1.01536,1.01545,1.50,1.75
2016.12.12 14:17:38.788,1.01536,1.01546,2.25,1.87
2016.12.12 14:17:39.194,1.01536,1.01546,2.25,1.87
2016.12.12 14:17:39.827,1.01537,1.01546,1.00,1.87
2016.12.12 14:17:40.884,1.01538,1.01546,1.00,1.12
2016.12.12 14:17:41.496,1.01538,1.01544,1.00,1.12
2016.12.12 14:17:42.407,1.01537,1.01544,1.00,1.87
2016.12.12 14:17:42.919,1.01537,1.01545,1.00,2.62
2016.12.12 14:17:44.104,1.01536,1.01545,1.25,1.87
2016.12.12 14:17:44.613,1.01536,1.01545,1.00,1.75
2016.12.12 14:17:45.121,1.01535,1.01543,1.50,1.00
2016.12.12 14:17:45.426,1.01537,1.01543,1.00,1.37
2016.12.12 14:17:47.020,1.01535,1.01543,1.00,1.37
2016.12.12 14:17:47.122,1.01537,1.01545,1.00,2.62
2016.12.12 14:17:50.776,1.01538,1.01545,1.00,1.87
2016.12.12 14:17:50.929,1.0154,1.01547,1.00,1.50
2016.12.12 14:17:51.031,1.01537,1.01547,1.00,1.75
2016.12.12 14:17:51.235,1.01535,1.01543,1.87,1.50
2016.12.12 14:17:51.648,1.01535,1.0154,1.00,1.50
2016.12.12 14:17:51.699,1.01532,1.01542,4.50,2.47
2016.12.12 14:17:52.221,1.01533,1.01542,1.00,1.75
2016.12.12 14:17:53.278,1.01532,1.01542,4.50,1.87
2016.12.12 14:17:53.855,1.01533,1.01542,1.00,1.87
2016.12.12 14:17:54.479,1.01534,1.01542,1.00,1.87
2016.12.12 14:17:54.531,1.01535,1.01543,1.00,1.31
2016.12.12 14:17:57.807,1.01534,1.01542,1.00,1.50
2016.12.12 14:17:58.264,1.01535,1.01543,1.00,1.31
2016.12.12 14:17:59.431,1.01534,1.01543,3.00,1.31
2016.12.12 14:18:00.159,1.01535,1.01544,1.00,1.69
2016.12.12 14:18:03.042,1.01535,1.01543,1.00,1.50
2016.12.12 14:18:03.094,1.01533,1.01543,2.44,2.25
2016.12.12 14:18:03.146,1.01535,1.01543,1.00,1.50
2016.12.12 14:18:03.402,1.01535,1.01541,1.00,3.41
2016.12.12 14:18:03.453,1.01531,1.01539,1.00,1.05
2016.12.12 14:18:03.758,1.0153,1.01539,1.00,2.44
2016.12.12 14:18:04.265,1.01526,1.01536,2.06,1.12
2016.12.12 14:18:04.782,1.01525,1.01536,2.81,2.25
2016.12.12 14:18:05.324,1.01527,1.01536,1.00,1.50
2016.12.12 14:18:09.076,1.01528,1.01537,1.00,1.75
2016.12.12 14:18:09.229,1.01529,1.01538,1.00,1.87
2016.12.12 14:18:09.488,1.01531,1.01539,1.00,1.12
2016.12.12 14:18:09.591,1.01531,1.01541,1.50,2.81
2016.12.12 14:18:13.885,1.01531,1.01538,1.00,1.00
2016.12.12 14:18:14.390,1.0153,1.01538,1.00,1.50
2016.12.12 14:18:17.572,1.01528,1.01538,1.69,1.50
2016.12.12 14:18:18.577,1.0153,1.01538,1.00,1.50
2016.12.12 14:18:21.176,1.01529,1.01538,1.00,1.50
2016.12.12 14:18:21.770,1.0153,1.01538,1.00,1.12
2016.12.12 14:18:21.874,1.0153,1.01538,1.00,1.87
2016.12.12 14:18:21.976,1.01528,1.01538,1.00,2.85
2016.12.12 14:18:22.484,1.01527,1.01536,1.25,1.87
2016.12.12 14:18:22.992,1.01528,1.01536,1.00,2.06
2016.12.12 14:18:23.094,1.01531,1.01537,1.00,1.50
2016.12.12 14:18:23.363,1.01533,1.01541,1.00,2.06
2016.12.12 14:18:26.477,1.01535,1.01542,1.00,1.37
2016.12.12 14:18:26.578,1.01534,1.01545,1.87,1.91
2016.12.12 14:18:26.629,1.01534,1.01545,1.87,1.54
2016.12.12 14:18:27.148,1.01534,1.01545,2.25,1.91
2016.12.12 14:18:28.335,1.01537,1.01545,1.00,2.06
2016.12.12 14:18:28.641,1.01541,1.01549,1.00,2.06
2016.12.12 14:18:29.182,1.0154,1.01549,1.00,2.66
2016.12.12 14:18:29.739,1.01539,1.01549,1.31,2.47
2016.12.12 14:18:30.247,1.0154,1.01549,1.00,2.66
2016.12.12 14:18:30.769,1.0154,1.01548,1.00,1.00
2016.12.12 14:18:31.128,1.01538,1.01547,1.50,1.50
2016.12.12 14:18:32.451,1.01539,1.01547,1.00,1.50
2016.12.12 14:18:35.172,1.01538,1.01545,1.12,3.04
2016.12.12 14:18:35.223,1.01535,1.01545,2.25,1.91
2016.12.12 14:18:35.276,1.01535,1.01545,1.50,2.06
2016.12.12 14:18:35.327,1.01535,1.01545,1.50,1.62
2016.12.12 14:18:35.733,1.01537,1.01546,1.00,1.87
2016.12.12 14:18:36.723,1.01537,1.01547,1.87,2.81
2016.12.12 14:18:36.824,1.01537,1.01547,1.87,2.44
2016.12.12 14:18:38.278,1.0154,1.01548,1.00,1.87
2016.12.12 14:18:38.431,1.0154,1.01549,1.00,1.00
2016.12.12 14:18:42.531,1.0154,1.01549,1.00,2.10
2016.12.12 14:18:44.628,1.0154,1.01546,1.00,1.05
2016.12.12 14:18:44.936,1.01539,1.01548,1.50,2.06
2016.12.12 14:18:50.719,1.01539,1.01546,1.50,1.00
2016.12.12 14:18:51.228,1.01538,1.01548,1.50,2.81
2016.12.12 14:18:56.181,1.0154,1.01548,1.00,1.31
2016.12.12 14:18:59.120,1.01537,1.01547,3.00,2.81
2016.12.12 14:18:59.628,1.01538,1.01548,2.25,2.06
2016.12.12 14:18:59.830,1.01539,1.01549,1.50,4.69
2016.12.12 14:19:03.531,1.0154,1.01549,1.00,5.44
2016.12.12 14:19:03.582,1.01538,1.01549,3.37,4.69
2016.12.12 14:19:04.088,1.01539,1.01549,1.00,2.44
2016.12.12 14:19:04.594,1.01538,1.01548,2.62,1.31
2016.12.12 14:19:05.200,1.01539,1.01548,1.00,1.31
2016.12.12 14:19:08.932,1.0154,1.01549,1.00,2.25
2016.12.12 14:19:15.227,1.0154,1.01546,1.00,1.00
2016.12.12 14:19:15.577,1.01537,1.01546,1.50,1.12
2016.12.12 14:19:16.087,1.01537,1.01546,1.00,1.50
2016.12.12 14:19:17.422,1.01538,1.01547,1.25,1.75
2016.12.12 14:19:17.523,1.01538,1.01547,1.69,1.12
2016.12.12 14:19:17.827,1.0154,1.01549,1.00,2.06
2016.12.12 14:19:21.953,1.01539,1.01548,1.00,1.50
2016.12.12 14:19:22.612,1.01539,1.01548,1.00,1.12
2016.12.12 14:19:23.975,1.01538,1.01548,1.12,1.12
2016.12.12 14:19:24.516,1.01538,1.01548,1.00,1.87
2016.12.12 14:19:25.029,1.01537,1.01548,3.56,1.87
2016.12.12 14:19:25.551,1.01538,1.01548,1.00,1.87
2016.12.12 14:19:28.541,1.01538,1.01545,1.00,1.00
2016.12.12 14:19:28.946,1.01539,1.01548,1.00,1.69
2016.12.12 14:19:29.490,1.01539,1.01549,1.00,3.56
2016.12.12 14:19:30.456,1.0154,1.01548,1.00,1.31
2016.12.12 14:19:31.046,1.01539,1.01548,1.00,1.31
2016.12.12 14:19:35.854,1.0154,1.01548,1.00,1.31
2016.12.12 14:19:36.057,1.01541,1.0155,1.00,1.50
2016.12.12 14:19:36.563,1.0154,1.0155,1.87,1.00
2016.12.12 14:19:37.357,1.01541,1.0155,1.19,1.00
2016.12.12 14:19:37.569,1.01544,1.01553,1.12,2.25
2016.12.12 14:19:38.230,1.01543,1.01553,1.87,2.62
2016.12.12 14:19:38.282,1.01545,1.01553,1.00,1.87
2016.12.12 14:19:38.587,1.01547,1.01555,1.12,1.00
2016.12.12 14:19:38.841,1.01545,1.01555,1.12,2.81
2016.12.12 14:19:39.187,1.01545,1.01553,1.12,1.00
2016.12.12 14:19:39.289,1.01544,1.01555,3.00,2.81
2016.12.12 14:19:40.603,1.01544,1.01554,2.25,1.50
2016.12.12 14:19:40.984,1.01543,1.01553,2.06,1.12
2016.12.12 14:19:41.491,1.01544,1.01553,1.00,1.12
2016.12.12 14:19:42.027,1.01543,1.01554,2.06,2.85
2016.12.12 14:19:42.884,1.01542,1.01551,4.69,1.00
2016.12.12 14:19:43.390,1.01544,1.01552,1.12,1.00
2016.12.12 14:19:44.052,1.01542,1.01552,2.06,1.12
2016.12.12 14:19:44.559,1.01541,1.01551,3.00,1.00
2016.12.12 14:19:46.622,1.01542,1.01552,1.31,2.25
2016.12.12 14:19:46.724,1.01546,1.01552,1.00,1.12
2016.12.12 14:19:46.979,1.01545,1.01555,3.19,1.00
2016.12.12 14:19:47.754,1.01544,1.01554,1.75,1.35
2016.12.12 14:19:47.856,1.01543,1.01554,3.56,2.47
2016.12.12 14:19:47.958,1.01543,1.01552,1.69,1.00
2016.12.12 14:19:48.059,1.01541,1.01551,1.31,1.87
2016.12.12 14:19:48.641,1.01541,1.01552,2.44,3.00
2016.12.12 14:19:49.172,1.01541,1.01552,2.44,2.25
2016.12.12 14:19:51.476,1.0154,1.0155,3.19,1.35
2016.12.12 14:19:51.781,1.0154,1.01549,1.19,1.37
2016.12.12 14:19:52.740,1.01538,1.01549,2.06,1.87
2016.12.12 14:19:53.280,1.01539,1.01549,1.00,2.62
2016.12.12 14:19:53.651,1.01537,1.01545,2.25,1.50
2016.12.12 14:19:53.958,1.01534,1.01542,1.50,1.00
2016.12.12 14:19:54.009,1.01536,1.01544,1.50,1.00
2016.12.12 14:19:54.165,1.01537,1.01547,1.00,3.60
2016.12.12 14:19:54.697,1.01538,1.01547,1.00,1.87
2016.12.12 14:19:56.339,1.01539,1.01547,1.00,1.12
2016.12.12 14:19:56.470,1.01541,1.01549,1.00,3.00
2016.12.12 14:19:56.573,1.01543,1.01552,1.00,2.44
2016.12.12 14:19:56.776,1.01544,1.01553,1.12,1.87
2016.12.12 14:19:57.840,1.01545,1.01553,1.00,1.12
2016.12.12 14:19:58.355,1.01544,1.01554,1.50,1.91
2016.12.12 14:19:58.862,1.01546,1.01555,1.00,2.44
2016.12.12 14:19:59.065,1.01546,1.01556,1.12,1.50
2016.12.12 14:19:59.573,1.01546,1.01555,1.12,1.00
2016.12.12 14:20:00.246,1.01546,1.01556,1.12,3.00
2016.12.12 14:20:00.298,1.01548,1.01556,1.19,3.00
2016.12.12 14:20:00.804,1.01547,1.01557,1.50,1.12
2016.12.12 14:20:02.579,1.01547,1.01557,1.12,1.50
2016.12.12 14:20:03.077,1.01545,1.01555,2.81,2.85
2016.12.12 14:20:03.612,1.01544,1.01554,2.81,1.00
2016.12.12 14:20:06.168,1.01544,1.01555,1.62,1.87
2016.12.12 14:20:06.219,1.01544,1.01554,1.31,1.72
2016.12.12 14:20:06.725,1.01545,1.01554,1.00,1.12
2016.12.12 14:20:07.665,1.01546,1.01555,1.00,3.00
2016.12.12 14:20:09.675,1.01547,1.01556,1.00,2.81
2016.12.12 14:20:09.726,1.01547,1.01556,1.00,2.81
2016.12.12 14:20:10.676,1.01546,1.01556,1.12,2.81
2016.12.12 14:20:14.669,1.01547,1.01555,1.00,1.00
2016.12.12 14:20:14.822,1.01547,1.01558,1.87,2.81
2016.12.12 14:20:15.329,1.01548,1.01558,1.00,2.81
2016.12.12 14:20:15.873,1.01547,1.01558,1.87,2.44
2016.12.12 14:20:17.275,1.01548,1.01558,1.00,2.44
2016.12.12 14:20:18.135,1.01547,1.01558,1.87,1.69
2016.12.12 14:20:18.658,1.01548,1.01558,1.00,1.69
2016.12.12 14:20:18.916,1.0155,1.01559,1.00,2.06
2016.12.12 14:20:19.018,1.01551,1.0156,1.00,1.50
2016.12.12 14:20:20.577,1.01552,1.0156,1.00,1.00
2016.12.12 14:20:21.098,1.01551,1.0156,1.12,1.00
2016.12.12 14:20:21.780,1.01553,1.01561,1.00,1.91
2016.12.12 14:20:22.286,1.01554,1.01562,1.00,1.05
2016.12.12 14:20:22.745,1.01552,1.01561,1.12,1.35
2016.12.12 14:20:23.270,1.01551,1.0156,2.25,1.00
2016.12.12 14:20:25.276,1.01551,1.01561,2.25,1.35
2016.12.12 14:20:25.724,1.01551,1.01559,2.25,1.00
2016.12.12 14:20:25.926,1.0155,1.0156,1.31,1.12
2016.12.12 14:20:26.524,1.01549,1.01558,3.56,1.00
2016.12.12 14:20:27.030,1.01549,1.01558,1.12,1.00
2016.12.12 14:20:29.722,1.01547,1.01557,2.81,1.00
2016.12.12 14:20:29.823,1.01547,1.01557,1.69,1.12
2016.12.12 14:20:30.368,1.01548,1.01558,1.00,2.25
2016.12.12 14:20:30.875,1.01549,1.01558,1.00,1.50
2016.12.12 14:20:31.405,1.01551,1.0156,1.00,3.00
2016.12.12 14:20:31.968,1.01551,1.0156,1.00,3.00
2016.12.12 14:20:33.270,1.01549,1.0156,2.44,3.00
2016.12.12 14:20:35.542,1.0155,1.0156,1.00,3.00
2016.12.12 14:20:36.065,1.01551,1.0156,1.00,3.00
2016.12.12 14:20:38.962,1.0155,1.0156,1.00,3.00
2016.12.12 14:20:45.439,1.01551,1.0156,1.00,2.25
2016.12.12 14:20:46.325,1.01549,1.01559,2.25,1.31
2016.12.12 14:20:47.122,1.01547,1.01556,3.19,1.00
2016.12.12 14:20:47.173,1.01547,1.01556,1.87,1.25
2016.12.12 14:20:47.346,1.01545,1.01552,1.37,1.00
2016.12.12 14:20:47.397,1.01543,1.01553,2.81,1.87
2016.12.12 14:20:47.549,1.01542,1.01551,1.37,1.00
2016.12.12 14:20:48.056,1.01542,1.01553,1.00,5.06
2016.12.12 14:20:48.107,1.0154,1.0155,2.25,1.12
2016.12.12 14:20:48.662,1.01539,1.01549,1.50,2.06
2016.12.12 14:20:48.763,1.0154,1.0155,1.50,1.94
2016.12.12 14:20:48.865,1.01541,1.0155,1.00,1.69
2016.12.12 14:20:49.220,1.01539,1.01549,1.00,1.62
2016.12.12 14:20:49.375,1.01542,1.0155,1.00,1.87
2016.12.12 14:20:49.881,1.01542,1.01551,1.00,2.44
2016.12.12 14:20:50.758,1.01541,1.01551,1.00,2.44
2016.12.12 14:20:52.418,1.01542,1.01551,1.00,2.44
2016.12.12 14:20:52.471,1.0154,1.01551,2.62,2.44
2016.12.12 14:20:52.625,1.01542,1.01551,1.00,2.44
2016.12.12 14:20:53.171,1.01541,1.01551,1.00,2.44
2016.12.12 14:20:53.716,1.01542,1.01551,1.00,2.44
2016.12.12 14:20:54.325,1.01541,1.01551,1.00,2.44
2016.12.12 14:20:54.916,1.01542,1.0155,1.00,1.12
2016.12.12 14:20:55.524,1.0154,1.0155,1.50,1.12
2016.12.12 14:20:56.010,1.0154,1.0155,1.00,2.44
2016.12.12 14:20:56.321,1.01543,1.01552,1.00,2.44
2016.12.12 14:20:56.473,1.0154,1.01552,3.37,2.44
2016.12.12 14:20:56.980,1.01542,1.01552,1.00,2.81
2016.12.12 14:20:57.269,1.0154,1.01552,1.50,5.44
2016.12.12 14:20:57.830,1.01541,1.01551,1.00,2.06
2016.12.12 14:20:58.692,1.01541,1.01551,1.00,2.06
2016.12.12 14:20:59.208,1.0154,1.01551,1.12,2.06
2016.12.12 14:20:59.411,1.01542,1.01551,1.00,1.69
2016.12.12 14:20:59.674,1.0154,1.01551,1.50,1.69
2016.12.12 14:20:59.776,1.01542,1.01551,1.00,1.69
2016.12.12 14:21:00.990,1.01541,1.01551,1.00,1.69
2016.12.12 14:21:01.413,1.01539,1.0155,3.19,1.50
2016.12.12 14:21:02.088,1.01538,1.01549,2.25,2.06
2016.12.12 14:21:03.197,1.01537,1.01548,2.81,1.50
2016.12.12 14:21:03.856,1.01539,1.01548,1.00,1.50
2016.12.12 14:21:04.431,1.01538,1.01549,1.50,4.69
2016.12.12 14:21:06.342,1.01539,1.01548,1.00,1.50
2016.12.12 14:21:07.477,1.01538,1.01548,1.00,1.50
2016.12.12 14:21:07.781,1.01537,1.01546,1.00,2.44
2016.12.12 14:21:08.327,1.01536,1.01546,1.00,3.56
2016.12.12 14:21:08.631,1.01534,1.01545,2.44,1.87
2016.12.12 14:21:08.733,1.01534,1.01542,1.00,1.00
2016.12.12 14:21:09.240,1.01533,1.01542,1.87,1.12
2016.12.12 14:21:10.737,1.01534,1.01543,1.00,2.81
2016.12.12 14:21:11.446,1.01535,1.01543,1.00,2.81
2016.12.12 14:21:11.978,1.01535,1.01543,1.00,1.69
2016.12.12 14:21:13.100,1.01533,1.01543,1.87,1.69
2016.12.12 14:21:13.203,1.01532,1.01542,1.00,2.62
2016.12.12 14:21:13.511,1.01531,1.01538,2.62,1.12
2016.12.12 14:21:13.613,1.0153,1.01539,2.25,1.00
2016.12.12 14:21:13.715,1.01531,1.01539,5.06,1.12
2016.12.12 14:21:13.918,1.01533,1.01542,1.12,1.37
2016.12.12 14:21:14.071,1.01533,1.01543,1.12,1.31
2016.12.12 14:21:14.660,1.01534,1.01543,1.00,2.62
2016.12.12 14:21:14.711,1.01534,1.01543,1.00,3.56
2016.12.12 14:21:15.224,1.01533,1.01543,1.12,2.81
2016.12.12 14:21:15.380,1.01533,1.01543,1.12,2.44
2016.12.12 14:21:17.670,1.01533,1.01543,1.12,2.81
2016.12.12 14:21:18.228,1.01533,1.01543,1.12,2.44
2016.12.12 14:21:18.736,1.01534,1.01544,1.00,2.81
2016.12.12 14:21:19.541,1.01535,1.01544,1.50,1.69
2016.12.12 14:21:20.682,1.01533,1.01544,4.50,2.06
2016.12.12 14:21:21.377,1.01533,1.01544,2.25,2.44
2016.12.12 14:21:21.884,1.01532,1.01543,4.35,2.06
2016.12.12 14:21:25.714,1.01534,1.0154,1.00,2.25
2016.12.12 14:21:26.039,1.01533,1.0154,1.00,2.25
2016.12.12 14:21:26.092,1.01534,1.01543,1.00,1.75
2016.12.12 14:21:26.624,1.01533,1.01543,1.50,1.75
2016.12.12 14:21:27.485,1.01534,1.01543,1.00,1.50
2016.12.12 14:21:28.465,1.01535,1.01543,1.00,1.50
2016.12.12 14:21:29.280,1.01535,1.01543,1.00,1.12
2016.12.12 14:21:31.694,1.01533,1.01543,1.12,1.12
2016.12.12 14:21:34.673,1.01531,1.01541,2.62,1.35
2016.12.12 14:21:35.176,1.01532,1.01542,2.06,3.00
2016.12.12 14:21:37.290,1.01531,1.01536,1.37,1.00
2016.12.12 14:21:37.442,1.01526,1.01535,1.37,1.60
2016.12.12 14:21:37.493,1.01526,1.01535,1.87,1.60
2016.12.12 14:21:37.595,1.01526,1.01534,1.00,3.04
2016.12.12 14:21:37.696,1.01526,1.01534,1.00,1.69
2016.12.12 14:21:37.899,1.01526,1.01536,1.87,2.85
2016.12.12 14:21:38.404,1.01526,1.01536,1.87,2.85
2016.12.12 14:21:38.709,1.01528,1.01536,1.00,1.00
2016.12.12 14:21:39.218,1.01527,1.01537,1.00,2.06
2016.12.12 14:21:39.734,1.01528,1.01536,1.00,1.00
2016.12.12 14:21:40.457,1.01527,1.01536,1.12,1.00
2016.12.12 14:21:40.977,1.01526,1.01536,1.00,1.50
2016.12.12 14:21:41.383,1.0153,1.01536,1.00,1.37
2016.12.12 14:21:41.535,1.01531,1.0154,1.00,1.31
2016.12.12 14:21:41.740,1.01528,1.01537,1.69,1.30
2016.12.12 14:21:41.894,1.01526,1.01536,1.00,1.31
2016.12.12 14:21:41.995,1.01526,1.01536,1.00,2.00
2016.12.12 14:21:42.401,1.01527,1.01536,1.00,1.31
2016.12.12 14:21:44.068,1.01528,1.01536,1.00,1.00
2016.12.12 14:21:44.172,1.01525,1.01533,1.87,1.00
2016.12.12 14:21:44.438,1.01523,1.01532,1.25,1.12
2016.12.12 14:21:44.962,1.01524,1.01532,1.00,1.12
2016.12.12 14:21:45.916,1.01523,1.01532,1.25,1.87
2016.12.12 14:21:46.018,1.0152,1.0153,2.81,1.00
2016.12.12 14:21:46.120,1.0152,1.0153,2.06,1.12
2016.12.12 14:21:46.273,1.01522,1.0153,1.00,1.37
2016.12.12 14:21:46.967,1.01521,1.0153,1.00,1.37
2016.12.12 14:21:48.655,1.0152,1.0153,1.69,1.37
2016.12.12 14:21:49.034,1.01522,1.01529,1.00,1.00
2016.12.12 14:21:49.570,1.01521,1.0153,1.00,1.50
2016.12.12 14:21:52.057,1.0152,1.0153,1.00,1.69
2016.12.12 14:21:52.564,1.01521,1.01531,1.00,2.44
2016.12.12 14:21:53.647,1.0152,1.01531,1.50,2.44
2016.12.12 14:21:53.850,1.01518,1.01528,2.25,1.31
2016.12.12 14:21:53.952,1.01522,1.01528,1.00,1.12
2016.12.12 14:21:54.472,1.01521,1.01529,1.00,1.00
2016.12.12 14:21:55.382,1.01518,1.01528,4.12,4.35
2016.12.12 14:21:55.536,1.01518,1.01527,1.87,1.12
2016.12.12 14:21:55.587,1.0152,1.01527,1.00,1.12
2016.12.12 14:21:55.942,1.01517,1.01525,1.87,1.00
2016.12.12 14:21:56.247,1.01516,1.01523,1.00,1.00
2016.12.12 14:21:56.782,1.01515,1.01522,1.00,1.00
2016.12.12 14:21:57.390,1.01514,1.01522,1.69,1.00
2016.12.12 14:21:58.257,1.01514,1.01521,1.25,1.00
2016.12.12 14:21:58.665,1.01511,1.0152,1.12,2.25
2016.12.12 14:21:58.868,1.01511,1.01519,1.00,1.50
2016.12.12 14:22:00.525,1.0151,1.01519,1.00,1.50
2016.12.12 14:22:01.673,1.01509,1.0152,2.06,2.62
2016.12.12 14:22:02.006,1.01507,1.01517,1.50,1.50
2016.12.12 14:22:02.530,1.01508,1.01516,1.00,1.00
2016.12.12 14:22:03.036,1.01508,1.01518,1.00,2.06
2016.12.12 14:22:03.189,1.01505,1.01515,2.62,2.81
2016.12.12 14:22:03.240,1.01505,1.01513,1.12,1.72
2016.12.12 14:22:03.396,1.01503,1.01512,1.00,1.12
2016.12.12 14:22:03.448,1.01505,1.01514,1.00,2.06
2016.12.12 14:22:03.961,1.01502,1.01513,2.25,2.25
2016.12.12 14:22:04.483,1.01502,1.01513,1.50,1.50
2016.12.12 14:22:04.585,1.01503,1.01513,1.00,3.94
2016.12.12 14:22:05.094,1.01506,1.01514,1.00,3.19
2016.12.12 14:22:05.298,1.01507,1.01515,1.00,5.34
2016.12.12 14:22:05.812,1.01506,1.01515,1.00,3.24
2016.12.12 14:22:05.926,1.01504,1.01514,1.87,1.31
2016.12.12 14:22:05.977,1.01503,1.01512,3.00,1.00
2016.12.12 14:22:06.282,1.01501,1.01511,1.00,2.62
2016.12.12 14:22:06.434,1.01498,1.01509,2.44,1.50
2016.12.12 14:22:07.147,1.015,1.0151,1.00,1.12
2016.12.12 14:22:07.654,1.01501,1.0151,1.00,1.12
2016.12.12 14:22:07.959,1.01499,1.01508,1.00,1.30
2016.12.12 14:22:08.169,1.01497,1.01502,1.12,1.00
2016.12.12 14:22:08.271,1.01494,1.01502,1.50,1.25
2016.12.12 14:22:08.372,1.01493,1.01502,1.00,1.69
2016.12.12 14:22:08.676,1.01492,1.015,1.00,1.75
2016.12.12 14:22:09.132,1.01494,1.01498,1.50,1.00
2016.12.12 14:22:09.438,1.01501,1.01505,1.00,1.00
2016.12.12 14:22:09.489,1.015,1.01509,1.00,1.75
2016.12.12 14:22:09.591,1.015,1.01509,1.00,1.50
2016.12.12 14:22:10.495,1.01499,1.01509,1.50,2.10
2016.12.12 14:22:10.749,1.01501,1.0151,1.00,2.00
2016.12.12 14:22:11.255,1.01502,1.01512,1.00,3.19
2016.12.12 14:22:11.813,1.01501,1.01512,1.00,3.56
2016.12.12 14:22:12.373,1.01501,1.0151,1.00,3.00
2016.12.12 14:22:12.477,1.01499,1.01508,2.06,1.50
2016.12.12 14:22:14.378,1.015,1.01507,1.00,1.12
2016.12.12 14:22:15.731,1.01501,1.01508,1.00,1.55
2016.12.12 14:22:15.985,1.01504,1.01511,1.00,1.75
2016.12.12 14:22:16.239,1.01507,1.01512,1.00,1.12
2016.12.12 14:22:16.341,1.01508,1.01517,1.00,2.25
2016.12.12 14:22:16.516,1.0151,1.01518,1.00,1.87
2016.12.12 14:22:17.023,1.01509,1.01518,1.50,1.87
2016.12.12 14:22:18.006,1.0151,1.01518,1.00,1.87
2016.12.12 14:22:18.312,1.01514,1.01523,1.00,1.00
2016.12.12 14:22:18.565,1.01512,1.01522,1.12,1.25
2016.12.12 14:22:19.175,1.01512,1.01521,1.25,1.00
2016.12.12 14:22:19.380,1.01515,1.01521,1.31,1.00
2016.12.12 14:22:19.533,1.01517,1.01525,2.25,1.50
2016.12.12 14:22:19.584,1.01518,1.01528,2.44,2.62
2016.12.12 14:22:19.889,1.01522,1.01531,1.00,1.87
2016.12.12 14:22:19.940,1.0152,1.01531,2.44,1.87
2016.12.12 14:22:20.969,1.0152,1.01526,1.00,5.47
2016.12.12 14:22:21.122,1.01514,1.01524,1.00,1.75
2016.12.12 14:22:22.431,1.01513,1.01524,1.25,2.85
2016.12.12 14:22:22.937,1.01511,1.01521,1.87,1.00
2016.12.12 14:22:23.344,1.01514,1.01523,1.00,2.62
2016.12.12 14:22:23.396,1.01514,1.01524,1.50,2.44
2016.12.12 14:22:23.902,1.01514,1.01523,1.00,1.00
2016.12.12 14:22:29.345,1.01513,1.01524,3.00,1.69
2016.12.12 14:22:29.851,1.01513,1.01524,2.25,2.81
2016.12.12 14:22:30.825,1.01512,1.01523,2.81,1.50
2016.12.12 14:22:30.977,1.0151,1.0152,2.44,1.12
2016.12.12 14:22:31.177,1.0151,1.01521,1.69,2.62
2016.12.12 14:22:31.871,1.01511,1.01521,1.00,2.62
2016.12.12 14:22:32.428,1.01512,1.01521,1.00,2.62
2016.12.12 14:22:33.193,1.01511,1.01521,1.00,2.62
2016.12.12 14:22:34.011,1.0151,1.01521,2.44,2.62
2016.12.12 14:22:34.523,1.01511,1.01521,1.00,1.75
2016.12.12 14:22:38.046,1.01512,1.01522,1.00,3.56
2016.12.12 14:22:38.400,1.01512,1.01523,1.50,4.31
2016.12.12 14:22:38.908,1.01512,1.01522,1.00,2.00
2016.12.12 14:22:39.448,1.01511,1.01522,1.50,2.81
2016.12.12 14:22:39.957,1.01511,1.01521,1.50,1.37
2016.12.12 14:22:40.462,1.01512,1.01521,1.00,1.37
2016.12.12 14:22:40.973,1.01511,1.01521,2.25,1.37
2016.12.12 14:22:41.707,1.01512,1.01521,1.00,1.37
2016.12.12 14:22:43.671,1.01511,1.01522,2.25,2.06
2016.12.12 14:22:44.178,1.01512,1.01522,1.00,2.06
2016.12.12 14:22:44.735,1.01511,1.01522,2.25,2.06
2016.12.12 14:22:45.658,1.0151,1.0152,1.69,1.12
2016.12.12 14:22:45.760,1.01509,1.0152,3.19,1.37
2016.12.12 14:22:46.821,1.01511,1.01521,1.00,2.62
2016.12.12 14:22:47.025,1.01514,1.01524,1.50,1.31
2016.12.12 14:22:47.843,1.01513,1.01524,1.50,2.06
2016.12.12 14:22:48.437,1.01512,1.01522,1.31,1.50
2016.12.12 14:22:48.488,1.01511,1.0152,1.37,1.35
2016.12.12 14:22:48.793,1.01506,1.01515,1.69,1.37
2016.12.12 14:22:49.099,1.01508,1.01515,1.00,1.37
2016.12.12 14:22:49.691,1.01508,1.01517,1.00,1.75
2016.12.12 14:22:50.200,1.01507,1.01516,1.00,1.37
2016.12.12 14:22:50.505,1.01509,1.01516,1.00,1.37
2016.12.12 14:22:50.809,1.01506,1.01516,2.44,1.37
2016.12.12 14:22:52.929,1.01505,1.01513,1.00,1.00
2016.12.12 14:22:52.980,1.01505,1.0151,1.00,1.00
2016.12.12 14:22:53.032,1.01502,1.0151,1.12,1.87
2016.12.12 14:22:53.192,1.015,1.01509,1.25,2.25
2016.12.12 14:22:53.496,1.01503,1.01509,1.00,1.00
2016.12.12 14:22:55.221,1.01504,1.01511,3.19,1.12
2016.12.12 14:22:55.474,1.01508,1.01515,1.00,1.87
2016.12.12 14:22:55.980,1.01507,1.01515,1.00,1.00
2016.12.12 14:22:56.498,1.01506,1.01515,1.00,1.00
2016.12.12 14:23:00.565,1.01508,1.01515,1.00,1.00
2016.12.12 14:23:02.321,1.01505,1.01515,1.87,1.00
2016.12.12 14:23:02.424,1.01504,1.01511,1.31,1.00
2016.12.12 14:23:02.526,1.01501,1.01511,2.81,1.50
2016.12.12 14:23:03.032,1.01502,1.01511,1.00,1.00
2016.12.12 14:23:03.632,1.01503,1.01511,1.00,1.00
2016.12.12 14:23:04.140,1.01502,1.01511,1.50,1.00
2016.12.12 14:23:04.445,1.01504,1.01512,1.50,1.37
2016.12.12 14:23:04.597,1.01502,1.01512,1.50,3.00
2016.12.12 14:23:05.102,1.015,1.0151,1.00,1.50
2016.12.12 14:23:05.659,1.01499,1.01509,1.87,1.00
2016.12.12 14:23:05.964,1.01498,1.01508,1.00,2.44
2016.12.12 14:23:06.552,1.01497,1.01508,2.62,2.44
2016.12.12 14:23:07.059,1.01498,1.01508,1.00,2.44
2016.12.12 14:23:07.681,1.01497,1.01507,2.62,1.25
2016.12.12 14:23:09.827,1.01497,1.01504,2.62,1.00
2016.12.12 14:23:09.929,1.01497,1.01506,2.62,1.00
2016.12.12 14:23:10.162,1.01499,1.01506,1.00,1.00
2016.12.12 14:23:10.676,1.01499,1.01508,1.00,1.50
2016.12.12 14:23:10.879,1.01497,1.01508,2.62,2.81
2016.12.12 14:23:11.436,1.01495,1.01504,1.37,1.00
2016.12.12 14:23:11.813,1.01489,1.01496,1.12,1.00
2016.12.12 14:23:11.916,1.01486,1.01496,1.12,1.50
2016.12.12 14:23:12.676,1.01488,1.01498,1.00,2.62
2016.12.12 14:23:13.458,1.01489,1.01498,1.00,2.62
2016.12.12 14:23:13.967,1.0149,1.01498,1.00,1.87
2016.12.12 14:23:14.486,1.01492,1.01499,1.00,2.62
2016.12.12 14:23:14.640,1.01492,1.015,1.00,1.00
2016.12.12 14:23:15.467,1.01491,1.015,1.00,1.00
2016.12.12 14:23:16.271,1.0149,1.01499,1.12,1.00
2016.12.12 14:23:16.322,1.01488,1.01498,1.87,1.69
2016.12.12 14:23:16.516,1.01488,1.01498,1.00,3.56
2016.12.12 14:23:17.034,1.01488,1.01498,1.00,3.56
2016.12.12 14:23:19.112,1.01489,1.01497,1.00,2.06
2016.12.12 14:23:19.367,1.01487,1.01497,1.00,1.62
2016.12.12 14:23:19.624,1.01486,1.01494,2.62,1.00
2016.12.12 14:23:20.087,1.01488,1.01494,1.00,1.00
2016.12.12 14:23:20.447,1.01488,1.01497,1.00,1.50
2016.12.12 14:23:20.970,1.01489,1.01498,1.00,1.87
2016.12.12 14:23:22.647,1.01489,1.01498,1.00,1.87
2016.12.12 14:23:23.175,1.0149,1.01498,1.00,1.12
2016.12.12 14:23:23.277,1.01491,1.01498,1.00,1.00
2016.12.12 14:23:23.531,1.01493,1.01502,1.00,2.81
2016.12.12 14:23:23.582,1.01493,1.01501,1.00,1.00
2016.12.12 14:23:24.110,1.01492,1.01501,1.00,1.00
2016.12.12 14:23:24.618,1.01491,1.01501,1.00,1.50
2016.12.12 14:23:25.127,1.01492,1.01501,1.00,1.50
2016.12.12 14:23:26.053,1.01492,1.015,1.00,1.00
2016.12.12 14:23:26.559,1.01493,1.015,1.00,1.00
2016.12.12 14:23:26.610,1.01495,1.01503,1.00,1.75
2016.12.12 14:23:26.661,1.01492,1.01502,3.19,1.00
2016.12.12 14:23:26.863,1.01494,1.01503,1.00,1.12
2016.12.12 14:23:29.200,1.01493,1.01504,1.87,2.44
2016.12.12 14:23:29.504,1.01492,1.01503,2.44,1.87
2016.12.12 14:23:30.012,1.0149,1.01502,3.19,2.06
2016.12.12 14:23:30.533,1.01492,1.01502,1.00,1.62
2016.12.12 14:23:31.581,1.01491,1.01502,1.87,1.62
2016.12.12 14:23:32.748,1.01493,1.01502,1.50,1.37
2016.12.12 14:23:33.255,1.01493,1.01504,1.87,1.31
2016.12.12 14:23:33.875,1.01494,1.01504,1.00,1.31
2016.12.12 14:23:35.094,1.01493,1.01503,1.50,1.50
2016.12.12 14:23:35.398,1.01489,1.01499,2.44,1.75
2016.12.12 14:23:35.742,1.01492,1.01499,1.00,1.50
2016.12.12 14:23:36.097,1.0149,1.015,1.69,1.50
2016.12.12 14:23:36.575,1.01492,1.015,1.50,1.50
2016.12.12 14:23:36.880,1.01499,1.01508,1.00,1.87
2016.12.12 14:23:37.420,1.01498,1.01508,1.50,1.69
2016.12.12 14:23:38.040,1.01497,1.01508,1.87,2.44
2016.12.12 14:23:38.142,1.01496,1.01507,3.19,1.50
2016.12.12 14:23:38.369,1.01495,1.01506,3.00,2.44
2016.12.12 14:23:38.878,1.01496,1.01506,1.50,1.75
2016.12.12 14:23:42.512,1.01496,1.01506,1.00,1.50
2016.12.12 14:23:45.180,1.01497,1.01506,1.00,1.50
2016.12.12 14:23:45.727,1.01496,1.01506,1.50,1.87
2016.12.12 14:23:46.284,1.01496,1.01505,1.00,1.69
2016.12.12 14:23:47.098,1.01493,1.01504,3.56,1.50
2016.12.12 14:23:47.150,1.01492,1.01502,1.12,2.06
2016.12.12 14:23:47.201,1.01492,1.01502,1.12,2.44
2016.12.12 14:23:47.606,1.01494,1.01502,1.00,1.75
2016.12.12 14:23:47.708,1.01494,1.01503,1.00,1.75
2016.12.12 14:23:50.506,1.01493,1.01503,1.50,1.75
2016.12.12 14:23:51.330,1.01494,1.01503,1.00,1.75
2016.12.12 14:23:51.955,1.01493,1.01503,1.50,1.75
2016.12.12 14:23:52.469,1.01494,1.01503,1.00,1.75
2016.12.12 14:23:53.482,1.01495,1.01504,1.50,2.81
2016.12.12 14:23:53.585,1.01496,1.01505,1.00,3.56
2016.12.12 14:23:54.097,1.01495,1.01505,1.50,2.44
2016.12.12 14:23:54.529,1.01497,1.01506,1.00,1.87
2016.12.12 14:23:54.732,1.01498,1.01506,1.50,1.12
2016.12.12 14:23:59.324,1.01499,1.01507,1.00,1.50
2016.12.12 14:23:59.426,1.01501,1.01509,1.00,1.87
2016.12.12 14:23:59.578,1.01502,1.01508,1.00,1.00
2016.12.12 14:23:59.730,1.01498,1.0151,2.81,3.04
2016.12.12 14:24:00.437,1.01499,1.01509,1.00,1.87
2016.12.12 14:24:01.624,1.01498,1.01509,2.06,2.62
2016.12.12 14:24:02.172,1.01499,1.01508,1.00,1.12
2016.12.12 14:24:04.523,1.01498,1.01509,2.81,1.87
2016.12.12 14:24:04.777,1.01496,1.01506,1.87,1.37
2016.12.12 14:24:04.828,1.01495,1.01506,3.94,1.50
2016.12.12 14:24:05.927,1.01496,1.01505,1.50,1.00
2016.12.12 14:24:07.923,1.01497,1.01506,1.00,1.50
2016.12.12 14:24:08.425,1.01496,1.01506,1.50,1.50
2016.12.12 14:24:10.898,1.01495,1.01503,1.25,1.00
2016.12.12 14:24:11.244,1.01493,1.01503,1.12,1.75
2016.12.12 14:24:11.756,1.01492,1.01503,1.69,1.75
2016.12.12 14:24:12.261,1.01491,1.01502,2.62,2.06
2016.12.12 14:24:13.600,1.01491,1.01501,1.50,1.37
2016.12.12 14:24:13.804,1.01486,1.01497,3.94,1.12
2016.12.12 14:24:13.907,1.01486,1.01497,2.44,1.87
2016.12.12 14:24:14.009,1.01487,1.01497,1.00,2.25
2016.12.12 14:24:14.624,1.01488,1.01497,1.00,2.25
2016.12.12 14:24:15.131,1.01487,1.01497,1.00,2.25
2016.12.12 14:24:15.587,1.0149,1.01498,1.00,1.12
2016.12.12 14:24:15.689,1.01492,1.01498,1.00,1.37
2016.12.12 14:24:15.740,1.01494,1.01502,1.00,4.69
2016.12.12 14:24:15.892,1.01493,1.01502,1.50,1.50
2016.12.12 14:24:16.366,1.01493,1.01502,1.00,2.25
2016.12.12 14:24:16.873,1.01492,1.01502,1.25,2.25
2016.12.12 14:24:18.555,1.01491,1.01502,2.25,2.44
2016.12.12 14:24:18.910,1.01493,1.01501,1.00,1.75
2016.12.12 14:24:19.163,1.01491,1.01501,1.87,1.75
2016.12.12 14:24:19.557,1.01493,1.01501,1.00,1.75
2016.12.12 14:24:19.608,1.01491,1.01502,2.25,2.81
2016.12.12 14:24:19.709,1.01493,1.01502,1.00,2.81
2016.12.12 14:24:20.530,1.01492,1.01502,1.00,2.81
2016.12.12 14:24:21.836,1.01491,1.01501,1.50,1.75
2016.12.12 14:24:23.788,1.01492,1.01501,1.00,2.00
2016.12.12 14:24:27.173,1.01491,1.015,1.00,1.50
2016.12.12 14:24:27.224,1.01489,1.01499,1.50,1.49
2016.12.12 14:24:27.376,1.01486,1.01497,2.06,1.12
2016.12.12 14:24:27.674,1.01489,1.01497,1.00,1.50
2016.12.12 14:24:28.181,1.01488,1.01497,1.00,1.50
2016.12.12 14:24:28.537,1.01486,1.01497,1.31,1.50
2016.12.12 14:24:28.742,1.01486,1.01496,1.25,1.37
2016.12.12 14:24:29.789,1.01484,1.01494,1.87,1.12
2016.12.12 14:24:29.840,1.01484,1.01494,1.00,1.37
2016.12.12 14:24:30.346,1.01485,1.01495,1.00,2.81
2016.12.12 14:24:30.878,1.01484,1.01494,1.00,1.75
2016.12.12 14:24:30.980,1.01482,1.01491,1.00,1.12
2016.12.12 14:24:31.032,1.0148,1.01491,1.69,1.87
2016.12.12 14:24:31.639,1.01481,1.01491,1.00,1.87
2016.12.12 14:24:31.792,1.01478,1.01489,1.00,2.81
2016.12.12 14:24:32.113,1.0148,1.01489,1.00,3.19
2016.12.12 14:24:32.663,1.01481,1.01489,1.00,2.44
2016.12.12 14:24:32.967,1.01479,1.01487,1.00,1.12
2016.12.12 14:24:33.683,1.0148,1.01489,1.00,2.06
2016.12.12 14:24:35.303,1.01481,1.01489,1.00,2.00
2016.12.12 14:24:35.506,1.01483,1.01491,1.00,2.25
2016.12.12 14:24:36.013,1.01482,1.01491,1.00,1.50
2016.12.12 14:24:36.837,1.01483,1.01491,1.50,1.50
2016.12.12 14:24:36.888,1.01485,1.01492,1.00,1.75
2016.12.12 14:24:36.991,1.01485,1.01492,1.50,1.00
2016.12.12 14:24:37.094,1.01487,1.01495,1.00,1.50
2016.12.12 14:24:37.652,1.01488,1.01495,1.00,1.00
2016.12.12 14:24:38.262,1.01489,1.01497,1.00,1.69
2016.12.12 14:24:38.769,1.01488,1.01497,1.00,1.69
2016.12.12 14:24:39.277,1.01487,1.01498,2.25,2.44
2016.12.12 14:24:39.865,1.01488,1.01498,1.50,2.44
2016.12.12 14:24:40.171,1.01494,1.01498,1.00,1.00
2016.12.12 14:24:40.374,1.01494,1.01503,1.00,1.12
2016.12.12 14:24:40.526,1.01496,1.01505,1.00,1.87
2016.12.12 14:24:41.034,1.01495,1.01505,1.87,1.12
2016.12.12 14:24:41.348,1.01491,1.015,1.87,1.00
2016.12.12 14:24:41.451,1.01491,1.015,1.50,1.50
2016.12.12 14:24:41.908,1.0149,1.015,1.12,1.87
2016.12.12 14:24:41.960,1.0149,1.015,1.00,2.25
2016.12.12 14:24:42.469,1.01489,1.01499,2.81,1.50
2016.12.12 14:24:43.131,1.0149,1.01499,1.00,1.12
2016.12.12 14:24:43.436,1.01496,1.01503,2.10,2.25
2016.12.12 14:24:43.590,1.01502,1.01506,1.00,1.12
2016.12.12 14:24:43.692,1.015,1.01509,1.12,1.87
2016.12.12 14:24:43.743,1.015,1.01507,1.00,1.00
2016.12.12 14:24:44.273,1.01496,1.01504,3.00,1.00
2016.12.12 14:24:44.375,1.01495,1.01504,1.50,1.00
2016.12.12 14:24:44.528,1.01496,1.01506,1.87,1.12
2016.12.12 14:24:45.034,1.01497,1.01507,1.00,1.37
2016.12.12 14:24:45.947,1.01495,1.01506,3.75,1.12
2016.12.12 14:24:46.453,1.01498,1.01506,1.69,1.12
2016.12.12 14:24:46.707,1.015,1.01509,1.12,1.00
2016.12.12 14:24:47.237,1.01498,1.01509,1.69,1.87
2016.12.12 14:24:48.585,1.01498,1.01508,1.69,1.00
2016.12.12 14:24:50.438,1.01497,1.01507,2.25,1.00
2016.12.12 14:24:50.602,1.01497,1.01507,1.87,1.12
2016.12.12 14:24:51.108,1.01498,1.01508,1.25,1.00
2016.12.12 14:24:51.614,1.01497,1.01506,1.00,1.00
2016.12.12 14:24:51.818,1.01494,1.01506,5.06,3.00
2016.12.12 14:24:51.920,1.01495,1.01503,1.12,1.00
2016.12.12 14:24:52.194,1.01496,1.01505,1.00,1.50
2016.12.12 14:24:53.624,1.01494,1.01505,3.56,1.12
2016.12.12 14:24:58.085,1.01497,1.01506,1.00,2.25
2016.12.12 14:24:58.436,1.01499,1.01509,1.87,2.62
2016.12.12 14:24:59.722,1.01498,1.01508,1.31,1.50
2016.12.12 14:25:00.206,1.01496,1.01506,1.00,1.37
2016.12.12 14:25:00.511,1.01499,1.01507,1.00,1.69
2016.12.12 14:25:01.019,1.01498,1.01507,1.69,1.12
2016.12.12 14:25:01.536,1.01497,1.01508,1.00,2.06
2016.12.12 14:25:02.836,1.01496,1.01508,1.69,3.19
2016.12.12 14:25:05.411,1.01496,1.01508,1.69,5.06
2016.12.12 14:25:06.945,1.01495,1.01499,1.12,1.00
2016.12.12 14:25:07.047,1.0149,1.01498,1.75,1.00
2016.12.12 14:25:07.149,1.01491,1.01499,1.00,1.00
2016.12.12 14:25:07.250,1.01492,1.01501,1.00,1.31
2016.12.12 14:25:07.555,1.01494,1.01503,1.00,1.50
2016.12.12 14:25:07.862,1.01497,1.01505,1.00,1.37
2016.12.12 14:25:07.913,1.01497,1.01506,1.50,1.75
2016.12.12 14:25:08.321,1.01495,1.01506,1.00,3.75
2016.12.12 14:25:08.474,1.01492,1.01502,1.69,1.12
2016.12.12 14:25:10.449,1.01492,1.01503,2.06,1.87
2016.12.12 14:25:10.805,1.0149,1.015,2.25,1.50
2016.12.12 14:25:10.856,1.0149,1.015,1.12,2.25
2016.12.12 14:25:11.211,1.01492,1.015,1.00,1.87
2016.12.12 14:25:11.718,1.01492,1.015,1.00,1.87
2016.12.12 14:25:15.396,1.01491,1.01501,1.00,1.69
2016.12.12 14:25:16.067,1.0149,1.015,1.00,1.37
2016.12.12 14:25:16.422,1.0149,1.01501,3.37,1.12
2016.12.12 14:25:16.929,1.01492,1.01501,1.00,1.12
2016.12.12 14:25:17.443,1.01491,1.01501,1.12,1.12
2016.12.12 14:25:17.966,1.01492,1.01501,1.00,1.12
2016.12.12 14:25:19.519,1.01493,1.01502,1.00,1.87
2016.12.12 14:25:19.621,1.01495,1.01503,1.00,1.87
2016.12.12 14:25:19.774,1.01496,1.01505,1.00,2.81
2016.12.12 14:25:19.825,1.01494,1.01505,1.00,2.44
2016.12.12 14:25:22.574,1.01494,1.01503,1.00,1.50
2016.12.12 14:25:23.576,1.01496,1.01503,1.00,1.37
2016.12.12 14:25:23.780,1.01496,1.01505,1.00,1.50
2016.12.12 14:25:24.288,1.01496,1.01505,1.00,1.12
2016.12.12 14:25:25.501,1.01497,1.01506,1.00,1.87
2016.12.12 14:25:25.604,1.015,1.01508,1.00,1.50
2016.12.12 14:25:25.655,1.015,1.01508,1.00,1.37
2016.12.12 14:25:26.163,1.015,1.01509,1.50,1.50
2016.12.12 14:25:26.689,1.01502,1.01511,1.12,1.87
2016.12.12 14:25:26.892,1.01501,1.01512,3.19,1.37
2016.12.12 14:25:27.400,1.01501,1.01513,2.06,2.81
2016.12.12 14:25:30.591,1.01502,1.01511,1.00,1.69
2016.12.12 14:25:31.098,1.01501,1.01511,1.87,1.31
2016.12.12 14:25:31.913,1.015,1.0151,1.87,1.12
2016.12.12 14:25:32.015,1.01499,1.0151,3.56,1.87
2016.12.12 14:25:32.560,1.015,1.0151,1.00,1.87
2016.12.12 14:25:33.067,1.01499,1.0151,2.81,1.87
2016.12.12 14:25:35.721,1.015,1.0151,1.00,2.62
2016.12.12 14:25:36.236,1.01498,1.0151,3.19,2.62
2016.12.12 14:25:37.463,1.01502,1.0151,1.00,1.87
2016.12.12 14:25:37.924,1.01499,1.01509,2.06,1.00
2016.12.12 14:25:38.228,1.01501,1.01509,1.00,1.00
2016.12.12 14:25:39.048,1.015,1.01509,1.00,1.00
2016.12.12 14:25:39.352,1.01503,1.01511,1.00,1.69
2016.12.12 14:25:39.555,1.01501,1.01511,2.25,1.69
2016.12.12 14:25:40.087,1.015,1.01508,1.12,1.00
2016.12.12 14:25:40.291,1.01493,1.01504,1.62,1.87
2016.12.12 14:25:40.393,1.01494,1.01504,1.00,2.25
2016.12.12 14:25:40.647,1.01494,1.01505,2.25,1.69
2016.12.12 14:25:41.164,1.01495,1.01505,1.00,1.69
2016.12.12 14:25:41.266,1.01497,1.01507,1.00,2.81
2016.12.12 14:25:41.521,1.015,1.0151,1.12,2.00
2016.12.12 14:25:42.028,1.015,1.0151,1.87,1.69
2016.12.12 14:25:42.632,1.015,1.0151,1.87,1.69
2016.12.12 14:25:42.937,1.01503,1.01511,1.00,1.75
2016.12.12 14:25:42.988,1.01503,1.01511,1.00,1.12
2016.12.12 14:25:44.470,1.01502,1.01512,1.12,1.50
2016.12.12 14:25:45.139,1.01504,1.01513,1.00,2.06
2016.12.12 14:25:45.646,1.01504,1.01514,1.50,2.44
2016.12.12 14:25:47.943,1.01502,1.0151,3.00,1.00
2016.12.12 14:25:48.248,1.01501,1.01506,1.00,2.25
2016.12.12 14:25:48.299,1.01499,1.01506,1.00,2.25
2016.12.12 14:25:48.654,1.01496,1.01506,1.12,1.87
2016.12.12 14:25:48.908,1.01495,1.01505,1.12,1.31
2016.12.12 14:25:49.209,1.01498,1.01507,1.00,1.50
2016.12.12 14:25:49.260,1.01496,1.01507,1.31,1.50
2016.12.12 14:25:49.922,1.01497,1.01507,1.00,2.25
2016.12.12 14:25:50.229,1.01495,1.01506,1.12,2.81
2016.12.12 14:25:51.210,1.01497,1.01507,1.50,3.19
2016.12.12 14:25:52.371,1.01495,1.01506,1.25,2.25
2016.12.12 14:25:52.726,1.01493,1.01502,2.44,1.00
2016.12.12 14:25:53.032,1.0149,1.01497,1.00,1.00
2016.12.12 14:25:53.709,1.0149,1.01499,1.00,2.62
2016.12.12 14:25:55.283,1.01488,1.01499,2.81,1.87
2016.12.12 14:25:55.746,1.01494,1.01499,1.35,1.37
2016.12.12 14:25:55.950,1.01496,1.01504,1.00,1.75
2016.12.12 14:25:56.001,1.01496,1.01504,1.00,1.50
2016.12.12 14:25:56.053,1.01494,1.01504,1.12,1.50
2016.12.12 14:25:56.561,1.01495,1.01505,1.00,1.75
2016.12.12 14:25:59.970,1.01494,1.01505,1.87,1.75
2016.12.12 14:26:00.520,1.01495,1.01505,1.00,1.75
2016.12.12 14:26:00.910,1.01496,1.01506,1.00,1.50
2016.12.12 14:26:01.416,1.01497,1.01507,1.00,1.50
2016.12.12 14:26:02.448,1.01498,1.01507,1.00,1.50
2016.12.12 14:26:02.600,1.015,1.01509,1.00,1.87
2016.12.12 14:26:02.955,1.01499,1.01509,1.12,1.87
2016.12.12 14:26:03.850,1.015,1.01509,1.12,1.12
2016.12.12 14:26:04.711,1.01501,1.01511,1.00,3.19
2016.12.12 14:26:05.065,1.01502,1.01512,1.37,1.12
2016.12.12 14:26:06.236,1.01504,1.01514,1.42,3.00
2016.12.12 14:26:07.561,1.01504,1.01512,1.50,1.00
2016.12.12 14:26:07.662,1.01503,1.01514,1.12,2.81
2016.12.12 14:26:07.764,1.01502,1.01514,3.19,2.81
2016.12.12 14:26:08.270,1.01503,1.01514,1.50,3.00
2016.12.12 14:26:08.571,1.01507,1.01516,1.00,2.25
2016.12.12 14:26:08.674,1.01507,1.01517,1.12,1.87
2016.12.12 14:26:08.977,1.01506,1.01517,1.25,3.00
2016.12.12 14:26:09.483,1.01507,1.01516,1.00,2.25
2016.12.12 14:26:10.021,1.01507,1.01516,1.00,1.50
2016.12.12 14:26:11.069,1.01507,1.01517,1.31,1.12
2016.12.12 14:26:12.086,1.01507,1.01518,2.06,2.25
2016.12.12 14:26:14.472,1.0151,1.01519,1.00,1.87
2016.12.12 14:26:15.013,1.01508,1.01519,2.44,1.12
2016.12.12 14:26:16.880,1.01508,1.01519,2.44,1.12
2016.12.12 14:26:17.817,1.01508,1.01518,1.69,1.00
2016.12.12 14:26:22.029,1.01509,1.01519,1.12,1.87
2016.12.12 14:26:22.601,1.01509,1.01519,1.00,2.25
2016.12.12 14:26:23.233,1.01508,1.01519,1.31,2.25
2016.12.12 14:26:23.722,1.01506,1.01514,1.50,1.00
2016.12.12 14:26:23.773,1.01504,1.01514,1.00,1.87
2016.12.12 14:26:23.875,1.01501,1.0151,3.00,1.00
2016.12.12 14:26:23.977,1.01499,1.01511,3.56,1.37
2016.12.12 14:26:24.497,1.01501,1.01512,1.12,3.19
2016.12.12 14:26:26.028,1.015,1.01511,2.44,1.00
2016.12.12 14:26:27.806,1.01499,1.01509,2.06,1.00
2016.12.12 14:26:28.312,1.01499,1.01508,1.31,1.12
2016.12.12 14:26:32.480,1.01499,1.01508,1.31,4.87
2016.12.12 14:26:33.976,1.01498,1.01507,1.50,1.12
2016.12.12 14:26:34.521,1.01498,1.01507,1.00,1.12
2016.12.12 14:26:35.738,1.01496,1.01508,4.31,3.37
2016.12.12 14:26:36.272,1.01496,1.01507,4.31,1.12
2016.12.12 14:26:36.588,1.01501,1.01507,1.12,1.12
2016.12.12 14:26:36.843,1.01503,1.01511,1.00,1.12
2016.12.12 14:26:37.304,1.01504,1.01513,1.00,1.12
2016.12.12 14:26:37.811,1.01504,1.01514,1.37,2.62
2016.12.12 14:26:39.479,1.01504,1.01513,1.00,2.25
2016.12.12 14:26:39.632,1.01502,1.01511,3.19,1.12
2016.12.12 14:26:42.463,1.01502,1.01511,1.00,1.12
2016.12.12 14:26:42.774,1.01496,1.01506,2.06,1.87
2016.12.12 14:26:43.281,1.01497,1.01506,1.00,1.87
2016.12.12 14:26:44.469,1.01498,1.01506,1.00,1.87
2016.12.12 14:26:44.918,1.01498,1.01507,1.12,1.50
2016.12.12 14:26:45.779,1.01497,1.01507,2.25,1.50
2016.12.12 14:26:46.502,1.01498,1.01507,1.00,1.50
2016.12.12 14:26:47.746,1.015,1.01507,1.00,1.00
2016.12.12 14:26:48.288,1.015,1.01508,1.00,1.12
2016.12.12 14:26:50.516,1.01501,1.01509,1.00,1.50
2016.12.12 14:26:50.618,1.01499,1.01509,1.50,1.50
2016.12.12 14:26:51.149,1.015,1.01509,1.00,1.50
2016.12.12 14:26:51.824,1.01499,1.01509,2.25,2.25
2016.12.12 14:26:54.221,1.015,1.01509,1.00,2.25
2016.12.12 14:26:54.746,1.01499,1.01509,1.50,2.25
2016.12.12 14:26:55.051,1.01497,1.01507,2.25,1.50
2016.12.12 14:26:55.153,1.01501,1.01507,1.00,1.50
2016.12.12 14:26:55.305,1.01501,1.01509,1.00,1.50
2016.12.12 14:26:55.760,1.01499,1.01509,1.12,2.25
2016.12.12 14:27:01.311,1.015,1.01509,1.00,1.50
2016.12.12 14:27:02.484,1.01499,1.01508,1.12,1.12
2016.12.12 14:27:03.022,1.01499,1.01508,1.37,1.12
2016.12.12 14:27:03.175,1.01502,1.01508,1.00,1.12
2016.12.12 14:27:03.630,1.01501,1.0151,1.12,2.44
2016.12.12 14:27:04.137,1.01502,1.01511,1.00,2.06
2016.12.12 14:27:04.658,1.01499,1.01508,1.12,1.69
2016.12.12 14:27:04.912,1.01498,1.01507,1.25,1.50
2016.12.12 14:27:05.728,1.01498,1.01506,1.00,1.12
2016.12.12 14:27:06.494,1.01497,1.01506,1.12,1.12
2016.12.12 14:27:07.027,1.01498,1.01506,1.00,1.12
2016.12.12 14:27:07.573,1.01497,1.01506,1.50,1.50
2016.12.12 14:27:10.518,1.01498,1.01506,1.00,1.50
2016.12.12 14:27:11.128,1.01499,1.01506,1.00,1.12
2016.12.12 14:27:11.230,1.01497,1.01507,1.12,1.50
2016.12.12 14:27:11.382,1.01499,1.01507,1.00,1.50
2016.12.12 14:27:12.293,1.01498,1.01507,1.50,1.50
2016.12.12 14:27:12.597,1.015,1.01508,1.00,1.50
2016.12.12 14:27:13.123,1.015,1.01508,1.00,1.12
2016.12.12 14:27:13.773,1.015,1.01509,1.00,2.25
2016.12.12 14:27:14.281,1.015,1.01508,1.00,1.00
2016.12.12 14:27:15.197,1.01503,1.01509,1.00,1.50
2016.12.12 14:27:15.451,1.01505,1.01513,1.00,1.00
2016.12.12 14:27:16.002,1.01504,1.01513,1.00,1.12
2016.12.12 14:27:17.224,1.01504,1.01512,1.00,1.12
2016.12.12 14:27:17.673,1.01506,1.01514,1.00,1.12
2016.12.12 14:27:17.927,1.01503,1.01512,2.44,1.00
2016.12.12 14:27:18.433,1.01502,1.01512,1.31,2.25
2016.12.12 14:27:19.332,1.01503,1.01512,1.25,1.50
2016.12.12 14:27:19.883,1.01502,1.01512,2.06,2.25
2016.12.12 14:27:23.920,1.01503,1.01512,1.25,1.87
2016.12.12 14:27:25.211,1.01502,1.01511,1.31,1.00
2016.12.12 14:27:25.314,1.01499,1.01508,2.62,2.06
2016.12.12 14:27:25.365,1.01496,1.01506,2.00,1.50
2016.12.12 14:27:25.467,1.01496,1.01506,1.31,1.87
2016.12.12 14:27:25.979,1.01496,1.01507,1.69,3.75
2016.12.12 14:27:26.081,1.01496,1.01505,1.69,1.00
2016.12.12 14:27:26.621,1.01496,1.01506,1.69,1.00
2016.12.12 14:27:26.940,1.01495,1.01504,1.19,1.00
2016.12.12 14:27:27.094,1.01496,1.01506,1.25,2.25
2016.12.12 14:27:27.536,1.01498,1.01508,1.00,3.56
2016.12.12 14:27:27.941,1.015,1.01509,1.00,3.00
2016.12.12 14:27:28.042,1.01501,1.0151,1.87,1.25
2016.12.12 14:27:29.660,1.015,1.01511,1.87,2.81
2016.12.12 14:27:30.168,1.01501,1.01511,1.00,2.44
2016.12.12 14:27:30.704,1.01502,1.01511,1.00,2.44
2016.12.12 14:27:31.124,1.01505,1.01513,1.00,1.12
2016.12.12 14:27:31.281,1.01506,1.01515,1.50,1.87
2016.12.12 14:27:31.383,1.01507,1.01515,1.00,1.12
2016.12.12 14:27:31.890,1.01506,1.01516,1.50,1.12
2016.12.12 14:27:32.570,1.01505,1.01515,2.00,2.25
2016.12.12 14:27:32.672,1.01504,1.01515,2.44,2.62
2016.12.12 14:27:33.628,1.01504,1.01515,2.25,1.31
2016.12.12 14:27:33.901,1.01503,1.01512,1.25,1.12
2016.12.12 14:27:34.156,1.01501,1.01512,1.12,1.69
2016.12.12 14:27:34.208,1.01503,1.01512,1.00,2.81
2016.12.12 14:27:34.563,1.01501,1.01512,1.12,2.06
2016.12.12 14:27:35.372,1.01502,1.01512,1.00,1.69
2016.12.12 14:27:35.474,1.01504,1.01513,1.00,1.87
2016.12.12 14:27:35.780,1.01507,1.01516,1.12,1.50
2016.12.12 14:27:36.285,1.01506,1.01516,1.12,1.50
2016.12.12 14:27:37.067,1.01504,1.01512,1.87,1.00
2016.12.12 14:27:37.372,1.01499,1.01507,1.50,1.00
2016.12.12 14:27:37.423,1.015,1.01509,1.00,2.44
2016.12.12 14:27:38.183,1.015,1.01508,1.00,1.12
2016.12.12 14:27:38.721,1.01499,1.01509,1.50,2.06
2016.12.12 14:27:39.270,1.01501,1.01509,1.00,1.25
2016.12.12 14:27:40.022,1.01501,1.0151,1.00,1.12
2016.12.12 14:27:40.471,1.01504,1.01511,1.00,1.00
2016.12.12 14:27:40.522,1.01502,1.01513,1.31,2.62
2016.12.12 14:27:48.725,1.01501,1.01511,2.25,1.00
2016.12.12 14:27:49.268,1.01501,1.01511,1.00,1.87
2016.12.12 14:27:53.222,1.01502,1.0151,1.00,1.50
2016.12.12 14:27:53.953,1.01501,1.0151,1.50,1.00
2016.12.12 14:27:58.619,1.01502,1.0151,1.00,1.00
2016.12.12 14:27:59.286,1.01501,1.0151,1.50,1.00
2016.12.12 14:28:00.231,1.01501,1.0151,1.50,1.50
2016.12.12 14:28:02.321,1.01499,1.0151,3.56,1.87
2016.12.12 14:28:03.518,1.015,1.0151,1.25,4.12
2016.12.12 14:28:04.223,1.01498,1.01508,1.00,1.69
2016.12.12 14:28:04.987,1.01497,1.01507,1.87,1.12
2016.12.12 14:28:05.795,1.01497,1.01506,1.37,1.12
2016.12.12 14:28:05.948,1.01496,1.01506,1.69,1.50
2016.12.12 14:28:06.514,1.01497,1.01506,1.00,1.50
2016.12.12 14:28:07.172,1.01496,1.01506,1.69,1.50
2016.12.12 14:28:07.825,1.01497,1.01506,1.00,1.50
2016.12.12 14:28:11.624,1.01498,1.01506,1.00,1.50
2016.12.12 14:28:12.610,1.01497,1.01507,2.25,1.12
2016.12.12 14:28:13.150,1.01498,1.01507,1.12,1.87
2016.12.12 14:28:14.615,1.01497,1.01507,1.50,1.12
2016.12.12 14:28:15.120,1.01496,1.01507,2.81,1.87
2016.12.12 14:28:15.828,1.01499,1.01507,1.00,1.37
2016.12.12 14:28:17.277,1.01497,1.01507,2.44,1.37
2016.12.12 14:28:22.326,1.01499,1.01506,1.00,1.12
2016.12.12 14:28:23.019,1.01498,1.01506,1.00,1.12
2016.12.12 14:28:23.869,1.01497,1.01506,1.00,1.12
2016.12.12 14:28:25.822,1.01498,1.01506,1.00,1.12
2016.12.12 14:28:26.541,1.01499,1.01506,1.00,1.12
2016.12.12 14:28:27.134,1.01498,1.01506,1.00,1.12
2016.12.12 14:28:28.219,1.015,1.01506,1.00,1.12
2016.12.12 14:28:28.523,1.01504,1.01513,1.50,1.12
2016.12.12 14:28:28.624,1.01505,1.01514,1.12,2.06
2016.12.12 14:28:29.158,1.01504,1.01513,1.87,1.12
2016.12.12 14:28:30.390,1.01505,1.01513,1.00,1.50
2016.12.12 14:28:32.061,1.01502,1.01513,2.06,1.50
2016.12.12 14:28:32.112,1.01501,1.01511,3.37,1.00
2016.12.12 14:28:32.417,1.015,1.01508,1.25,1.50
2016.12.12 14:28:32.721,1.01501,1.0151,1.00,2.25
2016.12.12 14:28:33.230,1.01501,1.01509,1.00,1.12
2016.12.12 14:28:34.839,1.015,1.01509,1.69,1.50
2016.12.12 14:28:35.348,1.01501,1.01509,1.00,1.50
2016.12.12 14:28:36.163,1.015,1.01509,1.25,1.50
2016.12.12 14:28:36.719,1.015,1.01508,1.25,1.50
2016.12.12 14:28:37.728,1.015,1.01508,1.69,1.50
2016.12.12 14:28:38.238,1.015,1.01508,1.25,1.00
2016.12.12 14:28:42.931,1.01499,1.01507,2.44,1.00
2016.12.12 14:28:44.924,1.01501,1.01508,2.06,1.37
2016.12.12 14:28:44.975,1.01502,1.01511,1.25,1.50
2016.12.12 14:28:45.026,1.01504,1.01512,1.00,1.50
2016.12.12 14:28:45.331,1.01505,1.01515,1.69,1.87
2016.12.12 14:28:46.648,1.01507,1.01515,1.00,1.87
2016.12.12 14:28:47.272,1.01506,1.01515,1.50,1.87
2016.12.12 14:28:48.872,1.01504,1.01515,1.50,4.31
2016.12.12 14:28:48.924,1.01504,1.01513,1.50,2.25
2016.12.12 14:28:49.249,1.01502,1.01508,1.12,1.75
2016.12.12 14:28:49.552,1.015,1.01509,1.00,3.19
2016.12.12 14:28:49.755,1.01501,1.01509,1.00,2.44
2016.12.12 14:28:50.572,1.01502,1.01509,1.00,1.69
2016.12.12 14:28:51.077,1.01502,1.0151,1.00,2.44
2016.12.12 14:28:57.069,1.01503,1.01509,1.35,1.00
2016.12.12 14:28:57.171,1.01505,1.01511,1.00,1.37
2016.12.12 14:28:57.272,1.01506,1.01514,1.00,1.50
2016.12.12 14:28:57.782,1.01506,1.01514,1.00,1.37
2016.12.12 14:28:58.950,1.01506,1.01514,1.69,1.00
2016.12.12 14:28:59.309,1.01508,1.01514,1.00,1.00
2016.12.12 14:28:59.822,1.01508,1.01515,1.00,1.00
2016.12.12 14:29:03.120,1.01507,1.01515,1.00,1.00
2016.12.12 14:29:03.646,1.01508,1.01515,1.00,1.00
2016.12.12 14:29:05.113,1.01507,1.01516,1.87,1.50
2016.12.12 14:29:05.418,1.01503,1.0151,1.50,1.12
2016.12.12 14:29:05.632,1.01502,1.0151,1.00,1.00
2016.12.12 14:29:05.784,1.01499,1.01509,1.31,1.00
