2009.08.31 11:00:00.624,1.0622,1.06235,3.20,11.30
2009.08.31 11:00:01.644,1.0622,1.06235,3.30,11.30
2009.08.31 11:00:02.053,1.0623,1.06235,2.00,1.00
2009.08.31 11:00:02.393,1.06225,1.06235,3.20,1.00
2009.08.31 11:00:02.723,1.0623,1.06245,1.60,7.60
2009.08.31 11:00:03.123,1.06235,1.06245,2.00,7.20
2009.08.31 11:00:03.863,1.06235,1.06245,1.00,8.80
2009.08.31 11:00:04.213,1.0623,1.06245,1.60,8.80
2009.08.31 11:00:04.563,1.0623,1.06245,1.60,12.80
2009.08.31 11:00:04.902,1.0623,1.0624,1.60,4.80
2009.08.31 11:00:11.291,1.0623,1.0624,1.60,7.20
2009.08.31 11:00:11.521,1.0623,1.0624,1.60,8.00
2009.08.31 11:00:11.821,1.0623,1.0624,1.60,4.80
2009.08.31 11:00:23.608,1.06225,1.0624,5.20,6.80
2009.08.31 11:00:23.958,1.0623,1.0624,1.00,2.40
2009.08.31 11:00:24.348,1.06225,1.0624,2.00,7.20
2009.08.31 11:00:27.347,1.0622,1.06235,4.80,3.50
2009.08.31 11:00:27.687,1.0622,1.06235,4.40,5.10
2009.08.31 11:00:27.927,1.0622,1.06235,4.40,9.90
2009.08.31 11:00:29.197,1.0622,1.06235,4.40,10.00
2009.08.31 11:00:29.946,1.0622,1.06235,3.60,10.00
2009.08.31 11:00:33.176,1.0622,1.06235,3.60,5.20
2009.08.31 11:00:33.516,1.0622,1.06235,3.60,5.20
2009.08.31 11:00:34.215,1.06225,1.0624,2.00,7.70
2009.08.31 11:00:34.565,1.06225,1.0624,2.00,6.80
2009.08.31 11:00:34.905,1.06225,1.0624,2.00,2.00
2009.08.31 11:00:35.246,1.06225,1.0624,2.00,2.90
2009.08.31 11:00:35.545,1.06225,1.0624,2.00,3.70
2009.08.31 11:00:35.785,1.06225,1.0624,2.00,2.10
2009.08.31 11:00:37.695,1.06225,1.0624,2.00,2.90
2009.08.31 11:00:37.985,1.06225,1.0624,2.00,3.70
2009.08.31 11:00:38.265,1.06225,1.0624,2.00,8.50
2009.08.31 11:00:44.293,1.06225,1.0624,1.60,8.50
2009.08.31 11:00:46.003,1.06225,1.06235,1.60,1.00
2009.08.31 11:00:46.703,1.06225,1.06235,1.60,1.50
2009.08.31 11:00:47.053,1.06225,1.06235,1.60,4.80
2009.08.31 11:00:48.262,1.0622,1.06235,2.80,11.60
2009.08.31 11:00:48.592,1.0622,1.0623,1.20,2.00
2009.08.31 11:00:48.882,1.06215,1.0623,1.60,6.80
2009.08.31 11:00:49.792,1.0622,1.0623,1.60,4.80
2009.08.31 11:00:50.142,1.0622,1.06235,2.00,17.60
2009.08.31 11:00:50.481,1.0622,1.0623,2.00,4.80
2009.08.31 11:00:52.231,1.0622,1.0623,1.60,4.80
2009.08.31 11:00:56.950,1.0622,1.06235,1.60,7.50
2009.08.31 11:00:57.170,1.0622,1.0623,1.60,4.80
2009.08.31 11:00:58.849,1.0622,1.0623,2.00,4.80
2009.08.31 11:00:59.249,1.0622,1.0623,1.60,4.80
2009.08.31 11:00:59.479,1.0622,1.06235,1.60,13.90
2009.08.31 11:00:59.989,1.0622,1.0623,1.60,4.80
2009.08.31 11:01:15.526,1.0622,1.0623,1.70,4.80
2009.08.31 11:01:15.766,1.0622,1.06235,2.80,6.40
2009.08.31 11:01:16.125,1.06225,1.0624,1.60,17.90
2009.08.31 11:01:17.525,1.06225,1.06235,1.60,8.60
2009.08.31 11:01:17.875,1.06225,1.06235,1.60,4.80
2009.08.31 11:01:18.885,1.06225,1.0624,1.60,17.90
2009.08.31 11:01:19.525,1.06225,1.0624,1.60,11.50
2009.08.31 11:01:19.815,1.06225,1.0624,1.60,6.70
2009.08.31 11:01:20.454,1.06225,1.0624,1.60,11.50
2009.08.31 11:01:21.214,1.06225,1.0624,1.60,8.10
2009.08.31 11:01:21.434,1.0623,1.0624,2.40,1.60
2009.08.31 11:01:23.114,1.0623,1.06245,2.40,17.90
2009.08.31 11:01:25.383,1.0623,1.0624,2.40,1.60
2009.08.31 11:01:25.673,1.0623,1.0624,1.60,1.60
2009.08.31 11:01:25.963,1.0623,1.0624,1.60,9.60
2009.08.31 11:01:26.243,1.0622,1.0623,1.70,4.80
2009.08.31 11:01:26.543,1.0622,1.0623,4.10,4.80
2009.08.31 11:01:26.893,1.0622,1.0623,1.00,4.80
2009.08.31 11:01:27.223,1.0622,1.0623,1.00,1.60
2009.08.31 11:01:29.962,1.06215,1.0622,1.00,1.60
2009.08.31 11:01:30.132,1.06215,1.0622,1.60,1.60
2009.08.31 11:01:30.432,1.0621,1.0622,3.30,1.60
2009.08.31 11:01:31.922,1.0621,1.0622,3.30,1.60
2009.08.31 11:01:32.152,1.0621,1.0622,2.50,1.60
2009.08.31 11:01:39.790,1.0621,1.0622,2.20,1.60
2009.08.31 11:01:40.520,1.0621,1.0622,1.90,1.60
2009.08.31 11:01:41.509,1.0621,1.0622,1.00,1.60
2009.08.31 11:01:45.388,1.06205,1.0621,1.90,1.60
2009.08.31 11:01:45.618,1.062,1.06215,6.80,2.80
2009.08.31 11:01:45.899,1.062,1.0621,5.60,1.60
2009.08.31 11:01:46.188,1.062,1.0621,2.10,1.60
2009.08.31 11:01:48.248,1.062,1.0621,1.00,1.60
2009.08.31 11:01:48.488,1.062,1.06205,1.00,1.60
2009.08.31 11:01:52.927,1.06205,1.06225,1.60,15.20
2009.08.31 11:01:54.206,1.06205,1.0622,1.70,15.20
2009.08.31 11:01:56.326,1.06205,1.06215,1.70,1.60
2009.08.31 11:01:59.155,1.062,1.0621,3.30,8.00
2009.08.31 11:02:08.463,1.062,1.0621,1.00,12.50
2009.08.31 11:02:08.743,1.062,1.06205,1.00,1.60
2009.08.31 11:02:09.083,1.06195,1.06205,3.70,1.00
2009.08.31 11:02:09.422,1.06195,1.0621,3.70,9.30
2009.08.31 11:02:09.763,1.06195,1.0621,3.70,5.00
2009.08.31 11:02:10.052,1.062,1.0621,1.00,4.50
2009.08.31 11:02:10.332,1.06195,1.0621,3.70,4.50
2009.08.31 11:02:10.622,1.062,1.0621,2.00,2.10
2009.08.31 11:02:10.912,1.062,1.0621,1.60,4.90
2009.08.31 11:02:11.262,1.062,1.0621,2.10,1.60
2009.08.31 11:02:14.292,1.062,1.0621,2.10,2.50
2009.08.31 11:02:14.741,1.062,1.06205,1.00,1.60
2009.08.31 11:02:14.961,1.06195,1.062,1.70,1.60
2009.08.31 11:02:15.181,1.06195,1.06205,1.70,1.60
2009.08.31 11:02:16.082,1.06195,1.06205,1.00,1.60
2009.08.31 11:02:16.861,1.062,1.06205,1.00,1.60
2009.08.31 11:02:17.141,1.062,1.0621,1.70,5.40
2009.08.31 11:02:17.441,1.062,1.0621,2.10,4.90
2009.08.31 11:02:17.740,1.062,1.0621,1.00,4.90
2009.08.31 11:02:21.780,1.062,1.0621,1.00,1.60
2009.08.31 11:02:22.110,1.062,1.0621,1.70,1.60
2009.08.31 11:02:22.459,1.062,1.0621,2.10,1.60
2009.08.31 11:02:23.499,1.062,1.06215,2.10,11.30
2009.08.31 11:02:23.669,1.062,1.0621,1.70,8.00
2009.08.31 11:02:24.129,1.062,1.0621,2.10,4.80
2009.08.31 11:02:24.469,1.06205,1.0621,1.00,4.80
2009.08.31 11:02:24.879,1.062,1.0621,11.30,1.60
2009.08.31 11:02:25.229,1.0621,1.0622,2.00,5.50
2009.08.31 11:02:25.689,1.0621,1.06215,2.10,1.00
2009.08.31 11:02:26.079,1.0621,1.0622,2.10,2.10
2009.08.31 11:02:26.418,1.0621,1.0622,2.00,2.10
2009.08.31 11:02:31.237,1.062,1.0621,2.40,2.10
2009.08.31 11:02:31.587,1.06195,1.0621,14.90,2.10
2009.08.31 11:02:31.877,1.06205,1.06215,1.00,11.20
2009.08.31 11:02:32.227,1.062,1.0621,1.00,4.80
2009.08.31 11:02:33.087,1.062,1.0621,1.00,1.60
2009.08.31 11:02:33.367,1.062,1.0621,1.70,1.60
2009.08.31 11:02:33.956,1.062,1.0621,1.00,1.60
2009.08.31 11:02:34.246,1.062,1.06205,1.00,1.60
2009.08.31 11:02:36.716,1.062,1.0621,1.00,1.60
2009.08.31 11:02:37.416,1.06195,1.0621,4.80,2.40
2009.08.31 11:02:43.264,1.0619,1.06205,15.60,2.40
2009.08.31 11:02:43.544,1.0619,1.062,5.30,2.10
2009.08.31 11:02:43.875,1.0619,1.062,1.70,2.10
2009.08.31 11:02:44.534,1.0619,1.06195,1.70,1.60
2009.08.31 11:02:45.064,1.0619,1.062,1.70,2.10
2009.08.31 11:02:46.094,1.0619,1.062,1.00,2.10
2009.08.31 11:02:46.444,1.0619,1.062,1.00,2.10
2009.08.31 11:02:49.383,1.0619,1.062,1.00,1.60
2009.08.31 11:02:49.673,1.0619,1.062,1.00,2.10
2009.08.31 11:02:49.953,1.06185,1.06195,3.30,1.20
2009.08.31 11:02:50.243,1.06185,1.062,3.70,4.80
2009.08.31 11:02:50.583,1.06185,1.062,8.10,2.50
2009.08.31 11:02:50.933,1.06185,1.062,12.90,2.50
2009.08.31 11:02:52.232,1.0619,1.062,1.00,2.50
2009.08.31 11:02:55.552,1.0619,1.06205,2.40,10.00
2009.08.31 11:02:55.882,1.062,1.0621,1.60,2.50
2009.08.31 11:02:56.231,1.062,1.0621,1.60,1.60
2009.08.31 11:02:56.591,1.062,1.0621,1.60,1.00
2009.08.31 11:02:57.921,1.062,1.06215,6.80,6.40
2009.08.31 11:02:58.271,1.062,1.06215,6.00,6.40
2009.08.31 11:02:58.611,1.062,1.06215,5.20,1.60
2009.08.31 11:02:59.651,1.062,1.06215,6.80,1.60
2009.08.31 11:03:00.920,1.062,1.06215,5.70,2.40
2009.08.31 11:03:01.210,1.06195,1.0621,3.70,5.00
2009.08.31 11:03:01.510,1.06195,1.0621,3.60,5.00
2009.08.31 11:03:01.790,1.06195,1.0621,3.70,5.00
2009.08.31 11:03:02.480,1.06195,1.0621,3.60,5.00
2009.08.31 11:03:03.050,1.06195,1.0621,2.90,5.00
2009.08.31 11:03:03.230,1.06195,1.0621,2.10,5.00
2009.08.31 11:03:03.460,1.06195,1.0621,2.10,2.60
2009.08.31 11:03:03.699,1.06205,1.06215,1.60,4.80
2009.08.31 11:03:03.870,1.062,1.0621,2.50,4.50
2009.08.31 11:03:04.219,1.062,1.0621,1.70,2.10
2009.08.31 11:03:04.559,1.062,1.06215,1.70,2.50
2009.08.31 11:03:04.949,1.062,1.06215,4.10,2.50
2009.08.31 11:03:05.249,1.06205,1.0622,1.70,14.20
2009.08.31 11:03:05.549,1.06205,1.0622,2.10,11.80
2009.08.31 11:03:06.809,1.0621,1.06225,1.60,11.30
2009.08.31 11:03:07.389,1.0621,1.06225,1.60,9.70
2009.08.31 11:03:09.428,1.06205,1.06215,2.00,1.00
2009.08.31 11:03:10.748,1.06205,1.0622,2.10,11.00
2009.08.31 11:03:10.988,1.06205,1.0622,2.10,11.80
2009.08.31 11:03:12.417,1.0621,1.0622,1.60,4.80
2009.08.31 11:03:12.697,1.0621,1.06225,1.60,12.80
2009.08.31 11:03:14.987,1.0621,1.06225,1.60,8.00
2009.08.31 11:03:15.287,1.0621,1.06225,4.80,8.00
2009.08.31 11:03:19.356,1.0621,1.06225,1.60,8.00
2009.08.31 11:03:19.526,1.0621,1.06225,1.60,8.40
2009.08.31 11:03:20.016,1.0621,1.0622,1.60,4.80
2009.08.31 11:03:24.234,1.0621,1.06225,1.60,12.80
2009.08.31 11:03:25.974,1.0621,1.06225,1.70,12.80
2009.08.31 11:03:26.274,1.0621,1.06225,1.70,9.70
2009.08.31 11:03:26.844,1.0621,1.0622,1.70,4.80
2009.08.31 11:03:27.194,1.0622,1.0623,2.80,2.40
2009.08.31 11:03:27.554,1.06215,1.0622,1.60,2.10
2009.08.31 11:03:27.894,1.06205,1.0622,2.10,4.50
2009.08.31 11:03:28.294,1.0621,1.0622,1.60,1.00
2009.08.31 11:03:28.464,1.0621,1.0622,1.60,1.10
2009.08.31 11:03:28.824,1.0621,1.0622,1.60,1.00
2009.08.31 11:03:29.603,1.0621,1.0622,1.60,8.10
2009.08.31 11:03:29.843,1.06205,1.0622,2.10,9.30
2009.08.31 11:03:30.123,1.06205,1.0622,2.10,4.50
2009.08.31 11:03:30.513,1.06205,1.0622,2.10,5.00
2009.08.31 11:03:30.863,1.06205,1.0622,2.10,9.80
2009.08.31 11:03:31.223,1.06205,1.0622,2.10,9.50
2009.08.31 11:03:31.573,1.06205,1.0622,2.80,9.30
2009.08.31 11:03:31.873,1.0621,1.0622,1.70,2.90
2009.08.31 11:03:32.272,1.0621,1.06225,1.70,8.90
2009.08.31 11:03:32.552,1.0621,1.06225,1.70,7.30
2009.08.31 11:03:34.492,1.0621,1.06225,1.60,9.70
2009.08.31 11:03:34.792,1.0621,1.0622,1.60,1.00
2009.08.31 11:03:36.082,1.0621,1.06225,2.20,4.80
2009.08.31 11:03:36.482,1.0621,1.06225,2.20,6.40
2009.08.31 11:03:37.131,1.0621,1.06225,2.40,6.40
2009.08.31 11:03:38.051,1.0621,1.06225,3.20,6.40
2009.08.31 11:03:38.391,1.0621,1.06225,4.00,6.40
2009.08.31 11:03:39.821,1.0621,1.06225,2.40,6.40
2009.08.31 11:03:40.741,1.0621,1.06225,2.20,8.80
2009.08.31 11:03:40.961,1.0621,1.0622,1.60,1.00
2009.08.31 11:03:45.110,1.0621,1.0622,1.60,3.30
2009.08.31 11:03:45.430,1.0621,1.0622,1.60,8.00
2009.08.31 11:03:47.169,1.0621,1.0622,1.60,8.20
2009.08.31 11:03:48.549,1.0621,1.06215,1.60,1.00
2009.08.31 11:03:50.028,1.06205,1.06215,2.00,1.00
2009.08.31 11:03:56.977,1.06205,1.06215,1.60,1.00
2009.08.31 11:04:20.611,1.062,1.0621,4.50,1.60
2009.08.31 11:04:21.471,1.06205,1.06215,1.00,2.40
2009.08.31 11:04:21.821,1.06205,1.06215,4.80,2.50
2009.08.31 11:04:22.171,1.06205,1.06215,1.60,2.50
2009.08.31 11:04:22.870,1.062,1.0621,4.50,1.60
2009.08.31 11:04:24.470,1.062,1.0621,2.90,1.60
2009.08.31 11:04:24.700,1.062,1.0621,2.80,1.60
2009.08.31 11:04:24.930,1.062,1.0621,2.00,1.60
2009.08.31 11:04:25.160,1.0619,1.06205,15.30,2.10
2009.08.31 11:04:25.390,1.06195,1.062,1.00,1.60
2009.08.31 11:04:25.690,1.06195,1.06205,1.00,1.60
2009.08.31 11:04:31.458,1.06195,1.06205,1.00,1.60
2009.08.31 11:04:31.798,1.06195,1.0621,4.00,1.60
2009.08.31 11:04:32.488,1.06195,1.06205,2.40,1.60
2009.08.31 11:04:33.118,1.062,1.06205,1.00,1.60
2009.08.31 11:04:39.067,1.06195,1.06205,2.40,1.60
2009.08.31 11:04:52.163,1.062,1.06205,1.00,1.60
2009.08.31 11:04:53.743,1.062,1.0621,1.00,1.60
2009.08.31 11:04:55.913,1.06205,1.0621,1.00,1.60
2009.08.31 11:04:56.202,1.06205,1.06215,1.00,1.60
2009.08.31 11:04:56.682,1.0621,1.0622,1.60,4.80
2009.08.31 11:04:56.913,1.0621,1.0622,1.60,4.50
2009.08.31 11:04:57.132,1.06205,1.06215,2.40,1.60
2009.08.31 11:04:57.352,1.06205,1.06215,1.70,1.60
2009.08.31 11:04:57.942,1.06205,1.06215,1.00,1.60
2009.08.31 11:05:04.910,1.06205,1.0621,1.00,1.60
2009.08.31 11:05:05.140,1.06205,1.06215,1.00,1.60
2009.08.31 11:05:06.900,1.06205,1.0621,1.00,1.60
2009.08.31 11:05:07.880,1.06205,1.06215,1.00,1.60
2009.08.31 11:05:09.049,1.06205,1.06215,1.00,1.60
2009.08.31 11:05:09.929,1.06205,1.0621,1.00,1.60
2009.08.31 11:05:10.209,1.062,1.06205,1.00,1.60
2009.08.31 11:05:10.379,1.062,1.0621,2.50,1.60
2009.08.31 11:05:10.559,1.062,1.0621,4.80,1.60
2009.08.31 11:05:10.899,1.06205,1.0621,1.00,1.60
2009.08.31 11:05:12.069,1.06205,1.0621,1.00,1.60
2009.08.31 11:05:15.528,1.06205,1.0621,1.00,1.60
2009.08.31 11:05:15.818,1.06205,1.06215,1.20,1.60
2009.08.31 11:05:15.998,1.0621,1.0622,2.00,4.20
2009.08.31 11:05:16.178,1.0621,1.0622,1.00,4.20
2009.08.31 11:05:16.508,1.06205,1.06215,1.00,1.60
2009.08.31 11:05:18.068,1.06205,1.06215,1.60,1.60
2009.08.31 11:05:18.297,1.062,1.06215,9.30,1.60
2009.08.31 11:05:19.027,1.06205,1.06215,1.00,1.60
2009.08.31 11:05:28.735,1.062,1.06215,10.40,1.60
2009.08.31 11:05:29.145,1.06205,1.06215,4.80,1.60
2009.08.31 11:05:30.604,1.06205,1.06215,1.60,1.60
2009.08.31 11:05:30.934,1.06205,1.0621,1.00,1.60
2009.08.31 11:05:31.274,1.062,1.0621,6.40,1.60
2009.08.31 11:05:32.364,1.062,1.0621,5.60,1.60
2009.08.31 11:05:32.644,1.062,1.0621,4.80,1.60
2009.08.31 11:05:34.493,1.06195,1.0621,12.90,1.60
2009.08.31 11:05:34.963,1.062,1.0621,1.70,1.60
2009.08.31 11:05:37.333,1.062,1.06215,4.80,1.60
2009.08.31 11:05:37.553,1.062,1.0621,6.40,1.60
2009.08.31 11:05:37.913,1.062,1.06215,10.10,1.60
2009.08.31 11:05:38.972,1.06205,1.06215,1.00,1.60
2009.08.31 11:05:41.961,1.06205,1.06215,1.00,1.60
2009.08.31 11:05:44.891,1.0621,1.0622,1.60,4.80
2009.08.31 11:05:54.419,1.0621,1.0622,1.60,8.00
2009.08.31 11:05:54.529,1.06205,1.0622,1.60,18.10
2009.08.31 11:05:54.698,1.062,1.06215,7.20,1.60
2009.08.31 11:05:55.228,1.062,1.06215,6.40,1.60
2009.08.31 11:05:55.918,1.062,1.06215,7.20,1.60
2009.08.31 11:05:57.128,1.062,1.06215,7.20,1.70
2009.08.31 11:05:58.917,1.062,1.06215,6.40,1.70
2009.08.31 11:05:59.677,1.062,1.06215,6.90,1.70
2009.08.31 11:05:59.847,1.06205,1.0622,1.60,15.20
2009.08.31 11:06:01.067,1.06205,1.0622,1.70,15.20
2009.08.31 11:06:01.587,1.06205,1.06215,1.00,2.40
2009.08.31 11:06:01.937,1.062,1.0621,1.00,10.10
2009.08.31 11:06:02.267,1.062,1.0621,2.50,2.90
2009.08.31 11:06:02.666,1.062,1.0621,1.00,4.50
2009.08.31 11:06:02.906,1.062,1.06215,4.80,7.10
2009.08.31 11:06:03.196,1.062,1.06215,5.30,2.40
2009.08.31 11:06:03.426,1.06205,1.0622,1.60,16.00
2009.08.31 11:06:04.006,1.06205,1.0622,1.70,16.00
2009.08.31 11:06:04.476,1.06205,1.0622,1.70,15.20
2009.08.31 11:06:05.236,1.06195,1.0621,6.50,4.80
2009.08.31 11:06:05.416,1.062,1.0621,1.00,4.50
2009.08.31 11:06:05.636,1.062,1.0621,1.00,5.00
2009.08.31 11:06:05.866,1.062,1.0621,1.60,1.00
2009.08.31 11:06:06.086,1.062,1.06215,1.60,2.60
2009.08.31 11:06:06.655,1.062,1.06215,5.60,1.60
2009.08.31 11:06:07.365,1.062,1.06215,10.40,1.60
2009.08.31 11:06:07.935,1.06205,1.06215,1.00,1.60
2009.08.31 11:06:17.113,1.062,1.0621,7.20,1.60
2009.08.31 11:06:17.383,1.062,1.0621,4.80,1.60
2009.08.31 11:06:17.623,1.062,1.0621,1.00,1.60
2009.08.31 11:06:23.271,1.062,1.0621,3.30,1.60
2009.08.31 11:06:23.442,1.062,1.06215,12.00,1.60
2009.08.31 11:06:23.681,1.062,1.06215,11.20,1.60
2009.08.31 11:06:23.801,1.062,1.06215,10.40,1.60
2009.08.31 11:06:24.911,1.062,1.06215,10.40,1.70
2009.08.31 11:06:25.621,1.062,1.06215,12.00,1.70
2009.08.31 11:06:25.851,1.062,1.06215,12.00,1.60
2009.08.31 11:06:27.111,1.06205,1.06215,1.00,1.60
2009.08.31 11:06:28.420,1.062,1.06215,12.00,1.60
2009.08.31 11:06:28.940,1.06205,1.06215,1.00,1.60
2009.08.31 11:06:36.458,1.0621,1.0622,1.60,8.80
2009.08.31 11:06:36.808,1.0621,1.0622,1.60,1.60
2009.08.31 11:06:37.158,1.0621,1.06225,1.60,12.00
2009.08.31 11:06:38.088,1.0621,1.0622,2.50,1.00
2009.08.31 11:06:38.428,1.0621,1.0622,3.30,1.00
2009.08.31 11:06:39.397,1.0621,1.0622,2.50,1.00
2009.08.31 11:06:39.747,1.0621,1.0622,1.70,1.00
2009.08.31 11:06:41.487,1.0621,1.0622,1.60,1.30
2009.08.31 11:06:41.717,1.06205,1.0622,4.00,5.30
2009.08.31 11:06:41.947,1.06205,1.0622,3.70,5.00
2009.08.31 11:06:42.467,1.0621,1.0622,2.00,1.00
2009.08.31 11:06:42.697,1.0621,1.0622,1.20,4.50
2009.08.31 11:06:42.927,1.06205,1.0622,3.70,4.90
2009.08.31 11:06:43.467,1.0621,1.06225,2.80,8.00
2009.08.31 11:06:43.697,1.0621,1.06225,2.80,3.20
2009.08.31 11:06:44.226,1.0621,1.06225,2.80,2.40
2009.08.31 11:06:44.526,1.0621,1.06225,2.80,1.60
2009.08.31 11:06:45.096,1.06215,1.06225,1.00,1.60
2009.08.31 11:06:45.846,1.06215,1.06225,1.00,2.50
2009.08.31 11:06:46.196,1.0621,1.0622,1.00,1.60
2009.08.31 11:06:46.666,1.06205,1.0622,4.40,1.60
2009.08.31 11:06:48.436,1.0621,1.06225,1.60,11.80
2009.08.31 11:06:48.726,1.0621,1.0622,1.30,1.60
2009.08.31 11:06:49.005,1.0621,1.0622,1.00,1.60
2009.08.31 11:06:50.335,1.0621,1.06215,1.00,1.60
2009.08.31 11:06:51.085,1.06205,1.06215,2.10,1.60
2009.08.31 11:06:51.725,1.06205,1.06215,1.00,1.60
2009.08.31 11:06:54.334,1.0621,1.0622,1.60,2.10
2009.08.31 11:06:54.504,1.0621,1.0622,2.00,2.10
2009.08.31 11:06:54.624,1.0621,1.06215,1.00,1.60
2009.08.31 11:06:54.746,1.0621,1.06215,1.00,1.60
2009.08.31 11:06:54.864,1.0621,1.06215,1.00,1.60
2009.08.31 11:06:55.274,1.0621,1.06225,3.20,3.20
2009.08.31 11:06:55.624,1.0621,1.06225,8.80,1.60
2009.08.31 11:06:55.973,1.06215,1.06225,1.00,1.60
2009.08.31 11:06:56.323,1.0621,1.06215,1.00,1.60
2009.08.31 11:06:56.654,1.0621,1.06215,1.70,1.60
2009.08.31 11:06:58.733,1.0621,1.06215,1.00,1.60
2009.08.31 11:07:02.442,1.0621,1.06215,1.00,1.60
2009.08.31 11:07:02.612,1.0621,1.0622,2.10,1.60
2009.08.31 11:07:02.832,1.0621,1.06215,1.00,1.60
2009.08.31 11:07:04.242,1.06205,1.06215,6.90,1.60
2009.08.31 11:07:04.531,1.06205,1.06215,1.30,1.60
2009.08.31 11:07:04.812,1.06205,1.06215,1.00,1.60
2009.08.31 11:07:10.320,1.0621,1.0622,1.60,2.50
2009.08.31 11:07:10.600,1.06205,1.0622,2.10,4.90
2009.08.31 11:07:11.400,1.06205,1.06215,1.00,1.60
2009.08.31 11:07:12.590,1.06205,1.0622,2.10,4.90
2009.08.31 11:07:15.299,1.06205,1.0622,3.60,2.50
2009.08.31 11:07:15.519,1.0621,1.0622,2.80,1.00
2009.08.31 11:07:15.699,1.0621,1.0622,1.00,4.90
2009.08.31 11:07:15.879,1.06205,1.0622,6.90,4.90
2009.08.31 11:07:16.109,1.06205,1.0622,2.10,4.90
2009.08.31 11:07:16.758,1.0621,1.0622,1.00,1.60
2009.08.31 11:07:21.348,1.0621,1.06225,1.70,11.80
2009.08.31 11:07:21.517,1.0621,1.06225,2.10,11.80
2009.08.31 11:07:21.637,1.0621,1.06225,2.90,5.40
2009.08.31 11:07:22.038,1.0621,1.0622,1.00,1.60
2009.08.31 11:07:27.496,1.0621,1.06225,1.70,12.70
2009.08.31 11:07:27.786,1.0621,1.06225,2.10,6.20
2009.08.31 11:07:28.136,1.0621,1.0622,1.00,4.50
2009.08.31 11:07:28.426,1.06205,1.0622,2.90,4.50
2009.08.31 11:07:28.766,1.06205,1.0622,2.10,4.50
2009.08.31 11:07:30.515,1.06205,1.0622,2.10,5.00
2009.08.31 11:07:30.745,1.06205,1.0622,2.10,4.50
2009.08.31 11:07:37.364,1.0621,1.0622,1.60,1.00
2009.08.31 11:07:37.594,1.0621,1.0622,1.00,4.90
2009.08.31 11:07:37.864,1.06205,1.0622,2.10,4.90
2009.08.31 11:07:38.103,1.06205,1.0622,4.90,4.90
2009.08.31 11:07:38.683,1.06205,1.0622,2.10,4.90
2009.08.31 11:07:49.531,1.06205,1.0622,2.10,5.10
2009.08.31 11:07:49.760,1.06205,1.0622,2.10,5.40
2009.08.31 11:07:49.981,1.06205,1.0622,2.10,5.40
2009.08.31 11:07:52.510,1.06205,1.0622,2.10,4.90
2009.08.31 11:08:13.415,1.0621,1.0622,2.00,1.00
2009.08.31 11:08:13.525,1.0621,1.0622,2.80,1.00
2009.08.31 11:08:13.645,1.0621,1.0622,2.80,2.90
2009.08.31 11:08:13.755,1.06205,1.0622,6.00,4.50
2009.08.31 11:08:13.815,1.06205,1.0622,5.60,4.90
2009.08.31 11:08:13.875,1.06205,1.0622,2.10,4.90
2009.08.31 11:08:16.384,1.06205,1.06215,2.00,1.00
2009.08.31 11:08:16.564,1.06205,1.06215,1.00,2.10
2009.08.31 11:08:16.904,1.062,1.06215,8.10,2.10
2009.08.31 11:08:17.254,1.062,1.06215,1.70,2.10
2009.08.31 11:08:27.612,1.062,1.06215,4.80,1.60
2009.08.31 11:08:27.851,1.06205,1.06215,1.70,1.60
2009.08.31 11:08:28.071,1.0621,1.0622,1.00,1.60
2009.08.31 11:08:28.301,1.0621,1.0622,1.60,1.60
2009.08.31 11:08:29.631,1.06205,1.0622,1.70,1.60
2009.08.31 11:08:29.971,1.06205,1.0622,9.20,1.60
2009.08.31 11:08:30.261,1.06205,1.06215,4.80,1.60
2009.08.31 11:08:30.561,1.06205,1.06215,9.20,1.60
2009.08.31 11:08:31.251,1.06205,1.0621,4.80,1.00
2009.08.31 11:08:31.591,1.062,1.0621,3.60,7.20
2009.08.31 11:08:31.930,1.062,1.0621,1.70,2.10
2009.08.31 11:08:32.271,1.062,1.0621,1.00,1.60
2009.08.31 11:08:36.949,1.06195,1.062,4.80,1.60
2009.08.31 11:08:37.239,1.062,1.06205,1.60,1.00
2009.08.31 11:08:37.569,1.06205,1.06215,1.60,1.00
2009.08.31 11:08:37.859,1.062,1.06215,8.60,1.60
2009.08.31 11:08:38.259,1.062,1.06215,3.80,1.60
2009.08.31 11:08:39.009,1.06205,1.06215,1.60,1.60
2009.08.31 11:08:39.299,1.06205,1.0622,1.60,4.80
2009.08.31 11:08:40.548,1.06215,1.0622,1.00,1.60
2009.08.31 11:08:40.828,1.0621,1.0622,2.90,1.60
2009.08.31 11:08:41.498,1.062,1.0621,7.20,1.60
2009.08.31 11:08:41.848,1.062,1.06215,7.20,1.60
2009.08.31 11:08:42.178,1.06205,1.06215,1.60,1.60
2009.08.31 11:08:42.578,1.062,1.06215,11.90,1.60
2009.08.31 11:08:43.608,1.062,1.06215,13.50,1.60
2009.08.31 11:08:44.067,1.062,1.06215,14.30,1.60
2009.08.31 11:08:44.917,1.062,1.06215,7.30,1.60
2009.08.31 11:08:46.477,1.062,1.06215,8.00,1.60
2009.08.31 11:08:51.636,1.06205,1.06215,1.10,1.60
2009.08.31 11:08:51.986,1.06205,1.06215,2.70,1.60
2009.08.31 11:08:52.366,1.062,1.0621,2.80,1.60
2009.08.31 11:08:52.716,1.062,1.0621,7.20,1.60
2009.08.31 11:08:56.844,1.062,1.0621,4.80,1.60
2009.08.31 11:08:59.197,1.062,1.06215,10.20,1.60
2009.08.31 11:08:59.367,1.062,1.0621,4.80,1.60
2009.08.31 11:09:01.726,1.0621,1.0622,1.00,1.60
2009.08.31 11:09:01.966,1.06205,1.0622,2.30,1.60
2009.08.31 11:09:03.136,1.06205,1.0622,2.40,1.60
2009.08.31 11:09:04.886,1.06205,1.0622,3.20,1.60
2009.08.31 11:09:05.116,1.06205,1.0622,4.90,1.60
2009.08.31 11:09:05.346,1.0621,1.0622,1.00,1.60
2009.08.31 11:09:05.626,1.06215,1.0622,1.00,1.60
2009.08.31 11:09:10.174,1.06205,1.0622,4.80,1.60
2009.08.31 11:09:10.394,1.06205,1.06215,4.80,1.60
2009.08.31 11:09:10.915,1.06205,1.0622,3.30,1.60
2009.08.31 11:09:11.274,1.06205,1.0622,2.50,1.60
2009.08.31 11:09:12.304,1.06205,1.06215,1.00,1.60
2009.08.31 11:09:12.664,1.062,1.06215,14.40,1.60
2009.08.31 11:09:14.114,1.06205,1.06215,1.60,1.60
2009.08.31 11:09:14.464,1.06205,1.0622,2.40,1.60
2009.08.31 11:09:16.123,1.06205,1.0622,2.50,1.60
2009.08.31 11:09:18.572,1.0621,1.0622,2.40,1.60
2009.08.31 11:09:18.733,1.0621,1.0622,3.20,1.60
2009.08.31 11:09:18.852,1.0621,1.06225,4.80,4.80
2009.08.31 11:09:19.012,1.0621,1.06225,4.80,6.40
2009.08.31 11:09:19.172,1.0621,1.06225,5.60,6.40
2009.08.31 11:09:19.332,1.0621,1.06225,5.60,1.60
2009.08.31 11:09:19.952,1.0621,1.06225,6.10,1.60
2009.08.31 11:09:20.302,1.06215,1.0622,1.00,1.60
2009.08.31 11:09:20.692,1.06225,1.0623,1.00,2.50
2009.08.31 11:09:21.042,1.0622,1.06225,1.00,1.60
2009.08.31 11:09:21.382,1.06215,1.0623,8.80,2.10
2009.08.31 11:09:21.742,1.06215,1.06225,4.80,1.60
2009.08.31 11:09:24.951,1.0621,1.06225,4.80,1.60
2009.08.31 11:09:28.680,1.0621,1.06215,4.80,8.00
2009.08.31 11:09:28.890,1.0619,1.0621,2.40,1.60
2009.08.31 11:09:29.050,1.062,1.06215,1.00,3.90
2009.08.31 11:09:29.280,1.06195,1.0621,3.60,1.00
2009.08.31 11:09:29.460,1.06195,1.06205,1.60,1.60
2009.08.31 11:09:29.840,1.06185,1.062,4.80,1.60
2009.08.31 11:09:30.910,1.06185,1.062,6.40,1.60
2009.08.31 11:09:31.250,1.06185,1.062,4.80,1.60
2009.08.31 11:09:31.599,1.0619,1.06205,1.60,1.60
2009.08.31 11:09:32.629,1.0619,1.06205,6.40,1.60
2009.08.31 11:09:32.929,1.0619,1.06205,4.80,1.60
2009.08.31 11:09:33.219,1.0619,1.06205,7.10,1.60
2009.08.31 11:09:33.809,1.06195,1.062,1.00,1.60
2009.08.31 11:09:34.169,1.06195,1.0621,2.00,11.30
2009.08.31 11:09:39.107,1.06195,1.06205,1.60,4.80
2009.08.31 11:09:39.987,1.0619,1.062,1.60,1.60
2009.08.31 11:09:40.157,1.0619,1.062,2.40,1.60
2009.08.31 11:09:40.397,1.0619,1.062,3.20,1.60
2009.08.31 11:09:40.857,1.0619,1.062,5.60,1.60
2009.08.31 11:09:41.087,1.0619,1.06205,5.70,7.20
2009.08.31 11:09:41.387,1.0619,1.06205,5.70,6.40
2009.08.31 11:09:41.717,1.0619,1.062,1.70,1.60
2009.08.31 11:09:50.925,1.06195,1.062,1.00,1.60
2009.08.31 11:09:52.304,1.0619,1.062,1.70,1.60
2009.08.31 11:09:52.644,1.0619,1.06205,4.40,6.40
2009.08.31 11:09:52.764,1.0619,1.06205,5.20,6.40
2009.08.31 11:09:54.114,1.0619,1.06205,3.60,6.40
2009.08.31 11:09:57.323,1.0619,1.062,3.60,1.60
2009.08.31 11:09:58.353,1.06195,1.062,1.00,1.60
2009.08.31 11:09:58.593,1.06195,1.06205,1.00,1.60
2009.08.31 11:10:02.222,1.0619,1.06205,5.20,1.60
2009.08.31 11:10:02.442,1.0619,1.06205,5.20,6.40
2009.08.31 11:10:02.672,1.0619,1.06205,3.60,6.40
2009.08.31 11:10:04.971,1.0619,1.06205,3.50,6.40
2009.08.31 11:10:05.151,1.0619,1.062,2.70,1.60
2009.08.31 11:10:05.381,1.0619,1.062,3.10,1.60
2009.08.31 11:10:05.611,1.0619,1.062,3.60,1.60
2009.08.31 11:10:10.530,1.0619,1.06195,1.00,1.60
2009.08.31 11:10:12.729,1.0619,1.06195,1.00,1.60
2009.08.31 11:10:12.899,1.0619,1.062,1.70,1.60
2009.08.31 11:10:13.299,1.0619,1.06195,1.00,1.60
2009.08.31 11:10:14.299,1.0619,1.06195,1.00,1.60
2009.08.31 11:10:14.759,1.0619,1.06195,2.40,1.60
2009.08.31 11:10:16.038,1.0619,1.06195,1.00,1.60
2009.08.31 11:10:16.658,1.0619,1.062,1.70,1.60
2009.08.31 11:10:17.008,1.06195,1.062,2.40,1.60
2009.08.31 11:10:17.398,1.06195,1.062,3.20,1.60
2009.08.31 11:10:17.728,1.062,1.0622,1.60,21.60
2009.08.31 11:10:18.068,1.06195,1.0621,3.10,1.60
2009.08.31 11:10:22.027,1.06195,1.062,3.10,1.60
2009.08.31 11:10:22.367,1.06195,1.062,3.20,1.60
2009.08.31 11:10:22.667,1.06195,1.062,3.10,1.60
2009.08.31 11:10:22.897,1.06195,1.062,3.20,1.60
2009.08.31 11:10:23.007,1.06195,1.062,3.10,1.60
2009.08.31 11:10:23.357,1.06195,1.062,3.20,1.60
2009.08.31 11:10:23.477,1.06195,1.062,3.10,1.60
2009.08.31 11:10:23.817,1.06195,1.062,3.20,1.60
2009.08.31 11:10:23.937,1.06195,1.062,3.10,1.60
2009.08.31 11:10:25.316,1.06195,1.06205,3.20,1.60
2009.08.31 11:10:25.486,1.062,1.0621,1.60,4.80
2009.08.31 11:10:25.926,1.06195,1.062,3.20,1.60
2009.08.31 11:10:26.216,1.06195,1.062,3.10,1.60
2009.08.31 11:10:28.666,1.062,1.0621,1.60,4.80
2009.08.31 11:10:29.015,1.062,1.06215,2.30,4.80
2009.08.31 11:10:29.395,1.06205,1.06215,2.30,4.80
2009.08.31 11:10:29.685,1.0621,1.0622,1.60,7.20
2009.08.31 11:10:30.025,1.06205,1.06215,7.20,1.60
2009.08.31 11:10:30.655,1.06205,1.0621,3.10,1.60
2009.08.31 11:10:32.275,1.06205,1.06215,4.70,1.60
2009.08.31 11:10:32.615,1.0621,1.06215,2.40,1.60
2009.08.31 11:10:32.855,1.0621,1.0622,2.40,1.60
2009.08.31 11:10:33.134,1.0621,1.0622,1.90,1.60
2009.08.31 11:10:33.404,1.06215,1.06225,1.40,3.20
2009.08.31 11:10:33.694,1.0622,1.06235,1.60,16.80
2009.08.31 11:10:34.044,1.0622,1.0623,1.60,1.60
2009.08.31 11:10:34.384,1.0622,1.06225,1.00,1.60
2009.08.31 11:10:34.724,1.062,1.06225,18.50,1.60
2009.08.31 11:10:35.074,1.06205,1.06225,4.00,1.60
2009.08.31 11:10:36.924,1.06205,1.0622,17.50,1.60
2009.08.31 11:10:37.273,1.06205,1.0622,12.70,1.60
2009.08.31 11:10:38.083,1.0621,1.0622,3.90,1.60
2009.08.31 11:10:39.743,1.06205,1.0622,11.10,1.60
2009.08.31 11:10:42.672,1.0621,1.06225,3.90,6.40
2009.08.31 11:10:42.952,1.0621,1.0622,3.90,1.60
2009.08.31 11:10:46.761,1.06205,1.06225,15.10,1.60
2009.08.31 11:10:47.921,1.06205,1.06225,15.20,1.60
2009.08.31 11:10:48.831,1.06205,1.06215,13.60,1.60
2009.08.31 11:10:48.881,1.0621,1.06215,4.80,1.60
2009.08.31 11:10:49.230,1.06205,1.06215,13.60,1.60
2009.08.31 11:10:50.430,1.06215,1.06235,1.00,4.80
2009.08.31 11:10:50.941,1.06215,1.06225,1.00,1.60
2009.08.31 11:10:51.350,1.0622,1.0624,2.60,4.80
2009.08.31 11:10:51.690,1.0622,1.06245,3.40,11.60
2009.08.31 11:10:52.040,1.0622,1.06245,3.20,11.60
2009.08.31 11:10:52.380,1.0622,1.0624,3.10,11.60
2009.08.31 11:10:52.720,1.0622,1.0624,2.60,11.60
2009.08.31 11:10:53.060,1.0622,1.0624,4.20,11.60
2009.08.31 11:10:53.459,1.06225,1.06235,1.00,1.00
2009.08.31 11:10:53.820,1.06225,1.0623,2.80,1.00
2009.08.31 11:10:54.160,1.0623,1.06235,1.00,1.00
2009.08.31 11:10:55.209,1.06225,1.06235,1.60,1.00
2009.08.31 11:10:56.069,1.06225,1.06235,1.60,1.60
2009.08.31 11:10:57.508,1.0622,1.0623,12.30,1.60
2009.08.31 11:10:57.789,1.0622,1.06235,9.20,1.60
2009.08.31 11:10:58.069,1.0622,1.06235,4.40,1.60
2009.08.31 11:10:58.348,1.0622,1.0623,3.20,1.60
2009.08.31 11:10:58.568,1.0622,1.0623,3.70,4.80
2009.08.31 11:10:58.968,1.0622,1.0623,3.00,1.60
2009.08.31 11:10:59.319,1.0622,1.0623,2.90,1.60
2009.08.31 11:10:59.648,1.0622,1.0623,3.00,1.60
2009.08.31 11:10:59.988,1.0622,1.0623,2.50,1.60
2009.08.31 11:11:00.898,1.0622,1.0623,2.60,1.60
2009.08.31 11:11:01.178,1.0622,1.0623,3.00,1.60
2009.08.31 11:11:01.518,1.0622,1.0623,3.50,1.60
2009.08.31 11:11:02.777,1.0622,1.0623,7.90,1.60
2009.08.31 11:11:03.127,1.0622,1.0623,10.70,1.60
2009.08.31 11:11:03.407,1.0622,1.0623,8.40,1.60
2009.08.31 11:11:03.517,1.0622,1.0623,4.40,1.60
2009.08.31 11:11:03.917,1.0622,1.0623,4.50,1.60
2009.08.31 11:11:04.037,1.0622,1.0623,4.40,1.60
2009.08.31 11:11:05.057,1.06225,1.0623,3.60,1.60
2009.08.31 11:11:05.347,1.0623,1.0625,1.60,18.50
2009.08.31 11:11:05.567,1.0622,1.06235,15.80,1.60
2009.08.31 11:11:05.857,1.0622,1.06235,13.50,1.60
2009.08.31 11:11:06.096,1.0622,1.06235,13.30,1.60
2009.08.31 11:11:06.456,1.0622,1.0624,16.70,1.60
2009.08.31 11:11:06.806,1.0622,1.06235,12.30,1.60
2009.08.31 11:11:07.157,1.06225,1.06235,1.60,1.60
2009.08.31 11:11:08.196,1.06225,1.06235,1.70,1.60
2009.08.31 11:11:08.726,1.0622,1.0623,12.30,1.60
2009.08.31 11:11:10.285,1.0623,1.0624,1.60,4.80
2009.08.31 11:11:10.585,1.06225,1.0623,4.80,1.60
2009.08.31 11:11:10.886,1.0622,1.0623,12.40,1.60
2009.08.31 11:11:11.245,1.0622,1.06235,12.40,1.60
2009.08.31 11:11:11.535,1.0622,1.0623,12.40,1.60
2009.08.31 11:11:12.125,1.0622,1.0623,12.00,1.60
2009.08.31 11:11:16.234,1.06225,1.06235,4.90,1.60
2009.08.31 11:11:16.474,1.0623,1.0624,2.10,1.60
2009.08.31 11:11:16.774,1.0623,1.0624,2.20,1.60
2009.08.31 11:11:17.464,1.0623,1.0624,2.30,1.60
2009.08.31 11:11:17.844,1.0623,1.0624,1.70,1.60
2009.08.31 11:11:18.194,1.06225,1.0623,1.00,1.60
2009.08.31 11:11:20.453,1.06225,1.0623,3.20,1.60
2009.08.31 11:11:21.273,1.06225,1.0623,4.00,1.60
2009.08.31 11:11:21.453,1.0623,1.0625,1.60,20.00
2009.08.31 11:11:21.743,1.0622,1.06235,4.80,1.60
2009.08.31 11:11:22.033,1.0622,1.06235,2.60,1.60
2009.08.31 11:11:22.992,1.0622,1.0623,3.30,1.60
2009.08.31 11:11:24.842,1.0622,1.0623,3.50,1.60
2009.08.31 11:11:25.362,1.0622,1.0623,3.20,1.60
2009.08.31 11:11:26.621,1.0622,1.0623,3.30,1.60
2009.08.31 11:11:28.051,1.0622,1.0623,3.40,1.60
2009.08.31 11:11:29.171,1.0622,1.0623,2.20,1.60
2009.08.31 11:11:29.411,1.0622,1.0623,3.00,1.60
2009.08.31 11:11:29.641,1.0622,1.0625,9.00,23.90
2009.08.31 11:11:29.871,1.06225,1.0624,1.60,1.60
2009.08.31 11:11:32.230,1.06225,1.0624,1.60,4.30
2009.08.31 11:11:33.710,1.0623,1.0624,1.60,3.50
2009.08.31 11:11:33.830,1.0623,1.0624,1.60,2.40
2009.08.31 11:11:33.880,1.0623,1.0624,1.60,1.60
2009.08.31 11:11:34.340,1.06225,1.0624,1.60,4.00
2009.08.31 11:11:39.029,1.0623,1.0624,1.00,4.00
2009.08.31 11:11:39.369,1.0623,1.0624,2.00,1.60
2009.08.31 11:11:40.698,1.0623,1.0624,2.20,1.60
2009.08.31 11:11:41.038,1.0623,1.0624,1.70,1.60
2009.08.31 11:11:43.987,1.0623,1.0624,1.00,14.00
2009.08.31 11:11:44.217,1.0623,1.06235,1.00,4.80
2009.08.31 11:11:44.457,1.0622,1.0623,9.70,1.60
2009.08.31 11:11:44.677,1.0622,1.0623,8.90,1.60
2009.08.31 11:11:46.637,1.06225,1.0623,1.00,1.60
2009.08.31 11:11:49.946,1.0623,1.06235,1.00,4.80
2009.08.31 11:11:50.446,1.0623,1.06235,1.00,3.20
2009.08.31 11:11:54.745,1.06235,1.0624,1.60,8.00
2009.08.31 11:11:55.025,1.06235,1.06245,1.60,4.80
2009.08.31 11:11:55.675,1.0623,1.0624,1.60,1.60
2009.08.31 11:11:56.024,1.0623,1.0624,2.70,1.60
2009.08.31 11:11:56.365,1.0623,1.06245,3.20,1.60
2009.08.31 11:11:56.715,1.06225,1.0624,16.40,1.60
2009.08.31 11:11:57.005,1.0623,1.06245,3.20,6.40
2009.08.31 11:11:57.344,1.0623,1.06245,3.20,1.60
2009.08.31 11:11:58.264,1.0623,1.06245,4.00,1.60
2009.08.31 11:11:58.544,1.0623,1.06245,4.20,1.60
2009.08.31 11:11:59.714,1.0623,1.06245,4.60,1.60
2009.08.31 11:12:00.283,1.0623,1.06245,4.20,1.60
2009.08.31 11:12:01.773,1.06235,1.06245,1.60,1.60
2009.08.31 11:12:02.823,1.0624,1.0625,2.00,4.80
2009.08.31 11:12:03.163,1.0625,1.06255,1.60,1.60
2009.08.31 11:12:03.393,1.0625,1.06255,1.60,1.00
2009.08.31 11:12:03.513,1.0625,1.0626,1.60,1.60
2009.08.31 11:12:03.943,1.0625,1.0626,1.60,4.00
2009.08.31 11:12:04.292,1.06245,1.06255,1.60,1.60
2009.08.31 11:12:04.972,1.06245,1.0626,1.60,4.00
2009.08.31 11:12:06.202,1.0625,1.0626,1.60,3.20
2009.08.31 11:12:06.492,1.06245,1.0626,1.60,2.40
2009.08.31 11:12:10.521,1.06245,1.0626,1.60,2.30
2009.08.31 11:12:10.811,1.06245,1.0626,1.60,2.40
2009.08.31 11:12:12.780,1.0625,1.0626,2.40,1.60
2009.08.31 11:12:13.630,1.0625,1.0626,6.40,1.60
2009.08.31 11:12:13.960,1.06255,1.0627,1.60,4.80
2009.08.31 11:12:14.430,1.06255,1.06275,4.20,14.90
2009.08.31 11:12:14.730,1.06255,1.0627,4.20,2.00
2009.08.31 11:12:15.130,1.06255,1.0627,4.40,2.00
2009.08.31 11:12:15.480,1.06255,1.0627,12.50,2.00
2009.08.31 11:12:16.980,1.06255,1.0627,12.80,2.00
2009.08.31 11:12:17.200,1.0626,1.0627,2.40,1.60
2009.08.31 11:12:17.549,1.0626,1.0627,2.30,1.60
2009.08.31 11:12:17.949,1.06255,1.0627,16.70,1.60
2009.08.31 11:12:18.309,1.0626,1.0627,2.40,1.60
2009.08.31 11:12:20.089,1.0626,1.0627,9.70,1.60
2009.08.31 11:12:22.118,1.0626,1.0627,5.70,1.60
2009.08.31 11:12:22.458,1.0626,1.0627,1.70,1.60
2009.08.31 11:12:23.368,1.06255,1.0627,11.30,1.60
2009.08.31 11:12:23.708,1.06255,1.0627,16.10,1.60
2009.08.31 11:12:23.998,1.0626,1.0627,1.70,1.60
2009.08.31 11:12:24.678,1.0626,1.0627,3.50,1.60
2009.08.31 11:12:25.028,1.0627,1.0629,1.60,1.60
2009.08.31 11:12:25.777,1.0627,1.0629,1.60,2.30
2009.08.31 11:12:26.117,1.0627,1.06285,1.60,4.80
2009.08.31 11:12:26.807,1.06275,1.06285,1.60,4.80
2009.08.31 11:12:27.827,1.0627,1.06285,1.60,4.80
2009.08.31 11:12:28.127,1.0627,1.0628,1.60,1.60
2009.08.31 11:12:29.666,1.0627,1.0628,2.40,1.60
2009.08.31 11:12:29.846,1.0627,1.0628,9.60,1.60
2009.08.31 11:12:30.316,1.0627,1.0628,1.60,1.60
2009.08.31 11:12:31.396,1.0627,1.0628,1.70,1.60
2009.08.31 11:12:31.786,1.06265,1.0627,4.80,1.60
2009.08.31 11:12:32.116,1.06265,1.0627,8.00,1.60
2009.08.31 11:12:32.466,1.0626,1.0627,1.70,1.60
2009.08.31 11:12:41.744,1.0626,1.0627,2.00,1.60
2009.08.31 11:12:42.713,1.0624,1.0626,20.90,1.00
2009.08.31 11:12:43.063,1.0624,1.0626,10.40,2.00
2009.08.31 11:12:43.393,1.0624,1.0626,6.40,1.60
2009.08.31 11:12:44.793,1.06245,1.0626,11.20,1.60
2009.08.31 11:12:46.902,1.0625,1.0626,2.90,1.60
2009.08.31 11:12:47.232,1.06245,1.0626,11.30,1.60
2009.08.31 11:12:47.532,1.06245,1.0626,11.80,1.60
2009.08.31 11:12:47.762,1.0625,1.0626,1.70,1.60
2009.08.31 11:12:47.992,1.0625,1.0626,1.60,2.00
2009.08.31 11:12:48.282,1.06255,1.06265,1.60,4.80
2009.08.31 11:12:48.512,1.06245,1.0626,11.30,1.60
2009.08.31 11:12:49.432,1.06245,1.0626,11.20,1.60
2009.08.31 11:12:49.771,1.06245,1.0626,6.40,1.60
2009.08.31 11:12:53.321,1.0625,1.0626,1.60,1.60
2009.08.31 11:12:54.521,1.06245,1.0626,11.60,1.60
2009.08.31 11:12:54.870,1.06255,1.06265,1.60,4.80
2009.08.31 11:12:55.330,1.06245,1.0626,3.40,1.60
2009.08.31 11:12:55.620,1.0624,1.0626,10.40,1.60
2009.08.31 11:12:55.960,1.06245,1.0626,6.40,1.60
2009.08.31 11:12:56.250,1.0625,1.0626,1.60,1.60
2009.08.31 11:13:13.916,1.0625,1.0626,1.60,2.40
2009.08.31 11:13:17.045,1.06245,1.06255,1.60,1.60
2009.08.31 11:13:17.395,1.0624,1.06255,13.60,1.60
2009.08.31 11:13:17.745,1.0624,1.06255,8.00,1.60
2009.08.31 11:13:18.085,1.0624,1.0625,2.40,1.60
2009.08.31 11:13:18.305,1.0624,1.06255,12.80,4.80
2009.08.31 11:13:18.365,1.0624,1.06255,13.30,4.80
2009.08.31 11:13:18.485,1.0624,1.0625,14.00,1.60
2009.08.31 11:13:18.545,1.0624,1.06255,11.60,4.80
2009.08.31 11:13:18.605,1.06245,1.06255,1.00,1.60
2009.08.31 11:13:18.955,1.06245,1.06255,1.00,6.40
2009.08.31 11:13:19.695,1.06245,1.0625,1.00,1.60
2009.08.31 11:13:20.044,1.06235,1.06245,8.40,1.60
2009.08.31 11:13:20.315,1.06235,1.06245,10.00,1.60
2009.08.31 11:13:20.594,1.06235,1.06245,2.00,1.60
2009.08.31 11:13:23.573,1.06235,1.06245,2.10,1.60
2009.08.31 11:13:23.634,1.0624,1.06245,1.00,1.60
2009.08.31 11:13:23.754,1.06245,1.06255,1.60,7.90
2009.08.31 11:13:23.813,1.0625,1.06255,1.60,4.80
2009.08.31 11:13:23.923,1.0625,1.06255,1.60,1.00
2009.08.31 11:13:24.093,1.0625,1.06265,1.60,14.40
2009.08.31 11:13:24.203,1.06255,1.06265,1.60,14.40
2009.08.31 11:13:24.543,1.06245,1.0626,1.60,2.40
2009.08.31 11:13:24.943,1.06245,1.06255,1.60,1.60
2009.08.31 11:13:26.313,1.0624,1.0625,11.20,1.60
2009.08.31 11:13:26.553,1.0624,1.0625,6.40,1.60
2009.08.31 11:13:26.833,1.06235,1.0625,24.50,1.60
2009.08.31 11:13:28.472,1.06235,1.0625,21.00,1.60
2009.08.31 11:13:28.812,1.06245,1.0626,2.00,2.00
2009.08.31 11:13:31.661,1.0625,1.0626,1.60,2.00
2009.08.31 11:13:33.251,1.0624,1.0625,7.60,1.60
2009.08.31 11:13:33.481,1.0624,1.0625,7.20,1.60
2009.08.31 11:13:33.771,1.06245,1.06255,1.60,1.10
2009.08.31 11:13:33.941,1.06245,1.0626,2.00,2.00
2009.08.31 11:13:36.061,1.0624,1.06245,8.00,2.70
2009.08.31 11:13:36.410,1.0623,1.06245,2.30,5.10
2009.08.31 11:13:36.760,1.0623,1.06245,2.30,9.90
2009.08.31 11:13:37.450,1.0623,1.06245,6.30,9.90
2009.08.31 11:13:43.319,1.0625,1.0626,1.00,2.40
2009.08.31 11:13:43.978,1.0625,1.0626,1.60,2.40
2009.08.31 11:13:44.148,1.06245,1.0626,1.60,2.40
2009.08.31 11:13:44.318,1.06245,1.0626,1.60,1.00
2009.08.31 11:13:44.488,1.0625,1.06265,1.60,10.40
2009.08.31 11:13:45.618,1.06245,1.0626,1.60,2.40
2009.08.31 11:13:46.848,1.0625,1.0626,1.60,2.40
2009.08.31 11:13:48.148,1.0625,1.06265,1.60,10.40
2009.08.31 11:13:48.447,1.0625,1.0626,1.60,2.40
2009.08.31 11:13:49.027,1.0625,1.0626,1.60,2.50
2009.08.31 11:13:53.156,1.0625,1.0626,1.60,2.40
2009.08.31 11:13:53.446,1.06245,1.0626,1.60,2.40
2009.08.31 11:13:53.786,1.06245,1.0626,1.60,4.80
2009.08.31 11:13:54.116,1.0624,1.0625,7.20,1.60
2009.08.31 11:13:54.456,1.06245,1.06255,1.60,4.80
2009.08.31 11:13:54.796,1.0624,1.06255,11.40,1.60
2009.08.31 11:13:55.136,1.06245,1.06255,1.60,4.80
2009.08.31 11:13:58.505,1.0624,1.0625,10.00,1.60
2009.08.31 11:13:58.785,1.06235,1.06245,15.30,1.60
2009.08.31 11:13:59.015,1.0624,1.06245,1.00,1.60
2009.08.31 11:14:01.954,1.06235,1.06245,6.00,1.60
2009.08.31 11:14:02.514,1.0623,1.06245,21.70,1.60
2009.08.31 11:14:02.844,1.06235,1.06245,9.60,1.60
2009.08.31 11:14:03.184,1.06235,1.06245,9.70,1.60
2009.08.31 11:14:04.844,1.06235,1.06245,9.60,1.60
2009.08.31 11:14:05.583,1.06235,1.06245,9.70,1.60
2009.08.31 11:14:07.313,1.06235,1.06245,9.60,1.60
2009.08.31 11:14:08.293,1.0623,1.06245,21.60,1.60
2009.08.31 11:14:08.643,1.06235,1.06245,9.60,1.60
2009.08.31 11:14:09.552,1.06235,1.06245,1.60,1.60
2009.08.31 11:14:13.372,1.0623,1.06245,13.70,1.60
2009.08.31 11:14:13.611,1.0623,1.0624,12.10,1.60
2009.08.31 11:14:13.892,1.0623,1.0624,12.00,1.60
2009.08.31 11:14:18.660,1.0623,1.0624,12.10,1.60
2009.08.31 11:14:19.820,1.0623,1.06245,12.00,1.60
2009.08.31 11:14:20.150,1.0623,1.06245,12.10,1.60
2009.08.31 11:14:21.850,1.0623,1.06245,12.00,1.60
2009.08.31 11:14:22.209,1.0623,1.06245,7.20,4.80
2009.08.31 11:14:22.489,1.0623,1.0624,2.40,1.60
2009.08.31 11:14:22.839,1.0623,1.06245,18.10,1.60
2009.08.31 11:14:23.229,1.0623,1.06245,13.30,1.60
2009.08.31 11:14:23.629,1.0623,1.06245,18.10,1.60
2009.08.31 11:14:26.398,1.0623,1.06245,7.20,1.60
2009.08.31 11:14:26.698,1.0623,1.06245,2.40,4.70
2009.08.31 11:14:26.928,1.06235,1.06245,1.60,3.10
2009.08.31 11:14:27.908,1.0623,1.06245,8.70,4.80
2009.08.31 11:14:33.457,1.0623,1.0624,2.40,1.60
2009.08.31 11:14:42.475,1.0623,1.06245,2.40,1.70
2009.08.31 11:14:42.875,1.0623,1.06245,2.40,1.60
2009.08.31 11:14:43.214,1.0623,1.06245,13.60,1.60
2009.08.31 11:14:43.494,1.0623,1.06245,18.40,1.60
2009.08.31 11:14:45.904,1.0623,1.0624,7.20,1.60
2009.08.31 11:14:56.901,1.0623,1.06245,14.40,1.60
2009.08.31 11:15:00.000,1.0624,1.06245,5.50,1.60
2009.08.31 11:15:00.300,1.0624,1.06255,1.60,9.70
2009.08.31 11:15:00.580,1.0624,1.0625,1.60,2.40
2009.08.31 11:15:00.870,1.0623,1.06245,11.40,1.60
2009.08.31 11:15:01.100,1.0623,1.06245,13.20,1.60
2009.08.31 11:15:02.000,1.06235,1.0625,1.80,2.40
2009.08.31 11:15:03.310,1.0623,1.06245,13.00,1.60
2009.08.31 11:15:04.399,1.0623,1.06245,13.20,1.60
2009.08.31 11:15:04.809,1.0623,1.06245,13.00,1.60
2009.08.31 11:15:05.049,1.06235,1.06245,1.60,1.60
2009.08.31 11:15:05.329,1.06235,1.0625,1.60,2.40
2009.08.31 11:15:07.969,1.0623,1.06245,12.80,1.60
2009.08.31 11:15:09.208,1.0624,1.0625,1.00,2.40
2009.08.31 11:15:09.328,1.0624,1.0625,5.60,2.40
2009.08.31 11:15:09.498,1.0624,1.0625,4.80,2.40
2009.08.31 11:15:09.838,1.06235,1.0625,1.80,2.30
2009.08.31 11:15:10.538,1.0623,1.06245,13.20,1.60
2009.08.31 11:15:11.058,1.06235,1.0625,1.80,7.10
2009.08.31 11:15:11.337,1.06235,1.0625,1.80,4.80
2009.08.31 11:15:11.568,1.0624,1.0625,2.00,1.60
2009.08.31 11:15:11.947,1.0625,1.0626,1.60,9.60
2009.08.31 11:15:12.287,1.06245,1.0626,6.80,1.70
2009.08.31 11:15:12.577,1.0625,1.0626,1.60,1.70
2009.08.31 11:15:12.927,1.0625,1.0626,1.60,1.60
2009.08.31 11:15:13.967,1.0625,1.0626,1.70,1.60
2009.08.31 11:15:18.826,1.0625,1.0626,1.60,1.60
2009.08.31 11:15:19.925,1.0625,1.0626,1.70,1.60
2009.08.31 11:15:26.834,1.0624,1.0625,17.20,1.60
2009.08.31 11:15:27.224,1.0624,1.0625,12.00,1.60
2009.08.31 11:15:27.584,1.0624,1.06245,4.00,1.60
2009.08.31 11:15:27.924,1.0623,1.06245,22.10,1.60
2009.08.31 11:15:29.423,1.0623,1.06245,12.80,1.60
2009.08.31 11:15:30.173,1.0623,1.0624,11.20,1.60
2009.08.31 11:15:30.473,1.06235,1.0625,1.60,2.40
2009.08.31 11:15:30.763,1.06235,1.0625,1.60,7.20
2009.08.31 11:15:31.323,1.06235,1.0625,1.60,2.40
2009.08.31 11:15:31.952,1.0624,1.0625,1.60,1.60
2009.08.31 11:15:32.292,1.0624,1.0625,2.00,1.60
2009.08.31 11:15:33.702,1.0624,1.0625,6.00,1.60
2009.08.31 11:15:34.052,1.0624,1.0625,6.20,1.60
2009.08.31 11:15:34.392,1.0624,1.0625,1.90,1.60
2009.08.31 11:15:34.622,1.0624,1.0625,1.70,1.60
2009.08.31 11:15:34.852,1.0624,1.0625,1.60,1.60
2009.08.31 11:15:35.022,1.0624,1.0625,1.70,1.60
2009.08.31 11:15:35.932,1.0624,1.0625,1.60,1.60
2009.08.31 11:15:36.631,1.0624,1.0625,5.60,1.60
2009.08.31 11:15:36.931,1.0624,1.0625,9.60,1.60
2009.08.31 11:15:37.561,1.0624,1.0625,1.60,1.60
2009.08.31 11:15:39.611,1.0624,1.0625,5.70,1.60
2009.08.31 11:15:39.961,1.0624,1.0625,9.60,1.60
2009.08.31 11:15:41.570,1.0624,1.0625,5.60,1.60
2009.08.31 11:15:41.911,1.0624,1.0625,1.70,1.60
2009.08.31 11:15:57.986,1.0624,1.0625,1.60,1.60
2009.08.31 11:16:02.485,1.0624,1.0625,9.70,1.60
2009.08.31 11:16:02.825,1.0624,1.0625,6.20,1.60
2009.08.31 11:16:03.535,1.0624,1.0625,6.00,1.60
2009.08.31 11:16:03.885,1.0624,1.0625,6.20,1.60
2009.08.31 11:16:04.235,1.0624,1.0625,10.00,1.60
2009.08.31 11:16:04.585,1.0624,1.0625,9.60,1.60
2009.08.31 11:16:05.605,1.0624,1.0625,6.00,1.60
2009.08.31 11:16:05.844,1.0624,1.0625,9.70,1.60
2009.08.31 11:16:06.074,1.06235,1.0625,24.10,1.60
2009.08.31 11:16:07.094,1.06235,1.0625,24.60,1.60
2009.08.31 11:16:09.963,1.06235,1.0625,24.40,1.60
2009.08.31 11:16:10.303,1.0624,1.0625,2.40,1.60
2009.08.31 11:16:11.023,1.0624,1.0625,7.30,1.60
2009.08.31 11:16:11.353,1.0624,1.0625,7.20,1.60
2009.08.31 11:16:11.633,1.0624,1.0625,1.60,1.60
2009.08.31 11:16:13.982,1.0624,1.0625,1.70,1.60
2009.08.31 11:16:15.342,1.0624,1.0625,1.60,1.60
2009.08.31 11:16:16.842,1.0624,1.0625,1.70,1.60
2009.08.31 11:16:17.701,1.0624,1.0625,1.60,1.60
2009.08.31 11:16:20.281,1.0624,1.0625,1.70,1.60
2009.08.31 11:16:26.769,1.0624,1.0625,1.60,1.60
2009.08.31 11:16:29.899,1.0624,1.0625,2.00,1.60
2009.08.31 11:16:30.129,1.0624,1.0625,1.00,2.40
2009.08.31 11:16:30.419,1.06235,1.0625,4.20,2.40
2009.08.31 11:16:30.708,1.0623,1.0625,16.00,2.40
2009.08.31 11:16:30.938,1.0623,1.0624,11.20,1.60
2009.08.31 11:16:31.298,1.0623,1.06245,11.20,1.60
2009.08.31 11:16:33.648,1.0624,1.0625,2.80,1.60
2009.08.31 11:16:33.818,1.0624,1.0625,1.60,1.60
2009.08.31 11:16:33.988,1.0624,1.0625,2.40,1.60
2009.08.31 11:16:34.108,1.0624,1.0625,2.80,1.60
2009.08.31 11:16:34.278,1.0624,1.06255,2.80,12.10
2009.08.31 11:16:35.917,1.0624,1.06255,2.90,12.10
2009.08.31 11:16:38.377,1.0624,1.0625,1.60,1.60
2009.08.31 11:16:38.726,1.0624,1.06255,2.80,12.80
2009.08.31 11:16:38.956,1.0624,1.06255,1.20,12.10
2009.08.31 11:16:39.186,1.06235,1.0625,8.00,2.40
2009.08.31 11:16:39.416,1.0623,1.0625,20.20,2.40
2009.08.31 11:16:43.595,1.06235,1.0625,9.00,2.40
2009.08.31 11:16:43.885,1.0624,1.0625,1.60,1.60
2009.08.31 11:16:44.185,1.06235,1.0625,9.60,2.40
2009.08.31 11:16:45.595,1.06235,1.0625,9.80,2.40
2009.08.31 11:16:52.393,1.0624,1.0625,1.60,1.60
2009.08.31 11:16:52.613,1.06235,1.0624,4.80,1.60
2009.08.31 11:16:52.973,1.06235,1.0625,9.80,2.40
2009.08.31 11:16:56.742,1.06235,1.0625,10.60,2.40
2009.08.31 11:16:56.962,1.0624,1.0625,1.60,1.60
2009.08.31 11:16:57.492,1.0624,1.06255,1.60,12.80
2009.08.31 11:16:57.792,1.0624,1.06255,2.40,12.80
2009.08.31 11:16:58.072,1.0624,1.06255,3.60,10.50
2009.08.31 11:16:58.312,1.0624,1.06255,2.40,12.80
2009.08.31 11:16:58.582,1.06245,1.06255,1.60,10.50
2009.08.31 11:17:03.520,1.0624,1.06255,2.40,12.80
2009.08.31 11:17:03.740,1.06245,1.06255,1.60,10.50
2009.08.31 11:17:05.220,1.06245,1.0625,1.60,1.00
2009.08.31 11:17:05.450,1.0624,1.0625,1.60,1.00
2009.08.31 11:17:08.949,1.0624,1.0625,1.70,1.00
2009.08.31 11:17:09.129,1.0624,1.0625,2.80,1.00
2009.08.31 11:17:09.289,1.0624,1.06255,2.80,12.10
2009.08.31 11:17:09.529,1.0624,1.0625,1.00,1.60
2009.08.31 11:17:09.709,1.0624,1.06255,2.40,12.80
2009.08.31 11:17:10.629,1.0624,1.0625,1.00,2.40
2009.08.31 11:17:10.979,1.0624,1.0625,1.60,1.00
2009.08.31 11:17:12.938,1.0624,1.0625,1.60,1.00
2009.08.31 11:17:17.127,1.0624,1.0625,2.00,1.00
2009.08.31 11:17:17.407,1.0624,1.0625,2.00,1.00
2009.08.31 11:17:17.747,1.0624,1.0625,1.60,1.00
2009.08.31 11:17:18.537,1.0624,1.0625,1.60,4.80
2009.08.31 11:17:20.636,1.0624,1.0625,1.60,1.00
2009.08.31 11:17:37.062,1.0624,1.0625,1.60,1.00
2009.08.31 11:17:46.040,1.0624,1.0625,2.40,1.00
2009.08.31 11:17:46.210,1.0624,1.06255,2.80,12.10
2009.08.31 11:17:46.380,1.0624,1.06255,2.40,12.80
2009.08.31 11:17:46.550,1.06245,1.06255,1.60,10.50
2009.08.31 11:17:48.890,1.06245,1.0625,1.60,3.20
2009.08.31 11:17:49.229,1.0622,1.06245,29.70,9.90
2009.08.31 11:17:49.620,1.0623,1.06245,1.60,7.20
2009.08.31 11:17:54.338,1.0623,1.06245,2.80,9.20
2009.08.31 11:17:54.738,1.06235,1.06245,1.60,7.60
2009.08.31 11:17:55.078,1.06235,1.06245,1.60,7.20
2009.08.31 11:17:55.418,1.06225,1.06235,5.60,1.00
2009.08.31 11:17:55.768,1.0623,1.06235,1.60,1.00
2009.08.31 11:17:56.168,1.0623,1.0624,1.60,4.80
2009.08.31 11:17:56.468,1.0623,1.0624,1.60,1.00
2009.08.31 11:17:57.857,1.0623,1.0624,1.60,1.00
2009.08.31 11:18:00.437,1.0623,1.0624,2.00,1.00
2009.08.31 11:18:00.837,1.0623,1.06245,2.00,7.30
2009.08.31 11:18:01.177,1.0623,1.0624,2.40,1.00
2009.08.31 11:18:01.527,1.0623,1.06245,2.40,9.30
2009.08.31 11:18:01.746,1.0623,1.06245,2.40,10.00
2009.08.31 11:18:02.516,1.06235,1.06245,1.60,7.90
2009.08.31 11:18:02.876,1.06235,1.06245,1.60,4.80
2009.08.31 11:18:04.626,1.0623,1.06235,4.80,1.60
2009.08.31 11:18:04.676,1.0623,1.06235,4.00,1.60
2009.08.31 11:18:07.025,1.0622,1.06235,17.20,1.60
2009.08.31 11:18:09.005,1.0623,1.0624,1.00,1.60
2009.08.31 11:18:09.125,1.0623,1.0624,2.40,1.60
2009.08.31 11:18:09.305,1.0623,1.0624,2.00,1.60
2009.08.31 11:18:09.475,1.0623,1.0624,2.80,1.60
2009.08.31 11:18:09.824,1.0623,1.06245,3.30,7.20
2009.08.31 11:18:10.174,1.0623,1.0624,2.80,1.60
2009.08.31 11:18:10.504,1.0623,1.06245,2.90,9.60
2009.08.31 11:18:10.884,1.0623,1.0624,2.90,1.60
2009.08.31 11:18:11.924,1.0623,1.0624,10.90,1.60
2009.08.31 11:18:12.504,1.0623,1.06245,10.90,9.60
2009.08.31 11:18:13.184,1.0623,1.06245,10.10,9.60
2009.08.31 11:18:13.524,1.0623,1.0624,2.50,1.60
2009.08.31 11:18:13.873,1.0623,1.06245,2.90,9.60
2009.08.31 11:18:16.053,1.0623,1.06245,10.90,9.60
2009.08.31 11:18:18.663,1.0623,1.06245,10.90,7.20
2009.08.31 11:18:18.883,1.0623,1.06245,10.90,9.60
2009.08.31 11:18:19.062,1.0623,1.0624,10.90,1.00
2009.08.31 11:18:19.422,1.0623,1.0624,9.60,1.60
2009.08.31 11:18:19.782,1.0623,1.06245,9.60,7.90
2009.08.31 11:18:20.122,1.0623,1.06235,4.00,1.60
2009.08.31 11:18:20.452,1.06225,1.06235,2.50,1.60
2009.08.31 11:18:23.441,1.06225,1.06235,2.40,1.60
2009.08.31 11:18:44.896,1.0622,1.06235,17.70,2.40
2009.08.31 11:18:45.066,1.0622,1.06235,13.60,2.40
2009.08.31 11:18:45.936,1.06225,1.06235,1.00,2.40
2009.08.31 11:18:48.995,1.0623,1.06235,1.00,1.60
2009.08.31 11:18:49.225,1.06225,1.06235,4.80,2.40
2009.08.31 11:18:49.645,1.06225,1.06235,1.00,2.40
2009.08.31 11:18:51.005,1.06225,1.0623,1.00,1.60
2009.08.31 11:18:51.335,1.06225,1.06235,1.00,2.40
2009.08.31 11:18:51.685,1.06225,1.0623,1.00,1.60
2009.08.31 11:19:01.192,1.0622,1.0623,2.40,1.60
2009.08.31 11:19:01.472,1.0622,1.0623,9.40,1.60
2009.08.31 11:19:01.712,1.06225,1.0623,1.00,1.60
2009.08.31 11:19:05.401,1.0622,1.0623,2.80,1.60
2009.08.31 11:19:05.911,1.06225,1.0623,1.00,1.60
2009.08.31 11:19:08.660,1.06225,1.06235,1.00,4.80
2009.08.31 11:19:09.011,1.06225,1.0623,1.00,1.60
2009.08.31 11:19:11.480,1.0622,1.0623,7.20,1.60
2009.08.31 11:19:11.959,1.06225,1.0623,1.00,1.60
2009.08.31 11:19:13.799,1.0622,1.0623,3.00,1.60
2009.08.31 11:19:14.379,1.06225,1.06235,1.00,4.80
2009.08.31 11:19:14.669,1.06225,1.0623,1.00,1.60
2009.08.31 11:19:15.239,1.06225,1.06235,2.00,3.20
2009.08.31 11:19:16.548,1.06225,1.06235,2.00,3.30
2009.08.31 11:19:19.378,1.0622,1.06235,7.00,4.50
2009.08.31 11:19:19.728,1.06225,1.06235,1.60,3.60
2009.08.31 11:19:20.058,1.06225,1.06235,2.00,3.30
2009.08.31 11:19:21.247,1.06225,1.06235,1.60,3.30
2009.08.31 11:19:21.637,1.0622,1.06235,3.00,6.50
2009.08.31 11:19:23.327,1.0622,1.06235,3.20,6.50
2009.08.31 11:19:24.797,1.0622,1.06235,3.00,6.50
2009.08.31 11:19:25.376,1.06225,1.06235,2.00,3.20
2009.08.31 11:19:25.766,1.06225,1.06235,2.00,2.40
2009.08.31 11:19:26.116,1.0623,1.0624,2.80,3.40
2009.08.31 11:19:26.446,1.06225,1.06235,2.20,1.00
2009.08.31 11:19:31.375,1.0622,1.06235,3.00,5.60
2009.08.31 11:19:31.665,1.06225,1.06235,2.00,4.00
2009.08.31 11:19:31.965,1.0622,1.06235,3.80,6.40
2009.08.31 11:19:32.235,1.0622,1.06235,3.00,6.50
2009.08.31 11:19:32.865,1.0622,1.06235,3.00,6.40
2009.08.31 11:19:33.884,1.0622,1.0623,3.00,1.00
2009.08.31 11:19:35.044,1.0622,1.06235,2.60,6.40
2009.08.31 11:19:35.964,1.0622,1.06235,2.80,6.40
2009.08.31 11:19:40.223,1.0622,1.06235,2.80,6.50
2009.08.31 11:19:40.453,1.0622,1.06235,2.60,6.50
2009.08.31 11:19:40.733,1.0622,1.06235,8.00,6.40
2009.08.31 11:19:40.973,1.06225,1.06235,1.60,3.20
2009.08.31 11:19:41.193,1.06225,1.06235,1.60,3.30
2009.08.31 11:19:43.162,1.06225,1.06235,1.60,2.90
2009.08.31 11:19:43.552,1.0622,1.06235,6.60,5.20
2009.08.31 11:19:43.892,1.06225,1.06235,1.60,3.30
2009.08.31 11:19:48.521,1.0622,1.06235,6.60,5.60
2009.08.31 11:19:48.861,1.0622,1.06235,6.60,6.50
2009.08.31 11:19:49.141,1.0622,1.06235,7.00,6.50
2009.08.31 11:19:49.430,1.06225,1.06235,1.60,3.20
2009.08.31 11:19:50.130,1.06225,1.06235,1.60,3.30
2009.08.31 11:19:59.588,1.0623,1.0624,1.60,8.40
2009.08.31 11:19:59.988,1.06225,1.06235,1.60,3.10
2009.08.31 11:20:00.338,1.06225,1.06235,1.60,3.20
2009.08.31 11:20:00.928,1.0622,1.06235,6.60,6.50
2009.08.31 11:20:01.208,1.06225,1.06235,1.60,4.80
2009.08.31 11:20:01.538,1.06225,1.06235,2.00,3.10
2009.08.31 11:20:01.888,1.06225,1.06235,2.00,3.20
2009.08.31 11:20:02.237,1.06225,1.06235,2.00,1.00
2009.08.31 11:20:04.297,1.06225,1.06235,2.00,2.50
2009.08.31 11:20:04.627,1.0623,1.06235,1.60,2.00
2009.08.31 11:20:04.967,1.06225,1.06235,2.00,1.00
2009.08.31 11:20:05.947,1.06225,1.06235,2.00,6.00
2009.08.31 11:20:06.297,1.06225,1.06235,2.00,4.40
2009.08.31 11:20:09.536,1.06225,1.06235,1.60,4.40
2009.08.31 11:20:10.286,1.0622,1.06235,2.90,5.30
2009.08.31 11:20:10.575,1.0622,1.06235,2.50,8.00
2009.08.31 11:20:10.866,1.0622,1.06235,2.80,8.00
2009.08.31 11:20:11.225,1.0622,1.06235,2.60,8.00
2009.08.31 11:20:12.165,1.0622,1.0623,2.60,1.00
2009.08.31 11:20:15.244,1.0622,1.0623,2.50,1.00
2009.08.31 11:20:15.484,1.0622,1.0623,3.70,1.00
2009.08.31 11:20:15.745,1.0622,1.0623,2.80,1.00
2009.08.31 11:20:15.964,1.0622,1.0623,2.60,1.00
2009.08.31 11:20:16.894,1.0622,1.0623,2.40,4.00
2009.08.31 11:20:17.754,1.0622,1.0623,2.40,4.40
2009.08.31 11:20:17.984,1.0622,1.0623,2.40,4.70
2009.08.31 11:20:18.284,1.0622,1.06235,2.40,19.90
2009.08.31 11:20:18.633,1.0622,1.06235,2.40,19.80
2009.08.31 11:20:19.294,1.0622,1.0623,1.00,15.60
2009.08.31 11:20:19.683,1.0621,1.06225,3.40,12.30
2009.08.31 11:20:19.973,1.06205,1.06215,1.60,1.00
2009.08.31 11:20:20.323,1.062,1.06215,3.20,2.00
2009.08.31 11:20:20.683,1.062,1.06215,1.80,2.00
2009.08.31 11:20:21.033,1.062,1.06215,1.80,2.30
2009.08.31 11:20:22.103,1.06205,1.06215,1.60,1.00
2009.08.31 11:20:24.292,1.062,1.06215,1.60,2.00
2009.08.31 11:20:24.652,1.06205,1.06215,1.60,4.30
2009.08.31 11:20:24.992,1.062,1.06215,1.60,5.20
2009.08.31 11:20:25.272,1.06205,1.06215,1.60,3.60
2009.08.31 11:20:26.072,1.062,1.06215,1.60,5.30
2009.08.31 11:20:26.412,1.06205,1.06215,1.60,3.70
2009.08.31 11:20:26.761,1.062,1.0621,1.60,1.00
2009.08.31 11:20:27.102,1.062,1.0621,1.60,6.40
2009.08.31 11:20:27.451,1.062,1.06205,1.60,1.00
2009.08.31 11:20:28.531,1.062,1.0621,2.80,6.30
2009.08.31 11:20:33.310,1.062,1.06205,1.00,5.40
2009.08.31 11:20:33.640,1.0619,1.06205,3.40,5.80
2009.08.31 11:20:34.040,1.062,1.06205,2.40,10.40
2009.08.31 11:20:34.390,1.062,1.0621,2.40,21.60
2009.08.31 11:20:35.040,1.062,1.0621,2.40,19.20
2009.08.31 11:20:35.330,1.062,1.0621,2.40,10.40
2009.08.31 11:20:36.469,1.062,1.0621,1.60,2.40
2009.08.31 11:20:38.649,1.062,1.0621,1.60,6.40
2009.08.31 11:20:39.169,1.062,1.06205,1.60,4.80
2009.08.31 11:20:39.529,1.0619,1.062,1.00,1.60
2009.08.31 11:20:40.518,1.0619,1.062,1.00,2.30
2009.08.31 11:20:40.848,1.0618,1.06195,11.40,1.60
2009.08.31 11:20:41.138,1.06185,1.06195,1.00,1.60
2009.08.31 11:20:41.418,1.06185,1.06195,1.80,1.60
2009.08.31 11:20:47.057,1.0619,1.06195,1.60,8.80
2009.08.31 11:20:47.347,1.0619,1.062,1.60,10.80
2009.08.31 11:20:48.876,1.0619,1.062,1.60,11.20
2009.08.31 11:20:49.386,1.06185,1.06195,3.70,4.00
2009.08.31 11:20:49.686,1.06185,1.0619,2.40,2.80
2009.08.31 11:20:50.016,1.0618,1.0619,2.00,1.60
2009.08.31 11:20:50.356,1.0618,1.0619,1.60,2.10
2009.08.31 11:20:50.696,1.0618,1.0619,1.60,2.90
2009.08.31 11:20:52.365,1.0618,1.0619,1.60,6.90
2009.08.31 11:20:52.705,1.0618,1.0619,1.60,2.40
2009.08.31 11:20:53.055,1.0618,1.0619,1.60,2.50
2009.08.31 11:20:53.755,1.0618,1.0619,1.60,2.40
2009.08.31 11:20:54.465,1.0618,1.0619,1.60,2.90
2009.08.31 11:20:54.995,1.0618,1.0619,1.60,3.60
2009.08.31 11:20:55.225,1.0618,1.0619,1.60,14.00
2009.08.31 11:20:55.615,1.0618,1.0619,1.60,13.30
2009.08.31 11:20:55.965,1.0618,1.0619,1.60,10.90
2009.08.31 11:20:57.324,1.0618,1.0619,1.60,6.90
2009.08.31 11:20:57.614,1.0618,1.0619,1.60,2.90
2009.08.31 11:20:57.914,1.0617,1.06185,4.80,1.60
2009.08.31 11:20:58.264,1.0617,1.06185,4.80,1.70
2009.08.31 11:21:00.474,1.0617,1.06185,9.90,1.60
2009.08.31 11:21:01.983,1.06175,1.06185,1.00,1.60
2009.08.31 11:21:02.373,1.06175,1.06185,1.00,1.60
2009.08.31 11:21:02.823,1.0617,1.06185,13.00,1.60
2009.08.31 11:21:03.053,1.06175,1.06185,1.00,1.60
2009.08.31 11:21:03.403,1.0618,1.0619,1.60,10.60
2009.08.31 11:21:03.753,1.0618,1.0619,1.60,6.80
2009.08.31 11:21:04.102,1.0618,1.0619,1.60,2.80
2009.08.31 11:21:04.393,1.0618,1.0619,1.70,2.80
2009.08.31 11:21:04.982,1.0618,1.0619,1.60,2.80
2009.08.31 11:21:07.073,1.0618,1.0619,4.00,2.80
2009.08.31 11:21:07.192,1.0618,1.0619,5.30,1.60
2009.08.31 11:21:07.602,1.0619,1.062,1.60,4.00
2009.08.31 11:21:07.962,1.0619,1.062,1.60,3.60
2009.08.31 11:21:19.579,1.0619,1.062,1.60,3.20
2009.08.31 11:21:19.759,1.0619,1.062,2.50,1.00
2009.08.31 11:21:19.939,1.0619,1.06205,3.20,6.40
2009.08.31 11:21:20.629,1.0619,1.06205,2.80,1.60
2009.08.31 11:21:21.138,1.0619,1.06205,2.80,6.40
2009.08.31 11:21:22.638,1.0619,1.06205,2.60,6.40
2009.08.31 11:21:22.988,1.0619,1.062,2.00,1.60
2009.08.31 11:21:23.678,1.0619,1.062,2.00,1.60
2009.08.31 11:21:24.898,1.06195,1.06205,1.60,4.90
2009.08.31 11:21:25.068,1.06195,1.06205,1.60,4.80
2009.08.31 11:21:25.238,1.06205,1.0621,1.60,9.70
2009.08.31 11:21:25.408,1.06185,1.06205,2.20,1.60
2009.08.31 11:21:25.757,1.06185,1.06205,2.20,2.00
2009.08.31 11:21:26.057,1.06185,1.06205,2.20,6.80
2009.08.31 11:21:27.147,1.0619,1.062,2.20,1.60
2009.08.31 11:21:27.307,1.0619,1.062,2.00,1.60
2009.08.31 11:21:27.527,1.0619,1.062,2.00,1.60
2009.08.31 11:21:27.927,1.0619,1.062,1.60,2.80
2009.08.31 11:21:28.277,1.0619,1.062,2.00,1.00
2009.08.31 11:21:28.617,1.0619,1.06205,2.00,7.20
2009.08.31 11:21:30.056,1.0619,1.06205,2.10,7.20
2009.08.31 11:21:30.636,1.0619,1.06205,2.00,7.20
2009.08.31 11:21:30.866,1.0619,1.06205,2.80,9.70
2009.08.31 11:21:31.166,1.0619,1.062,1.60,2.80
2009.08.31 11:21:33.805,1.0619,1.062,1.60,2.90
2009.08.31 11:21:34.155,1.0619,1.062,1.60,2.80
2009.08.31 11:21:36.585,1.0619,1.062,1.60,3.20
2009.08.31 11:21:38.035,1.0619,1.062,1.60,3.30
2009.08.31 11:21:40.454,1.0619,1.062,1.60,3.20
2009.08.31 11:21:41.064,1.0619,1.062,1.60,2.40
2009.08.31 11:21:41.684,1.0619,1.062,2.00,1.60
2009.08.31 11:21:43.033,1.0619,1.062,2.10,1.60
2009.08.31 11:21:44.383,1.0619,1.062,2.00,1.60
2009.08.31 11:21:45.333,1.0619,1.062,2.00,2.40
2009.08.31 11:21:46.023,1.0619,1.062,2.00,1.60
2009.08.31 11:21:46.882,1.0619,1.062,2.10,1.60
2009.08.31 11:21:49.152,1.0619,1.06205,2.10,7.20
2009.08.31 11:21:50.891,1.0619,1.062,2.10,1.60
2009.08.31 11:21:51.281,1.0619,1.062,2.00,1.60
2009.08.31 11:21:51.511,1.0619,1.062,1.60,2.40
2009.08.31 11:21:51.741,1.0619,1.062,2.00,2.40
2009.08.31 11:21:52.091,1.0619,1.062,2.00,1.60
2009.08.31 11:21:53.121,1.0619,1.062,2.10,1.60
2009.08.31 11:21:59.079,1.0619,1.062,2.00,1.60
2009.08.31 11:21:59.419,1.06185,1.06195,1.00,2.00
2009.08.31 11:21:59.589,1.0618,1.06195,4.80,1.60
2009.08.31 11:21:59.759,1.0618,1.0619,1.00,1.60
2009.08.31 11:21:59.939,1.06175,1.0619,12.90,1.60
2009.08.31 11:22:00.450,1.0618,1.0619,1.70,1.60
2009.08.31 11:22:00.809,1.0618,1.0619,1.80,1.60
2009.08.31 11:22:01.789,1.0618,1.0619,1.60,1.60
2009.08.31 11:22:01.908,1.0618,1.06195,1.80,1.60
2009.08.31 11:22:03.198,1.06175,1.06185,8.80,1.60
2009.08.31 11:22:03.538,1.0617,1.06185,11.40,2.40
2009.08.31 11:22:03.888,1.06175,1.06185,2.40,1.00
2009.08.31 11:22:04.288,1.0618,1.062,1.60,6.80
2009.08.31 11:22:04.628,1.0618,1.06195,1.60,1.60
2009.08.31 11:22:10.007,1.0618,1.06195,2.70,1.60
2009.08.31 11:22:10.237,1.0618,1.06195,2.20,1.60
2009.08.31 11:22:10.816,1.06175,1.06195,16.60,1.60
2009.08.31 11:22:11.406,1.06175,1.06195,17.40,1.60
2009.08.31 11:22:14.646,1.0618,1.06195,3.00,1.60
2009.08.31 11:22:31.542,1.06185,1.06195,1.00,1.60
2009.08.31 11:22:31.712,1.06185,1.06195,1.60,1.60
2009.08.31 11:22:31.832,1.0619,1.062,1.00,1.60
2009.08.31 11:22:32.002,1.0619,1.062,2.80,1.60
2009.08.31 11:22:32.171,1.062,1.06205,1.60,1.60
2009.08.31 11:22:32.332,1.062,1.06205,2.00,1.60
2009.08.31 11:22:32.672,1.062,1.0621,2.00,1.60
2009.08.31 11:22:34.701,1.06195,1.06205,4.80,1.60
2009.08.31 11:22:35.051,1.062,1.0621,1.60,1.60
2009.08.31 11:22:35.681,1.062,1.06205,1.00,4.80
2009.08.31 11:22:36.191,1.062,1.0621,1.00,1.60
2009.08.31 11:22:36.540,1.06195,1.0621,6.80,1.60
2009.08.31 11:22:36.890,1.06205,1.06215,1.00,1.60
2009.08.31 11:22:37.230,1.062,1.0622,2.30,1.60
2009.08.31 11:22:37.560,1.06205,1.06225,4.00,2.40
2009.08.31 11:22:37.910,1.06205,1.06215,5.60,1.60
2009.08.31 11:22:38.270,1.062,1.06215,7.30,1.60
2009.08.31 11:22:38.660,1.062,1.06215,2.50,1.60
2009.08.31 11:22:39.010,1.0621,1.0622,1.00,6.80
2009.08.31 11:22:39.430,1.0621,1.06225,2.50,1.60
2009.08.31 11:22:39.810,1.0621,1.06225,2.10,1.60
2009.08.31 11:22:41.069,1.0621,1.06225,2.20,1.60
2009.08.31 11:22:41.409,1.0621,1.0622,1.00,1.60
2009.08.31 11:22:43.170,1.06205,1.0622,1.80,1.60
2009.08.31 11:22:43.579,1.062,1.06215,6.60,1.60
2009.08.31 11:22:43.908,1.06205,1.06215,1.60,1.60
2009.08.31 11:22:44.888,1.062,1.06215,6.60,1.60
2009.08.31 11:22:45.248,1.062,1.06215,1.80,1.60
2009.08.31 11:22:45.538,1.06205,1.06215,1.60,1.60
2009.08.31 11:22:47.278,1.06205,1.06215,1.70,1.60
2009.08.31 11:22:48.087,1.062,1.06215,7.40,1.60
2009.08.31 11:22:48.477,1.06195,1.06215,21.00,1.60
2009.08.31 11:22:48.808,1.06205,1.06215,1.60,1.60
2009.08.31 11:22:49.157,1.062,1.06215,7.40,1.60
2009.08.31 11:22:53.266,1.06205,1.06215,1.00,1.60
2009.08.31 11:22:53.606,1.062,1.06215,7.40,1.60
2009.08.31 11:22:54.646,1.062,1.0621,5.00,1.60
2009.08.31 11:22:55.026,1.06195,1.0621,11.30,1.60
2009.08.31 11:22:55.386,1.062,1.06215,4.80,1.60
2009.08.31 11:22:55.726,1.0621,1.0622,1.00,2.00
2009.08.31 11:22:56.466,1.0621,1.0622,1.00,2.40
2009.08.31 11:22:56.806,1.06205,1.0621,1.00,1.60
2009.08.31 11:22:57.135,1.0621,1.06215,1.00,1.60
2009.08.31 11:23:00.525,1.06205,1.0621,1.00,1.60
2009.08.31 11:23:00.745,1.06205,1.06215,1.00,1.60
2009.08.31 11:23:01.094,1.06205,1.06215,1.80,1.60
2009.08.31 11:23:05.813,1.06205,1.06215,1.00,1.60
2009.08.31 11:23:06.753,1.06205,1.06215,1.80,1.60
2009.08.31 11:23:07.683,1.06205,1.0622,1.80,2.40
2009.08.31 11:23:15.541,1.06205,1.0622,1.70,2.00
2009.08.31 11:23:16.201,1.06205,1.0622,1.80,2.00
2009.08.31 11:23:16.911,1.06205,1.0622,1.80,1.60
2009.08.31 11:23:19.650,1.0621,1.06225,1.60,9.20
2009.08.31 11:23:19.810,1.06205,1.0622,2.60,1.60
2009.08.31 11:23:20.050,1.06215,1.06225,1.60,2.40
2009.08.31 11:23:20.340,1.0622,1.0623,1.60,2.60
2009.08.31 11:23:20.640,1.0622,1.06235,1.60,5.60
2009.08.31 11:23:20.940,1.0622,1.06235,1.60,1.60
2009.08.31 11:23:21.590,1.0622,1.0623,1.60,1.60
2009.08.31 11:23:21.939,1.06215,1.0623,6.60,1.60
2009.08.31 11:23:22.279,1.06215,1.0623,1.80,1.60
2009.08.31 11:23:23.189,1.06225,1.06235,1.60,4.80
2009.08.31 11:23:23.919,1.06225,1.0624,1.60,12.80
2009.08.31 11:23:30.737,1.0622,1.06235,2.00,1.60
2009.08.31 11:23:31.317,1.06225,1.0624,1.60,12.80
2009.08.31 11:23:32.457,1.0622,1.06235,3.10,1.60
2009.08.31 11:23:32.747,1.06225,1.0624,1.60,1.60
2009.08.31 11:23:45.314,1.0623,1.06245,1.60,8.80
2009.08.31 11:23:45.604,1.06225,1.0624,1.80,1.60
2009.08.31 11:23:45.904,1.0623,1.06245,1.60,1.60
2009.08.31 11:23:50.763,1.0623,1.06245,2.30,1.60
2009.08.31 11:23:52.102,1.0623,1.06245,2.40,1.60
2009.08.31 11:23:56.521,1.0623,1.06245,2.80,1.60
2009.08.31 11:23:56.751,1.0623,1.06245,2.40,1.60
2009.08.31 11:23:56.982,1.0623,1.0624,2.00,2.40
2009.08.31 11:23:57.201,1.0623,1.0624,2.30,2.80
2009.08.31 11:23:57.371,1.0623,1.0624,1.70,2.40
2009.08.31 11:23:57.721,1.0623,1.0624,1.60,3.50
2009.08.31 11:23:58.071,1.0623,1.0624,1.60,3.20
2009.08.31 11:24:03.210,1.06225,1.0624,2.00,3.20
2009.08.31 11:24:04.239,1.06225,1.0624,1.90,3.20
2009.08.31 11:24:04.459,1.06225,1.06235,1.00,1.60
2009.08.31 11:24:04.679,1.0622,1.06235,8.40,1.60
2009.08.31 11:24:05.129,1.06225,1.06235,1.60,1.60
2009.08.31 11:24:05.359,1.0622,1.06235,8.40,1.60
2009.08.31 11:24:07.449,1.06225,1.0624,1.60,1.60
2009.08.31 11:24:07.788,1.06225,1.0624,6.40,1.60
2009.08.31 11:24:13.307,1.06225,1.0624,1.60,1.60
2009.08.31 11:24:14.937,1.0623,1.06245,1.60,6.40
2009.08.31 11:24:15.227,1.06225,1.0624,6.80,1.60
2009.08.31 11:24:15.517,1.0623,1.06245,1.60,1.60
2009.08.31 11:24:17.846,1.0623,1.0624,1.60,1.60
2009.08.31 11:24:18.366,1.0623,1.06245,2.40,1.60
2009.08.31 11:24:19.196,1.0623,1.06245,1.60,1.60
2009.08.31 11:24:19.536,1.06225,1.0624,7.60,1.60
2009.08.31 11:24:20.845,1.0623,1.0624,1.60,1.60
2009.08.31 11:24:21.545,1.0623,1.06245,1.60,6.40
2009.08.31 11:24:24.514,1.0623,1.0624,1.60,1.60
2009.08.31 11:24:25.204,1.0623,1.06245,1.60,6.40
2009.08.31 11:24:25.424,1.0623,1.06245,2.40,6.40
2009.08.31 11:24:25.644,1.0623,1.06245,2.40,1.60
2009.08.31 11:24:27.094,1.0623,1.06245,2.50,1.60
2009.08.31 11:24:37.271,1.0623,1.0624,1.00,1.60
2009.08.31 11:24:37.711,1.0623,1.0624,2.40,1.60
2009.08.31 11:24:39.171,1.0623,1.0624,2.50,1.60
2009.08.31 11:24:41.130,1.0623,1.0624,1.00,1.60
2009.08.31 11:25:24.740,1.06225,1.0624,4.90,1.60
2009.08.31 11:25:25.080,1.06225,1.06235,4.80,1.60
2009.08.31 11:25:25.380,1.06225,1.06235,4.90,1.60
2009.08.31 11:25:26.740,1.06225,1.06235,4.80,1.60
2009.08.31 11:25:26.979,1.06225,1.06235,4.90,1.60
2009.08.31 11:25:31.898,1.06225,1.06235,4.80,1.60
2009.08.31 11:25:32.358,1.06225,1.0624,4.90,1.60
2009.08.31 11:25:37.327,1.06225,1.0624,4.90,1.70
2009.08.31 11:25:37.787,1.06225,1.0624,1.70,1.70
2009.08.31 11:25:38.247,1.06225,1.0624,1.70,1.60
2009.08.31 11:25:39.716,1.0622,1.06235,11.30,1.60
2009.08.31 11:25:40.066,1.06225,1.06235,4.80,1.60
2009.08.31 11:25:40.416,1.06225,1.0624,1.60,1.60
2009.08.31 11:25:41.466,1.06225,1.0624,1.70,1.60
2009.08.31 11:25:48.754,1.06225,1.0624,4.90,1.60
2009.08.31 11:25:50.714,1.06225,1.0624,1.70,1.60
2009.08.31 11:25:55.643,1.06225,1.0624,4.90,1.60
2009.08.31 11:26:01.121,1.06225,1.0624,1.70,1.60
2009.08.31 11:26:07.889,1.06225,1.06235,1.00,1.60
2009.08.31 11:26:10.149,1.0622,1.06235,11.30,1.60
2009.08.31 11:26:10.329,1.0622,1.06235,16.90,1.60
2009.08.31 11:26:10.909,1.0622,1.06235,14.50,1.60
2009.08.31 11:26:11.368,1.0622,1.0623,4.80,1.60
2009.08.31 11:26:11.948,1.0622,1.06235,4.80,1.60
2009.08.31 11:26:12.509,1.0622,1.06235,8.10,1.60
2009.08.31 11:26:16.207,1.0622,1.06235,8.00,1.60
2009.08.31 11:26:16.487,1.0622,1.0623,4.80,1.60
2009.08.31 11:26:18.377,1.0622,1.06235,12.50,1.60
2009.08.31 11:26:18.727,1.0622,1.06235,8.10,1.60
2009.08.31 11:26:23.086,1.0622,1.06235,4.80,1.60
2009.08.31 11:26:23.416,1.0622,1.0623,4.80,1.60
2009.08.31 11:26:25.125,1.0622,1.06235,4.80,1.60
2009.08.31 11:26:25.355,1.0622,1.0623,4.80,1.60
2009.08.31 11:26:30.594,1.0622,1.06235,8.10,1.60
2009.08.31 11:26:40.032,1.0622,1.0623,4.80,1.60
2009.08.31 11:26:44.521,1.0622,1.06225,4.80,1.60
2009.08.31 11:26:44.750,1.0622,1.0623,4.80,1.60
2009.08.31 11:26:48.889,1.0622,1.0623,4.80,2.30
2009.08.31 11:26:49.229,1.0622,1.06225,4.80,1.60
2009.08.31 11:26:49.569,1.0622,1.0623,4.80,2.30
2009.08.31 11:26:49.909,1.0622,1.0623,4.80,1.60
2009.08.31 11:26:50.709,1.0622,1.06235,6.40,1.60
2009.08.31 11:26:50.989,1.0622,1.0623,4.80,1.60
2009.08.31 11:27:04.626,1.0622,1.0623,1.00,1.60
2009.08.31 11:27:04.925,1.0622,1.0623,2.00,1.60
2009.08.31 11:27:09.424,1.06215,1.0623,13.60,1.60
2009.08.31 11:27:11.664,1.0622,1.0623,4.80,1.60
2009.08.31 11:27:13.594,1.0622,1.06235,6.40,1.60
2009.08.31 11:27:14.244,1.0622,1.0623,6.40,1.60
2009.08.31 11:27:15.063,1.0622,1.0623,4.80,2.30
2009.08.31 11:27:15.413,1.0622,1.06225,4.80,1.60
2009.08.31 11:27:15.753,1.0622,1.0623,4.00,15.60
2009.08.31 11:27:16.133,1.0621,1.0622,4.80,1.60
2009.08.31 11:27:25.781,1.0621,1.06225,6.50,1.60
2009.08.31 11:27:26.021,1.06205,1.06225,17.70,1.60
2009.08.31 11:27:26.250,1.06205,1.0622,17.70,1.60
2009.08.31 11:27:28.300,1.06205,1.0622,16.10,1.60
2009.08.31 11:27:28.410,1.0621,1.0622,4.90,1.60
2009.08.31 11:27:28.940,1.06205,1.0622,16.10,1.60
2009.08.31 11:27:34.358,1.06205,1.0622,17.70,1.60
2009.08.31 11:27:34.749,1.0621,1.06215,4.90,1.60
2009.08.31 11:27:35.158,1.0621,1.06215,4.80,4.00
2009.08.31 11:27:35.508,1.0621,1.06215,1.30,11.10
2009.08.31 11:27:35.848,1.062,1.0621,2.40,2.80
2009.08.31 11:27:36.208,1.06195,1.0621,20.10,2.80
2009.08.31 11:27:36.888,1.06195,1.0621,15.30,2.80
2009.08.31 11:27:37.238,1.06195,1.0621,10.50,2.80
2009.08.31 11:27:42.907,1.062,1.0621,1.00,11.20
2009.08.31 11:27:43.196,1.062,1.0621,1.00,1.60
2009.08.31 11:27:44.046,1.062,1.06215,2.40,2.30
2009.08.31 11:27:44.396,1.06195,1.0621,18.40,1.60
2009.08.31 11:27:44.736,1.06195,1.0621,19.20,1.60
2009.08.31 11:27:48.755,1.062,1.06215,7.20,2.30
2009.08.31 11:27:49.615,1.062,1.0621,7.20,1.60
2009.08.31 11:27:50.345,1.062,1.0621,5.60,1.60
2009.08.31 11:27:54.074,1.062,1.06205,5.60,1.60
2009.08.31 11:27:54.243,1.062,1.0621,5.60,1.60
2009.08.31 11:27:58.743,1.06195,1.0621,16.10,1.60
2009.08.31 11:27:58.973,1.06195,1.0621,16.00,1.60
2009.08.31 11:27:59.323,1.0619,1.06205,15.30,1.60
2009.08.31 11:27:59.673,1.0619,1.062,4.90,1.60
2009.08.31 11:28:00.022,1.0619,1.062,1.00,1.60
2009.08.31 11:28:01.992,1.0619,1.062,5.70,1.60
2009.08.31 11:28:02.222,1.06195,1.062,1.00,1.60
2009.08.31 11:28:03.262,1.06195,1.06205,1.00,1.60
2009.08.31 11:28:04.451,1.0619,1.06195,7.30,1.60
2009.08.31 11:28:04.681,1.06185,1.062,12.90,10.40
2009.08.31 11:28:04.911,1.0619,1.06195,4.80,1.60
2009.08.31 11:28:05.091,1.06185,1.06195,4.90,1.60
2009.08.31 11:28:05.331,1.06185,1.06195,1.00,1.60
2009.08.31 11:28:05.511,1.06185,1.06195,2.50,1.60
2009.08.31 11:28:05.851,1.06185,1.062,2.50,10.00
2009.08.31 11:28:07.970,1.06185,1.06195,1.00,1.60
2009.08.31 11:28:16.778,1.06185,1.06195,2.50,1.60
2009.08.31 11:28:17.238,1.06185,1.06195,1.00,1.60
2009.08.31 11:28:19.967,1.06185,1.06195,3.30,1.60
2009.08.31 11:28:20.258,1.06185,1.06195,9.70,1.60
2009.08.31 11:28:20.588,1.06185,1.06195,7.30,1.60
2009.08.31 11:28:20.927,1.06185,1.06195,1.00,1.60
2009.08.31 11:28:23.227,1.0618,1.0619,14.50,1.60
2009.08.31 11:28:25.416,1.06185,1.0619,1.00,1.60
2009.08.31 11:28:27.176,1.06185,1.06195,2.50,1.60
2009.08.31 11:28:27.526,1.0618,1.06195,11.30,1.60
2009.08.31 11:28:27.875,1.0618,1.0619,9.70,1.60
2009.08.31 11:28:28.176,1.0618,1.06195,11.30,1.60
2009.08.31 11:28:28.525,1.0619,1.06205,1.60,4.80
2009.08.31 11:28:28.865,1.062,1.06215,1.60,4.80
2009.08.31 11:28:29.216,1.06205,1.06215,1.00,1.60
2009.08.31 11:28:29.565,1.062,1.0621,1.60,2.00
2009.08.31 11:28:29.905,1.062,1.0621,6.40,2.80
2009.08.31 11:28:30.975,1.062,1.0621,1.60,2.80
2009.08.31 11:28:40.842,1.06195,1.062,4.80,2.00
2009.08.31 11:28:41.232,1.06195,1.062,4.80,2.80
2009.08.31 11:28:41.522,1.0619,1.062,6.50,2.80
2009.08.31 11:28:43.162,1.0619,1.062,5.70,2.80
2009.08.31 11:28:43.562,1.0619,1.062,1.70,2.80
2009.08.31 11:28:45.292,1.0619,1.062,1.60,2.80
2009.08.31 11:28:47.741,1.06185,1.06195,5.70,1.60
2009.08.31 11:28:48.321,1.06185,1.06195,1.00,1.60
2009.08.31 11:28:49.680,1.06185,1.0619,1.00,1.60
2009.08.31 11:28:49.960,1.0618,1.0619,14.50,1.60
2009.08.31 11:28:53.619,1.06185,1.0619,1.00,1.60
2009.08.31 11:28:53.949,1.0618,1.06195,14.50,1.60
2009.08.31 11:28:54.299,1.0618,1.0619,14.50,1.60
2009.08.31 11:28:55.509,1.0618,1.0619,9.70,1.60
2009.08.31 11:28:58.868,1.0618,1.06195,16.10,1.60
2009.08.31 11:28:59.558,1.06185,1.06195,1.00,1.60
2009.08.31 11:29:00.238,1.06185,1.0619,1.00,1.60
2009.08.31 11:29:00.358,1.0618,1.0619,4.00,1.60
2009.08.31 11:29:00.468,1.06175,1.0618,8.80,1.60
2009.08.31 11:29:00.588,1.0618,1.0619,4.00,18.00
2009.08.31 11:29:00.708,1.0617,1.0618,1.00,10.40
2009.08.31 11:29:00.888,1.0617,1.06175,1.00,2.40
2009.08.31 11:29:01.237,1.0617,1.0618,1.00,1.70
2009.08.31 11:29:01.527,1.0617,1.0618,1.00,1.60
2009.08.31 11:29:02.568,1.0617,1.06175,1.00,1.60
2009.08.31 11:29:02.857,1.06165,1.06175,1.00,1.60
2009.08.31 11:29:03.157,1.0616,1.06165,4.80,1.60
2009.08.31 11:29:03.498,1.0616,1.0618,2.00,8.50
2009.08.31 11:29:03.847,1.0616,1.0618,2.00,12.90
2009.08.31 11:29:04.487,1.06155,1.06175,11.70,6.40
2009.08.31 11:29:05.467,1.06155,1.0618,21.60,12.50
2009.08.31 11:29:05.747,1.06155,1.0618,18.90,15.30
2009.08.31 11:29:06.047,1.06155,1.0617,11.20,1.60
2009.08.31 11:29:06.347,1.06155,1.06175,11.20,6.40
2009.08.31 11:29:06.696,1.0616,1.06175,2.10,1.60
2009.08.31 11:29:07.046,1.0616,1.0617,1.00,1.60
2009.08.31 11:29:07.386,1.0616,1.06175,2.90,1.60
2009.08.31 11:29:08.086,1.06155,1.06175,17.30,1.60
2009.08.31 11:29:08.446,1.06165,1.0617,4.80,1.60
2009.08.31 11:29:09.295,1.06165,1.06175,4.80,6.40
2009.08.31 11:29:10.335,1.06155,1.06175,16.50,6.40
2009.08.31 11:29:10.905,1.06165,1.0617,4.00,1.60
2009.08.31 11:29:11.205,1.06165,1.0617,4.80,1.60
2009.08.31 11:29:11.495,1.0616,1.0617,6.40,1.60
2009.08.31 11:29:12.005,1.0616,1.0617,6.50,1.60
2009.08.31 11:29:12.525,1.0617,1.0618,1.60,4.80
2009.08.31 11:29:12.815,1.06165,1.0618,1.20,4.80
2009.08.31 11:29:13.165,1.06165,1.0618,2.50,1.60
2009.08.31 11:29:13.465,1.0616,1.0618,8.30,4.80
2009.08.31 11:29:13.875,1.0616,1.06175,11.60,6.40
2009.08.31 11:29:14.175,1.0616,1.06175,11.20,6.40
2009.08.31 11:29:14.874,1.0616,1.06175,13.20,1.60
2009.08.31 11:29:15.224,1.06165,1.06175,2.40,1.60
2009.08.31 11:29:18.613,1.06165,1.06175,2.50,1.60
2009.08.31 11:29:20.233,1.0617,1.06175,1.00,1.60
2009.08.31 11:29:20.473,1.0617,1.06175,5.50,1.60
2009.08.31 11:29:20.703,1.0617,1.0618,7.20,1.60
2009.08.31 11:29:20.933,1.0617,1.0618,5.20,2.30
2009.08.31 11:29:21.163,1.0617,1.0618,4.80,2.80
2009.08.31 11:29:21.513,1.0616,1.06175,6.40,7.20
2009.08.31 11:29:21.903,1.0616,1.06175,2.00,7.20
2009.08.31 11:29:22.253,1.0616,1.06175,2.00,7.20
2009.08.31 11:29:23.282,1.0616,1.06175,2.80,7.20
2009.08.31 11:29:23.633,1.0616,1.06165,4.80,1.60
2009.08.31 11:29:23.982,1.06155,1.0617,6.40,3.20
2009.08.31 11:29:24.332,1.06155,1.0617,4.80,3.20
2009.08.31 11:29:25.372,1.06155,1.0617,4.00,3.20
2009.08.31 11:29:25.652,1.0615,1.0617,20.00,3.20
2009.08.31 11:29:30.800,1.0615,1.06165,20.80,1.60
2009.08.31 11:29:31.081,1.0615,1.06165,11.20,1.60
2009.08.31 11:29:33.380,1.0615,1.0617,11.20,3.20
2009.08.31 11:29:34.080,1.0615,1.06165,14.30,1.60
2009.08.31 11:29:34.430,1.0615,1.06165,20.80,1.60
2009.08.31 11:29:34.769,1.0615,1.06165,19.20,1.60
2009.08.31 11:29:35.119,1.06155,1.06165,5.60,1.60
2009.08.31 11:29:35.409,1.06155,1.0617,2.40,2.40
2009.08.31 11:29:36.019,1.0615,1.0616,11.20,1.60
2009.08.31 11:29:36.319,1.0615,1.0617,11.20,7.60
2009.08.31 11:29:36.609,1.0615,1.06165,11.20,1.60
2009.08.31 11:29:39.618,1.0615,1.0616,11.20,2.00
2009.08.31 11:29:39.858,1.0615,1.0616,8.60,1.60
2009.08.31 11:29:40.078,1.0615,1.0616,8.40,1.60
2009.08.31 11:29:41.108,1.0615,1.0616,8.60,1.60
2009.08.31 11:29:42.658,1.0615,1.0616,8.40,1.60
2009.08.31 11:29:43.967,1.0615,1.0616,8.60,1.60
2009.08.31 11:29:45.227,1.0615,1.0616,9.20,1.60
2009.08.31 11:29:45.467,1.0615,1.06165,5.60,16.00
2009.08.31 11:29:45.757,1.0615,1.0617,1.60,21.70
2009.08.31 11:29:48.116,1.0615,1.0616,1.60,1.90
2009.08.31 11:29:51.076,1.0615,1.0616,1.60,2.10
2009.08.31 11:29:51.645,1.0615,1.0616,1.60,10.10
2009.08.31 11:29:51.766,1.0614,1.06155,17.60,1.60
2009.08.31 11:29:52.066,1.0614,1.0616,14.40,15.70
2009.08.31 11:29:52.755,1.06145,1.0616,1.00,15.70
2009.08.31 11:29:53.445,1.06145,1.06155,1.00,1.60
2009.08.31 11:29:53.735,1.0614,1.0616,14.40,15.90
2009.08.31 11:29:54.435,1.06145,1.0616,1.00,15.70
2009.08.31 11:29:55.465,1.06145,1.06155,2.30,1.60
2009.08.31 11:29:58.004,1.06145,1.06155,2.40,1.60
2009.08.31 11:29:58.294,1.06145,1.06155,2.30,1.60
2009.08.31 11:29:59.834,1.06145,1.06155,2.70,1.60
2009.08.31 11:30:00.173,1.06145,1.0616,3.00,1.60
2009.08.31 11:30:00.523,1.0615,1.06165,2.10,6.40
2009.08.31 11:30:00.873,1.0615,1.06165,4.80,1.60
2009.08.31 11:30:01.223,1.0615,1.0617,16.60,2.10
2009.08.31 11:30:01.563,1.06155,1.06165,1.00,1.60
2009.08.31 11:30:02.663,1.0615,1.06165,12.40,1.60
2009.08.31 11:30:03.003,1.0616,1.06175,2.70,6.40
2009.08.31 11:30:03.333,1.0616,1.06175,2.70,1.60
2009.08.31 11:30:03.663,1.0616,1.06175,2.40,1.60
2009.08.31 11:30:04.003,1.0616,1.06175,3.30,6.40
2009.08.31 11:30:04.342,1.0616,1.06175,3.20,6.40
2009.08.31 11:30:04.742,1.0616,1.0617,7.20,1.60
2009.08.31 11:30:05.432,1.0616,1.0617,6.70,1.60
2009.08.31 11:30:06.122,1.0616,1.0617,6.80,1.60
2009.08.31 11:30:07.492,1.0616,1.0617,6.70,1.60
2009.08.31 11:30:09.171,1.0616,1.0617,7.20,1.60
2009.08.31 11:30:09.511,1.0616,1.0617,7.30,1.60
2009.08.31 11:30:11.351,1.0616,1.0617,6.80,1.60
2009.08.31 11:30:15.150,1.0616,1.0617,8.40,1.60
2009.08.31 11:30:21.088,1.0616,1.0617,6.80,1.60
2009.08.31 11:30:23.218,1.0616,1.0617,2.80,1.60
2009.08.31 11:30:24.168,1.0616,1.0617,6.80,1.60
2009.08.31 11:30:25.997,1.0616,1.06175,6.80,1.60
2009.08.31 11:30:26.687,1.0616,1.0617,6.80,1.60
2009.08.31 11:30:32.985,1.0616,1.06175,6.80,1.60
2009.08.31 11:30:36.035,1.0616,1.06175,7.60,1.60
2009.08.31 11:30:36.315,1.0616,1.06175,10.00,1.60
2009.08.31 11:30:36.605,1.0616,1.06175,9.60,1.60
2009.08.31 11:30:36.945,1.0616,1.06175,10.00,1.60
2009.08.31 11:30:37.415,1.0617,1.0618,1.60,2.80
2009.08.31 11:30:38.114,1.0617,1.0618,1.60,11.20
2009.08.31 11:30:38.474,1.0616,1.06175,7.30,1.60
2009.08.31 11:30:38.824,1.0616,1.06175,8.50,1.60
2009.08.31 11:30:39.444,1.0616,1.0617,3.20,1.60
2009.08.31 11:30:39.774,1.06155,1.0616,2.40,1.60
2009.08.31 11:30:40.064,1.0615,1.06165,19.20,1.60
2009.08.31 11:30:40.354,1.06155,1.06165,5.60,1.60
2009.08.31 11:30:40.634,1.06155,1.06165,5.40,1.60
2009.08.31 11:30:40.993,1.06155,1.06165,5.60,1.60
2009.08.31 11:30:41.333,1.06155,1.06165,1.40,1.60
2009.08.31 11:30:41.674,1.0615,1.06165,12.00,1.60
2009.08.31 11:30:41.963,1.0615,1.06165,7.20,1.60
2009.08.31 11:30:42.544,1.06155,1.0617,1.00,16.00
2009.08.31 11:30:42.834,1.06165,1.0617,1.00,4.80
2009.08.31 11:30:43.233,1.06155,1.0617,9.00,1.60
2009.08.31 11:30:44.263,1.06155,1.0617,2.50,1.60
2009.08.31 11:30:44.773,1.06155,1.06165,2.40,1.60
2009.08.31 11:30:45.123,1.06155,1.0617,9.30,1.60
2009.08.31 11:30:45.802,1.06155,1.06165,2.40,1.60
2009.08.31 11:30:46.362,1.06155,1.0617,2.50,1.60
2009.08.31 11:30:46.653,1.06155,1.0617,2.40,1.60
2009.08.31 11:30:49.121,1.0616,1.0617,1.60,1.60
2009.08.31 11:30:49.452,1.0616,1.0617,2.00,1.60
2009.08.31 11:30:49.841,1.06155,1.0617,14.00,1.60
2009.08.31 11:30:50.171,1.06155,1.0617,12.50,1.60
2009.08.31 11:30:50.411,1.06155,1.0617,17.70,1.60
2009.08.31 11:30:50.802,1.06155,1.0617,12.40,1.60
2009.08.31 11:30:50.971,1.06155,1.0617,12.00,1.60
2009.08.31 11:30:51.311,1.0616,1.06175,2.90,1.60
2009.08.31 11:30:51.691,1.0616,1.0617,4.70,1.60
2009.08.31 11:30:52.041,1.0616,1.0617,10.20,1.60
2009.08.31 11:30:52.341,1.06165,1.0618,2.50,7.60
2009.08.31 11:30:52.681,1.06165,1.06175,1.00,1.60
2009.08.31 11:30:54.020,1.0616,1.0617,7.20,1.60
2009.08.31 11:30:55.670,1.06165,1.06175,1.00,1.60
2009.08.31 11:30:55.960,1.06165,1.06175,3.20,1.60
2009.08.31 11:30:56.240,1.0617,1.0618,1.00,2.80
2009.08.31 11:30:56.530,1.06185,1.062,1.60,4.90
2009.08.31 11:30:56.880,1.06185,1.0621,1.60,11.20
2009.08.31 11:30:57.290,1.0619,1.0621,1.60,4.80
2009.08.31 11:30:57.580,1.06175,1.06195,13.60,1.60
2009.08.31 11:30:57.980,1.0618,1.06195,2.30,1.60
2009.08.31 11:30:59.759,1.0618,1.06195,3.10,1.60
2009.08.31 11:31:00.119,1.0618,1.0619,3.10,1.60
2009.08.31 11:31:01.649,1.0618,1.06195,3.10,1.60
2009.08.31 11:31:01.989,1.0618,1.0619,4.50,1.60
2009.08.31 11:31:02.279,1.0617,1.06185,6.40,1.60
2009.08.31 11:31:02.628,1.0617,1.0618,6.40,1.60
2009.08.31 11:31:02.978,1.0617,1.06185,6.50,1.60
2009.08.31 11:31:03.318,1.0617,1.06185,6.90,1.60
2009.08.31 11:31:04.028,1.06175,1.06185,1.00,1.60
2009.08.31 11:31:05.558,1.06175,1.06185,1.20,1.60
2009.08.31 11:31:05.668,1.06175,1.06185,4.20,1.60
2009.08.31 11:31:05.837,1.06175,1.06185,6.60,1.60
2009.08.31 11:31:06.118,1.06175,1.06185,4.80,1.60
2009.08.31 11:31:06.417,1.0617,1.06185,12.50,1.60
2009.08.31 11:31:07.148,1.0617,1.06185,14.10,1.60
2009.08.31 11:31:07.497,1.0617,1.06185,8.50,1.60
2009.08.31 11:31:07.837,1.0617,1.06185,13.70,1.60
2009.08.31 11:31:08.207,1.0617,1.0619,13.30,1.60
2009.08.31 11:31:08.507,1.0617,1.06185,9.30,1.60
2009.08.31 11:31:08.847,1.0617,1.06185,13.30,1.60
2009.08.31 11:31:18.115,1.06175,1.06185,4.80,1.60
2009.08.31 11:31:18.345,1.06175,1.0619,4.80,1.60
2009.08.31 11:31:18.515,1.06175,1.0619,5.10,2.00
2009.08.31 11:31:18.754,1.0617,1.0619,16.30,2.00
2009.08.31 11:31:18.935,1.0617,1.0619,14.30,2.00
2009.08.31 11:31:19.514,1.0618,1.0619,2.00,1.60
2009.08.31 11:31:19.864,1.0618,1.0619,2.40,2.40
2009.08.31 11:31:20.204,1.0618,1.0619,2.70,1.60
2009.08.31 11:31:21.894,1.0618,1.0619,2.90,1.60
2009.08.31 11:31:22.234,1.0618,1.06195,2.90,4.80
2009.08.31 11:31:22.414,1.0618,1.06195,6.50,4.80
2009.08.31 11:31:22.823,1.0618,1.0619,6.50,1.60
2009.08.31 11:31:24.283,1.0618,1.0619,5.70,1.60
2009.08.31 11:31:24.683,1.0618,1.0619,1.60,2.40
2009.08.31 11:31:25.713,1.0618,1.0619,1.70,2.40
2009.08.31 11:31:26.003,1.0618,1.0619,1.90,2.40
2009.08.31 11:31:26.852,1.0618,1.0619,1.70,2.40
2009.08.31 11:31:27.082,1.0618,1.0619,1.60,2.40
2009.08.31 11:31:28.392,1.0618,1.0619,1.70,2.40
2009.08.31 11:31:30.352,1.0618,1.0619,1.60,2.40
2009.08.31 11:31:30.581,1.0618,1.0619,1.70,2.40
2009.08.31 11:31:31.051,1.0618,1.0619,1.60,2.40
2009.08.31 11:31:35.720,1.0618,1.0619,1.70,2.40
2009.08.31 11:31:35.900,1.0618,1.0619,1.60,2.40
2009.08.31 11:31:37.420,1.0618,1.0619,1.70,2.40
2009.08.31 11:31:37.830,1.0618,1.0619,1.60,2.40
2009.08.31 11:31:39.669,1.0618,1.0619,1.70,2.40
2009.08.31 11:31:40.029,1.0618,1.0619,1.60,2.40
2009.08.31 11:31:42.039,1.0618,1.0619,1.60,10.40
2009.08.31 11:31:42.379,1.0617,1.0618,3.60,1.60
2009.08.31 11:31:42.659,1.0617,1.06185,2.40,2.40
2009.08.31 11:31:42.999,1.0617,1.0619,2.70,6.40
2009.08.31 11:31:43.339,1.06175,1.06185,2.40,4.80
2009.08.31 11:31:43.689,1.0618,1.0619,1.60,3.60
2009.08.31 11:31:44.098,1.0618,1.0619,1.60,2.40
2009.08.31 11:31:45.479,1.0618,1.0619,1.70,2.40
2009.08.31 11:31:45.818,1.0618,1.0619,1.60,2.40
2009.08.31 11:31:48.927,1.0618,1.0619,1.60,2.80
2009.08.31 11:31:49.277,1.0618,1.0619,1.60,4.80
2009.08.31 11:31:52.446,1.06175,1.0619,1.60,15.60
2009.08.31 11:31:52.616,1.0617,1.06185,6.50,1.60
2009.08.31 11:31:53.006,1.06175,1.06185,1.00,1.60
2009.08.31 11:31:53.566,1.0618,1.0619,1.60,4.80
2009.08.31 11:31:53.976,1.0618,1.0619,1.60,2.40
2009.08.31 11:31:59.275,1.0619,1.06195,1.60,5.60
2009.08.31 11:31:59.635,1.06195,1.062,1.60,4.80
2009.08.31 11:31:59.985,1.06175,1.062,6.10,9.60
2009.08.31 11:32:00.334,1.06175,1.06195,4.00,4.80
2009.08.31 11:32:00.514,1.0617,1.06195,2.40,4.80
2009.08.31 11:32:05.923,1.06175,1.0619,1.80,1.60
2009.08.31 11:32:06.103,1.06175,1.0619,2.20,1.60
2009.08.31 11:32:06.273,1.0618,1.06195,1.60,4.80
2009.08.31 11:32:06.443,1.06185,1.06195,1.60,4.80
2009.08.31 11:32:06.613,1.0618,1.06195,1.60,4.80
2009.08.31 11:32:07.473,1.06185,1.06195,1.60,4.80
2009.08.31 11:32:07.823,1.0618,1.06195,1.60,4.80
2009.08.31 11:32:09.542,1.0618,1.0619,1.60,1.60
2009.08.31 11:32:09.832,1.06185,1.06195,1.60,4.80
2009.08.31 11:32:11.102,1.0618,1.06195,2.40,4.80
2009.08.31 11:32:11.971,1.0618,1.06195,2.50,4.80
2009.08.31 11:32:14.221,1.0618,1.06195,2.50,9.20
2009.08.31 11:32:14.461,1.0618,1.0619,1.60,1.60
2009.08.31 11:32:14.811,1.06185,1.06195,1.60,4.80
2009.08.31 11:32:15.161,1.0618,1.06195,2.00,4.80
2009.08.31 11:32:15.691,1.06185,1.06195,1.60,4.80
2009.08.31 11:32:17.210,1.06175,1.0619,5.60,2.00
2009.08.31 11:32:17.550,1.0618,1.0619,1.60,1.00
2009.08.31 11:32:19.260,1.06175,1.0619,1.80,2.00
2009.08.31 11:32:19.890,1.0618,1.0619,1.60,1.00
2009.08.31 11:32:25.219,1.06175,1.0619,1.80,2.00
2009.08.31 11:32:25.458,1.0617,1.06185,13.00,1.60
2009.08.31 11:32:26.608,1.06175,1.0619,1.80,2.00
2009.08.31 11:32:30.217,1.0618,1.0619,1.60,1.00
2009.08.31 11:32:30.637,1.0618,1.0619,1.60,9.10
2009.08.31 11:32:30.967,1.0616,1.0618,19.30,1.60
2009.08.31 11:32:31.317,1.06165,1.06175,3.20,1.60
2009.08.31 11:32:31.657,1.0616,1.06175,1.80,1.60
2009.08.31 11:32:32.007,1.06165,1.0618,1.80,6.40
2009.08.31 11:32:32.367,1.0616,1.06175,9.40,1.60
2009.08.31 11:32:41.304,1.0616,1.0618,9.40,6.40
2009.08.31 11:32:41.594,1.0616,1.0618,8.60,6.40
2009.08.31 11:32:41.884,1.0616,1.06175,8.20,1.60
2009.08.31 11:32:42.184,1.06165,1.0618,1.80,6.40
2009.08.31 11:32:42.535,1.0616,1.0618,8.20,6.40
2009.08.31 11:32:52.182,1.0616,1.0618,9.20,6.40
2009.08.31 11:32:52.412,1.0616,1.06175,8.80,1.60
2009.08.31 11:32:52.642,1.06165,1.0618,4.40,4.80
2009.08.31 11:32:54.021,1.06165,1.0618,4.60,4.80
2009.08.31 11:32:59.920,1.06165,1.0618,4.40,2.30
2009.08.31 11:33:00.280,1.0616,1.06175,17.00,1.60
2009.08.31 11:33:00.510,1.0616,1.06175,16.60,1.60
2009.08.31 11:33:00.800,1.0616,1.06175,17.00,1.60
2009.08.31 11:33:01.540,1.0616,1.06175,12.20,1.60
2009.08.31 11:33:01.770,1.0616,1.06175,11.80,1.60
2009.08.31 11:33:02.569,1.0616,1.06175,14.20,1.60
2009.08.31 11:33:02.850,1.06165,1.0618,5.40,4.80
2009.08.31 11:33:05.489,1.0617,1.0618,1.60,4.80
2009.08.31 11:33:06.738,1.0616,1.06175,14.40,1.60
2009.08.31 11:33:08.868,1.06165,1.0618,5.60,1.60
2009.08.31 11:33:09.148,1.06175,1.06185,1.60,4.80
2009.08.31 11:33:09.428,1.06165,1.0618,9.40,4.80
2009.08.31 11:33:09.718,1.06165,1.0618,8.00,4.80
2009.08.31 11:33:10.068,1.06165,1.0618,6.40,6.40
2009.08.31 11:33:10.418,1.06165,1.0618,8.00,4.80
2009.08.31 11:33:24.864,1.0617,1.0618,3.40,4.80
2009.08.31 11:33:25.224,1.0617,1.0618,3.40,1.60
2009.08.31 11:33:25.614,1.06165,1.0618,8.00,1.60
2009.08.31 11:33:25.844,1.06175,1.0618,1.00,6.40
2009.08.31 11:33:26.024,1.06165,1.06185,12.00,11.20
2009.08.31 11:33:26.244,1.06165,1.0618,12.00,1.60
2009.08.31 11:33:26.604,1.06165,1.0618,6.40,1.60
2009.08.31 11:33:26.944,1.06165,1.0618,6.50,6.40
2009.08.31 11:33:29.253,1.06165,1.0618,8.10,4.80
2009.08.31 11:33:29.473,1.06175,1.0618,1.00,4.80
2009.08.31 11:33:29.653,1.06175,1.0618,1.00,1.60
2009.08.31 11:33:30.003,1.06165,1.0618,6.50,1.60
2009.08.31 11:33:30.343,1.0617,1.0618,2.40,1.60
2009.08.31 11:33:30.693,1.06175,1.0618,1.00,1.60
2009.08.31 11:33:37.271,1.06175,1.06185,1.00,4.80
2009.08.31 11:33:42.310,1.06175,1.06185,1.00,6.40
2009.08.31 11:33:43.490,1.06175,1.06185,1.00,4.80
2009.08.31 11:33:44.429,1.0617,1.0618,2.40,1.60
2009.08.31 11:33:44.719,1.0617,1.0618,1.60,1.60
2009.08.31 11:33:44.949,1.0617,1.0618,1.60,4.80
2009.08.31 11:33:45.249,1.06165,1.0618,5.40,4.80
2009.08.31 11:33:50.658,1.06165,1.0618,5.40,1.60
2009.08.31 11:33:58.187,1.06165,1.0618,1.80,4.80
2009.08.31 11:33:58.366,1.06165,1.0618,1.80,14.80
2009.08.31 11:33:58.596,1.06165,1.06175,3.30,1.60
2009.08.31 11:33:58.826,1.06165,1.0617,3.30,1.60
2009.08.31 11:33:59.366,1.06165,1.0617,2.50,1.60
2009.08.31 11:33:59.706,1.06155,1.06165,8.10,1.60
2009.08.31 11:34:00.056,1.06155,1.0617,6.90,10.00
2009.08.31 11:34:01.135,1.06155,1.0617,7.20,10.00
2009.08.31 11:34:02.725,1.06155,1.0617,4.00,10.00
2009.08.31 11:34:03.005,1.06155,1.0617,3.80,17.30
2009.08.31 11:34:03.285,1.06155,1.06165,2.80,7.20
2009.08.31 11:34:03.635,1.06155,1.06165,1.00,2.10
2009.08.31 11:34:03.935,1.06155,1.06165,1.00,2.00
2009.08.31 11:34:04.235,1.06155,1.06165,1.00,6.80
2009.08.31 11:34:04.974,1.06155,1.0616,1.00,1.60
2009.08.31 11:34:05.324,1.06155,1.0617,1.00,13.30
2009.08.31 11:34:07.414,1.06155,1.06165,1.00,6.80
2009.08.31 11:34:08.334,1.0615,1.0616,8.00,1.60
2009.08.31 11:34:08.684,1.06155,1.0616,1.00,1.60
2009.08.31 11:34:11.483,1.06155,1.06165,2.20,4.80
2009.08.31 11:34:14.722,1.06155,1.06165,1.60,4.80
2009.08.31 11:34:15.072,1.06155,1.0616,1.00,1.60
2009.08.31 11:34:15.402,1.06155,1.06165,1.00,1.60
2009.08.31 11:34:15.742,1.06155,1.0617,2.60,8.10
2009.08.31 11:34:16.452,1.06155,1.0617,2.90,8.10
2009.08.31 11:34:19.271,1.06155,1.0617,2.90,8.40
2009.08.31 11:34:19.601,1.06155,1.0616,1.00,1.60
2009.08.31 11:34:19.961,1.06145,1.06165,16.80,6.40
2009.08.31 11:34:20.301,1.0615,1.0617,6.10,22.40
2009.08.31 11:34:20.641,1.06145,1.0617,19.70,17.60
2009.08.31 11:34:21.001,1.0615,1.0617,6.10,17.60
2009.08.31 11:34:28.069,1.0615,1.0616,6.10,1.60
2009.08.31 11:34:28.299,1.0615,1.06165,6.00,1.60
2009.08.31 11:34:28.579,1.0615,1.0617,6.00,21.10
2009.08.31 11:34:28.859,1.0615,1.0617,6.10,11.20
2009.08.31 11:34:29.149,1.0615,1.0617,6.10,21.10
2009.08.31 11:34:29.379,1.0615,1.0617,6.10,16.30
2009.08.31 11:34:30.078,1.06155,1.0617,2.50,16.10
2009.08.31 11:34:30.528,1.06155,1.06175,6.90,25.50
2009.08.31 11:34:33.178,1.06155,1.0616,6.90,1.60
2009.08.31 11:34:33.527,1.06155,1.0617,6.90,15.70
2009.08.31 11:34:35.427,1.06155,1.0617,3.60,15.70
2009.08.31 11:34:57.592,1.06155,1.0617,7.70,4.80
2009.08.31 11:34:57.822,1.06155,1.0617,8.50,4.80
2009.08.31 11:34:58.502,1.06155,1.0617,8.50,7.70
2009.08.31 11:34:58.861,1.06155,1.06165,6.80,1.60
2009.08.31 11:34:59.152,1.06155,1.06165,2.40,6.80
2009.08.31 11:34:59.381,1.06155,1.0617,3.40,10.50
2009.08.31 11:34:59.901,1.06155,1.0617,6.80,8.10
2009.08.31 11:35:00.421,1.06155,1.0617,6.90,8.10
2009.08.31 11:35:02.121,1.06155,1.06165,8.50,1.60
2009.08.31 11:35:03.400,1.06155,1.0617,8.50,8.10
2009.08.31 11:35:06.110,1.06155,1.0616,6.90,1.60
2009.08.31 11:35:07.839,1.06155,1.06175,6.90,19.10
2009.08.31 11:35:09.159,1.06155,1.0617,8.50,15.70
2009.08.31 11:35:09.859,1.06155,1.0617,8.50,8.10
2009.08.31 11:35:11.248,1.06155,1.0616,6.90,1.60
2009.08.31 11:35:13.218,1.06155,1.06175,8.50,14.30
2009.08.31 11:35:17.867,1.06155,1.0617,8.50,7.70
2009.08.31 11:35:18.087,1.06155,1.0617,8.50,7.60
2009.08.31 11:35:18.327,1.06165,1.06175,1.00,6.40
2009.08.31 11:35:18.557,1.0617,1.06175,2.40,1.60
2009.08.31 11:35:18.787,1.0617,1.06175,3.40,4.80
2009.08.31 11:35:19.537,1.0617,1.0618,5.00,4.80
2009.08.31 11:35:19.886,1.0617,1.06175,3.40,1.60
2009.08.31 11:35:20.956,1.0617,1.06175,3.60,1.60
2009.08.31 11:35:21.486,1.0617,1.06175,3.40,1.60
2009.08.31 11:35:21.936,1.0617,1.0618,3.40,4.80
2009.08.31 11:35:23.096,1.0617,1.0618,3.60,4.80
2009.08.31 11:35:25.075,1.0617,1.0618,3.40,4.80
2009.08.31 11:35:25.645,1.06165,1.0618,6.00,6.40
2009.08.31 11:35:25.935,1.06165,1.06175,3.60,1.60
2009.08.31 11:35:26.215,1.06165,1.06175,1.00,1.60
2009.08.31 11:35:26.505,1.06165,1.0618,2.60,4.80
2009.08.31 11:35:27.895,1.06165,1.0618,3.40,4.80
2009.08.31 11:35:28.304,1.06165,1.0618,6.40,4.80
2009.08.31 11:35:35.612,1.06165,1.0618,6.40,6.40
2009.08.31 11:35:38.202,1.06165,1.06175,4.80,1.60
2009.08.31 11:35:39.312,1.06165,1.0618,6.40,6.40
2009.08.31 11:35:40.461,1.06165,1.06175,4.80,1.60
2009.08.31 11:35:43.331,1.06165,1.06175,1.00,1.60
2009.08.31 11:35:48.090,1.0616,1.06175,5.70,4.00
2009.08.31 11:35:48.379,1.0616,1.0617,12.90,1.60
2009.08.31 11:35:48.679,1.0616,1.0617,4.80,1.60
2009.08.31 11:35:49.029,1.0616,1.0617,5.30,1.60
2009.08.31 11:35:50.069,1.0616,1.0617,5.30,1.70
2009.08.31 11:35:51.109,1.0616,1.0617,1.60,1.70
2009.08.31 11:35:52.999,1.0616,1.0617,2.00,1.70
2009.08.31 11:35:53.289,1.0616,1.0617,2.40,1.00
2009.08.31 11:35:53.579,1.0616,1.0617,5.40,1.00
2009.08.31 11:36:00.307,1.0616,1.0617,5.00,1.00
2009.08.31 11:36:00.656,1.0616,1.0617,5.00,1.70
2009.08.31 11:36:00.987,1.0616,1.0617,2.00,1.70
2009.08.31 11:36:01.267,1.0616,1.0617,5.90,1.00
2009.08.31 11:36:01.566,1.0616,1.0617,7.80,1.60
2009.08.31 11:36:01.846,1.06165,1.06175,1.00,7.00
2009.08.31 11:36:02.136,1.06165,1.06175,1.00,6.40
2009.08.31 11:36:05.055,1.0617,1.0618,2.10,9.60
2009.08.31 11:36:05.386,1.0618,1.0619,2.50,10.20
2009.08.31 11:36:05.725,1.0618,1.0619,2.50,4.60
2009.08.31 11:36:06.085,1.0618,1.06195,2.10,17.60
2009.08.31 11:36:06.425,1.0618,1.062,2.50,22.00
2009.08.31 11:36:06.785,1.06175,1.0619,4.70,7.70
2009.08.31 11:36:07.125,1.06175,1.0619,3.10,7.70
2009.08.31 11:36:07.455,1.06175,1.0619,1.00,7.70
2009.08.31 11:36:08.485,1.0617,1.0619,7.60,13.60
2009.08.31 11:36:08.825,1.0617,1.06185,7.10,4.80
2009.08.31 11:36:09.414,1.0617,1.0619,4.70,15.10
2009.08.31 11:36:09.535,1.0617,1.06185,2.50,9.60
2009.08.31 11:36:09.764,1.0617,1.06185,2.10,9.60
2009.08.31 11:36:09.884,1.0617,1.06185,3.70,11.80
2009.08.31 11:36:10.925,1.0617,1.06185,3.70,10.30
2009.08.31 11:36:11.164,1.0617,1.06185,1.60,10.30
2009.08.31 11:36:19.622,1.0617,1.0618,1.60,9.70
2009.08.31 11:36:19.802,1.0617,1.06185,1.60,8.90
2009.08.31 11:36:20.022,1.0617,1.06185,1.60,12.30
2009.08.31 11:36:22.241,1.06175,1.06185,1.60,4.80
2009.08.31 11:36:22.462,1.0617,1.06185,4.80,4.90
2009.08.31 11:36:23.541,1.0617,1.06185,2.40,10.20
2009.08.31 11:36:23.831,1.06165,1.0618,10.40,1.60
2009.08.31 11:36:24.111,1.0617,1.0618,1.60,1.70
2009.08.31 11:36:25.181,1.06165,1.0618,10.80,1.70
2009.08.31 11:36:25.471,1.0617,1.06185,1.00,10.00
2009.08.31 11:36:26.101,1.06165,1.06185,10.00,11.60
2009.08.31 11:36:26.390,1.0617,1.06185,2.40,11.60
2009.08.31 11:36:26.690,1.0617,1.06185,2.40,10.20
2009.08.31 11:36:32.589,1.0617,1.0618,1.60,1.60
2009.08.31 11:36:32.829,1.0617,1.0618,2.50,1.60
2009.08.31 11:36:33.059,1.0617,1.0618,4.90,1.60
2009.08.31 11:36:33.289,1.0617,1.0618,5.40,1.60
2009.08.31 11:36:33.509,1.0617,1.0618,6.20,1.60
2009.08.31 11:36:35.518,1.0618,1.0619,1.60,2.40
2009.08.31 11:36:35.848,1.0618,1.0619,1.60,1.70
2009.08.31 11:36:36.438,1.06175,1.0619,1.60,18.00
2009.08.31 11:36:36.718,1.06175,1.06185,1.60,4.80
2009.08.31 11:36:37.048,1.06175,1.0619,2.40,13.70
2009.08.31 11:36:37.398,1.06175,1.0619,1.00,13.70
2009.08.31 11:36:43.676,1.0617,1.06185,6.20,4.80
2009.08.31 11:36:45.096,1.0617,1.0619,6.40,13.70
2009.08.31 11:36:45.776,1.0617,1.0619,6.20,13.70
2009.08.31 11:36:46.176,1.0617,1.0618,2.10,1.60
2009.08.31 11:36:46.436,1.06165,1.0618,2.10,1.60
2009.08.31 11:36:46.716,1.06165,1.06185,2.10,9.60
2009.08.31 11:36:46.946,1.0616,1.0618,3.70,8.80
2009.08.31 11:36:47.295,1.0616,1.0617,1.30,16.90
2009.08.31 11:36:47.695,1.06155,1.06175,4.00,31.90
2009.08.31 11:36:47.995,1.06155,1.0617,4.80,16.40
2009.08.31 11:36:48.335,1.06155,1.06175,4.80,26.00
2009.08.31 11:36:48.565,1.06155,1.0617,4.80,10.60
2009.08.31 11:36:48.845,1.06155,1.0617,4.80,4.80
2009.08.31 11:36:49.485,1.06155,1.0617,4.80,14.90
2009.08.31 11:36:49.845,1.06155,1.0617,4.80,10.10
2009.08.31 11:36:50.195,1.0616,1.0617,2.40,10.10
2009.08.31 11:36:50.485,1.0616,1.0618,5.00,18.40
2009.08.31 11:36:50.714,1.0616,1.0618,5.00,18.40
2009.08.31 11:36:50.994,1.0616,1.0618,5.00,23.20
2009.08.31 11:36:51.624,1.0616,1.06175,5.00,7.40
2009.08.31 11:36:51.974,1.0616,1.0618,5.00,23.20
2009.08.31 11:36:52.324,1.0616,1.0618,4.80,23.20
2009.08.31 11:36:52.664,1.0616,1.06175,4.60,8.30
2009.08.31 11:36:52.994,1.0616,1.06175,2.40,8.30
2009.08.31 11:36:53.284,1.0616,1.06175,4.80,8.10
2009.08.31 11:36:53.624,1.0616,1.06175,2.40,8.20
2009.08.31 11:36:55.003,1.0616,1.0617,2.40,1.70
2009.08.31 11:37:00.402,1.06155,1.0617,7.00,1.70
2009.08.31 11:37:00.752,1.0616,1.0618,5.30,31.10
2009.08.31 11:37:01.102,1.0616,1.06175,3.00,7.20
2009.08.31 11:37:02.103,1.0616,1.06175,2.50,7.80
2009.08.31 11:37:02.462,1.0616,1.06175,2.50,7.90
2009.08.31 11:37:11.829,1.0616,1.06165,2.50,1.00
2009.08.31 11:37:12.939,1.0616,1.0617,5.40,1.90
2009.08.31 11:37:13.159,1.0616,1.06175,4.40,8.20
2009.08.31 11:37:13.549,1.0616,1.06175,3.00,8.20
2009.08.31 11:37:15.099,1.0616,1.0617,3.00,1.70
2009.08.31 11:37:16.708,1.0616,1.0617,1.00,1.70
2009.08.31 11:37:16.928,1.0616,1.0617,1.00,4.80
2009.08.31 11:37:17.518,1.0616,1.0617,1.00,4.80
2009.08.31 11:37:19.847,1.06155,1.0617,4.70,4.80
2009.08.31 11:37:24.667,1.06155,1.0617,1.60,4.80
2009.08.31 11:37:24.906,1.06155,1.0617,4.90,4.80
2009.08.31 11:37:25.256,1.06155,1.0617,9.70,1.70
2009.08.31 11:37:29.545,1.06155,1.0617,13.60,1.60
2009.08.31 11:37:29.936,1.0616,1.0617,4.80,1.60
2009.08.31 11:37:30.635,1.0616,1.06175,2.40,9.00
2009.08.31 11:37:31.205,1.0616,1.06175,2.40,11.30
2009.08.31 11:37:33.754,1.0616,1.06175,1.60,11.30
2009.08.31 11:37:40.353,1.06165,1.0617,1.60,4.80
2009.08.31 11:37:46.881,1.06145,1.0617,18.00,4.90
2009.08.31 11:37:49.390,1.0615,1.06175,18.00,9.70
2009.08.31 11:37:50.910,1.0615,1.06175,18.00,12.10
2009.08.31 11:37:51.260,1.0616,1.06175,1.60,16.40
2009.08.31 11:37:51.610,1.0616,1.0617,1.60,4.80
2009.08.31 11:37:52.310,1.0616,1.0617,1.60,4.80
2009.08.31 11:37:53.070,1.0616,1.0617,1.60,4.90
2009.08.31 11:37:57.698,1.0616,1.06175,1.60,16.40
2009.08.31 11:37:57.998,1.0616,1.06165,1.60,1.00
2009.08.31 11:37:58.389,1.0615,1.06165,13.60,1.00
2009.08.31 11:38:00.658,1.0616,1.06165,1.60,1.00
2009.08.31 11:38:01.307,1.0616,1.06175,1.60,16.40
2009.08.31 11:38:04.337,1.0616,1.0617,1.60,4.80
2009.08.31 11:38:04.677,1.06165,1.0617,1.60,4.80
2009.08.31 11:38:05.377,1.0616,1.0617,1.60,4.80
2009.08.31 11:38:08.896,1.0616,1.0617,1.60,4.90
2009.08.31 11:38:18.503,1.0616,1.0617,1.60,4.80
2009.08.31 11:38:19.323,1.0615,1.0617,13.30,4.80
2009.08.31 11:38:19.853,1.0616,1.06175,1.60,9.70
2009.08.31 11:38:22.153,1.06165,1.0618,1.60,12.80
2009.08.31 11:38:22.443,1.0617,1.0618,1.60,12.80
2009.08.31 11:38:23.133,1.06165,1.0618,1.60,13.70
2009.08.31 11:38:43.597,1.0616,1.06175,2.20,4.80
2009.08.31 11:38:43.838,1.0616,1.0618,2.00,14.40
2009.08.31 11:38:44.187,1.0616,1.0618,1.60,14.80
2009.08.31 11:38:49.336,1.0616,1.06175,1.60,5.20
2009.08.31 11:38:52.565,1.06155,1.06175,1.60,8.00
2009.08.31 11:38:53.395,1.0615,1.0617,12.80,2.10
2009.08.31 11:38:55.055,1.0616,1.06175,3.60,4.80
2009.08.31 11:38:55.404,1.06155,1.06175,5.50,2.60
2009.08.31 11:38:55.745,1.0615,1.0618,2.50,27.90
2009.08.31 11:38:56.094,1.0615,1.0618,12.50,27.90
2009.08.31 11:38:56.454,1.0615,1.0617,12.50,1.60
2009.08.31 11:38:56.804,1.0615,1.0618,12.50,27.90
2009.08.31 11:38:56.974,1.06155,1.0618,1.00,28.10
2009.08.31 11:38:57.154,1.06155,1.0618,2.10,19.60
2009.08.31 11:38:59.124,1.0615,1.06175,14.00,4.80
2009.08.31 11:38:59.304,1.06155,1.0617,2.00,1.60
2009.08.31 11:39:00.273,1.0615,1.06165,14.00,1.60
2009.08.31 11:39:00.453,1.06155,1.06175,2.00,8.40
2009.08.31 11:39:00.793,1.0616,1.0618,1.60,28.10
2009.08.31 11:39:01.133,1.0616,1.0618,1.60,19.60
2009.08.31 11:39:02.683,1.06165,1.0618,1.60,19.60
2009.08.31 11:39:02.843,1.06155,1.06175,1.60,8.10
2009.08.31 11:39:06.972,1.06155,1.0617,1.60,4.80
2009.08.31 11:39:07.272,1.06155,1.06175,2.00,12.90
2009.08.31 11:39:07.802,1.0615,1.0617,14.00,6.90
2009.08.31 11:39:08.092,1.0615,1.0617,12.40,6.90
2009.08.31 11:39:08.311,1.06155,1.06175,2.00,12.90
2009.08.31 11:39:08.721,1.0616,1.06175,1.60,8.00
2009.08.31 11:39:08.961,1.0616,1.06175,1.60,7.60
2009.08.31 11:39:09.201,1.0616,1.0618,1.60,18.80
2009.08.31 11:39:36.914,1.0616,1.06175,1.60,5.20
2009.08.31 11:39:41.753,1.0616,1.0617,1.60,1.00
2009.08.31 11:39:41.984,1.0616,1.0617,1.60,4.80
2009.08.31 11:39:42.333,1.0616,1.0617,1.60,1.00
2009.08.31 11:39:44.083,1.0616,1.0617,1.60,1.00
2009.08.31 11:39:54.201,1.0616,1.0617,1.60,1.00
2009.08.31 11:39:54.370,1.0616,1.06175,1.60,7.20
2009.08.31 11:39:54.540,1.0616,1.0618,1.60,18.40
2009.08.31 11:39:56.900,1.0616,1.0618,1.60,21.60
2009.08.31 11:39:57.300,1.0616,1.0618,1.60,30.00
2009.08.31 11:39:58.169,1.0616,1.0617,1.60,1.00
2009.08.31 11:39:58.459,1.0616,1.06175,1.60,7.90
2009.08.31 11:39:58.789,1.0616,1.06175,1.60,4.80
2009.08.31 11:40:00.479,1.0616,1.06175,1.60,4.90
2009.08.31 11:40:00.829,1.0616,1.0617,1.60,4.80
2009.08.31 11:40:03.268,1.06165,1.06175,1.60,12.10
2009.08.31 11:40:08.907,1.06165,1.0617,1.60,4.90
2009.08.31 11:40:09.497,1.06145,1.06175,11.20,12.20
2009.08.31 11:40:09.726,1.06155,1.06175,1.60,13.80
2009.08.31 11:40:10.656,1.0616,1.06175,1.60,16.90
2009.08.31 11:40:11.006,1.0616,1.06175,1.60,18.10
2009.08.31 11:40:13.316,1.06165,1.0617,1.60,8.80
2009.08.31 11:40:13.666,1.06155,1.0617,1.60,8.80
2009.08.31 11:40:19.984,1.06155,1.06165,1.60,1.00
2009.08.31 11:40:20.674,1.0616,1.0617,1.60,18.60
2009.08.31 11:40:21.084,1.0616,1.06175,1.60,26.90
2009.08.31 11:40:21.314,1.0616,1.06175,1.60,26.40
2009.08.31 11:40:22.403,1.06155,1.06175,1.60,26.10
2009.08.31 11:40:22.923,1.0616,1.06175,1.60,26.10
2009.08.31 11:40:28.862,1.0616,1.06165,1.60,2.40
2009.08.31 11:40:29.142,1.0615,1.06165,8.80,9.60
2009.08.31 11:40:29.422,1.0615,1.06165,4.80,10.40
2009.08.31 11:40:29.662,1.0615,1.06165,1.60,10.50
2009.08.31 11:40:33.701,1.0616,1.06165,1.60,4.80
2009.08.31 11:40:33.931,1.06155,1.0617,3.20,14.50
2009.08.31 11:40:34.151,1.06155,1.0617,1.60,19.30
2009.08.31 11:40:34.361,1.0615,1.06165,2.00,7.30
2009.08.31 11:40:40.029,1.0615,1.0616,2.40,1.60
2009.08.31 11:40:42.869,1.0615,1.06165,2.40,6.50
2009.08.31 11:40:43.269,1.0615,1.06165,2.40,6.40
2009.08.31 11:40:43.559,1.0615,1.06165,2.40,6.50
2009.08.31 11:40:45.288,1.0615,1.0616,2.40,1.60
2009.08.31 11:40:50.957,1.0615,1.06165,9.20,6.50
2009.08.31 11:40:51.187,1.0615,1.06165,9.20,6.40
2009.08.31 11:40:51.417,1.0615,1.06165,9.20,6.50
2009.08.31 11:40:53.526,1.0615,1.0616,9.20,1.60
2009.08.31 11:40:56.585,1.0615,1.06165,9.20,6.50
2009.08.31 11:41:00.624,1.0615,1.0616,9.20,1.60
2009.08.31 11:41:02.344,1.0615,1.0616,6.40,1.60
