2010.09.20 01:00:02.029,1.0099,1.01005,1.60,1.00
2010.09.20 01:00:02.236,1.0099,1.01005,1.60,1.00
2010.09.20 01:00:02.445,1.0099,1.01005,1.00,1.70
2010.09.20 01:00:03.124,1.00985,1.01,7.20,1.00
2010.09.20 01:00:03.469,1.0099,1.01005,1.00,2.40
2010.09.20 01:00:03.815,1.0099,1.0101,1.00,3.20
2010.09.20 01:00:05.421,1.0099,1.0101,1.60,3.20
2010.09.20 01:00:10.534,1.0099,1.0101,1.60,1.60
2010.09.20 01:00:10.873,1.0099,1.0101,4.00,2.40
2010.09.20 01:00:12.347,1.0099,1.01005,3.20,1.60
2010.09.20 01:00:12.606,1.00985,1.01005,1.60,4.00
2010.09.20 01:00:14.362,1.00985,1.01005,2.40,2.40
2010.09.20 01:00:14.937,1.00985,1.01005,6.40,1.00
2010.09.20 01:00:14.999,1.0099,1.0101,1.60,3.20
2010.09.20 01:00:15.712,1.0099,1.0101,1.60,4.80
2010.09.20 01:00:17.392,1.0099,1.01005,1.00,2.40
2010.09.20 01:00:20.623,1.0099,1.01005,1.00,2.40
2010.09.20 01:00:21.079,1.00985,1.01005,12.80,2.40
2010.09.20 01:00:21.097,1.00985,1.01005,2.40,3.20
2010.09.20 01:00:21.312,1.00985,1.01005,2.40,3.30
2010.09.20 01:00:21.522,1.00985,1.01005,2.40,3.30
2010.09.20 01:00:21.735,1.00985,1.01,2.40,1.60
2010.09.20 01:00:21.944,1.00985,1.01,1.00,1.60
2010.09.20 01:00:22.153,1.00985,1.01,1.00,3.20
2010.09.20 01:00:23.272,1.00985,1.01,6.40,3.20
2010.09.20 01:00:23.473,1.00985,1.01,6.40,1.60
2010.09.20 01:00:25.211,1.00985,1.01,1.00,1.60
2010.09.20 01:00:26.053,1.0098,1.01,1.00,4.00
2010.09.20 01:00:26.324,1.0098,1.01,1.00,4.80
2010.09.20 01:00:28.651,1.0098,1.01,4.00,4.80
2010.09.20 01:00:28.781,1.0098,1.01,2.40,4.00
2010.09.20 01:00:28.852,1.0098,1.01,2.40,2.40
2010.09.20 01:00:28.921,1.0098,1.01,2.40,4.00
2010.09.20 01:00:29.232,1.0098,1.01,8.00,4.00
2010.09.20 01:00:30.069,1.00985,1.01,1.60,1.60
2010.09.20 01:00:30.363,1.00985,1.01005,1.60,4.80
2010.09.20 01:00:31.095,1.00985,1.01005,1.60,3.20
2010.09.20 01:00:31.435,1.00985,1.01005,1.60,3.30
2010.09.20 01:00:32.113,1.00985,1.01005,3.20,3.30
2010.09.20 01:00:32.431,1.00985,1.01005,3.20,4.10
2010.09.20 01:00:34.705,1.00985,1.01005,2.40,6.00
2010.09.20 01:00:35.285,1.00985,1.01005,2.40,6.20
2010.09.20 01:00:35.605,1.00985,1.01,7.20,1.00
2010.09.20 01:00:38.931,1.00985,1.01,7.20,1.60
2010.09.20 01:00:39.081,1.00985,1.01,1.60,1.60
2010.09.20 01:00:40.581,1.0098,1.01,5.60,1.60
2010.09.20 01:00:41.923,1.0098,1.01,4.80,3.20
2010.09.20 01:00:42.113,1.0098,1.01,4.80,2.40
2010.09.20 01:00:42.634,1.0098,1.01,2.40,2.40
2010.09.20 01:00:42.832,1.0098,1.01,1.00,4.00
2010.09.20 01:00:43.293,1.0098,1.01,8.80,4.00
2010.09.20 01:00:43.432,1.0098,1.01,1.00,4.00
2010.09.20 01:00:43.574,1.0098,1.01,1.00,3.20
2010.09.20 01:00:43.713,1.0098,1.00995,1.00,1.00
2010.09.20 01:00:44.267,1.00975,1.00995,7.20,1.00
2010.09.20 01:00:44.540,1.0098,1.0099,1.60,1.00
2010.09.20 01:00:45.327,1.00975,1.0099,8.00,1.00
2010.09.20 01:00:46.133,1.00975,1.0099,2.40,1.00
2010.09.20 01:00:51.131,1.00975,1.00995,2.40,3.20
2010.09.20 01:01:00.132,1.00975,1.00995,2.40,4.80
2010.09.20 01:01:08.558,1.00975,1.00995,8.80,3.20
2010.09.20 01:01:08.684,1.00975,1.00995,3.20,4.00
2010.09.20 01:01:09.373,1.00975,1.00995,3.20,2.40
2010.09.20 01:01:10.293,1.00975,1.00995,8.80,2.40
2010.09.20 01:01:10.532,1.00975,1.00995,3.20,2.40
2010.09.20 01:01:11.421,1.00975,1.00995,8.80,3.20
2010.09.20 01:01:11.622,1.00975,1.00995,8.00,4.80
2010.09.20 01:01:13.966,1.00975,1.00995,8.80,2.40
2010.09.20 01:01:14.172,1.00975,1.00995,8.80,1.60
2010.09.20 01:01:14.829,1.0098,1.01,1.00,8.00
2010.09.20 01:01:15.177,1.0098,1.01,1.00,17.00
2010.09.20 01:01:15.529,1.00975,1.00995,3.20,1.00
2010.09.20 01:01:16.330,1.00975,1.00995,2.40,3.20
2010.09.20 01:01:23.300,1.00975,1.00995,3.20,2.40
2010.09.20 01:01:23.639,1.00975,1.00995,8.80,2.40
2010.09.20 01:01:24.766,1.00975,1.00995,8.80,4.00
2010.09.20 01:01:25.115,1.00975,1.00995,8.00,4.80
2010.09.20 01:01:28.501,1.00975,1.00995,6.40,4.80
2010.09.20 01:01:30.902,1.00975,1.00995,6.40,3.20
2010.09.20 01:01:31.140,1.00975,1.00995,7.20,2.40
2010.09.20 01:01:33.079,1.00975,1.00995,7.20,4.10
2010.09.20 01:01:33.252,1.00975,1.0099,6.40,1.00
2010.09.20 01:01:33.853,1.00975,1.00985,5.60,1.00
2010.09.20 01:01:34.023,1.00965,1.00985,16.00,1.00
2010.09.20 01:01:34.364,1.00965,1.00985,8.00,1.70
2010.09.20 01:01:36.841,1.00965,1.00985,8.00,2.50
2010.09.20 01:01:40.155,1.00965,1.00985,8.00,2.50
2010.09.20 01:01:40.661,1.00965,1.00985,8.00,1.70
2010.09.20 01:01:40.938,1.0097,1.00985,1.00,1.60
2010.09.20 01:01:42.488,1.0097,1.0099,1.00,3.20
2010.09.20 01:01:42.841,1.0097,1.0099,1.60,2.40
2010.09.20 01:01:43.014,1.0097,1.0099,7.20,2.40
2010.09.20 01:01:44.317,1.0097,1.0099,1.60,2.40
2010.09.20 01:01:47.792,1.0097,1.0099,7.20,2.40
2010.09.20 01:01:48.478,1.00975,1.0099,1.00,1.60
2010.09.20 01:02:10.085,1.00975,1.0099,1.60,1.60
2010.09.20 01:02:12.425,1.00975,1.0099,1.00,1.60
2010.09.20 01:02:12.642,1.00975,1.0099,1.60,1.60
2010.09.20 01:02:14.799,1.00975,1.0099,3.20,1.60
2010.09.20 01:02:15.701,1.00975,1.00995,3.20,2.40
2010.09.20 01:02:16.219,1.00975,1.00995,8.80,2.40
2010.09.20 01:02:16.567,1.00975,1.00995,3.20,2.40
2010.09.20 01:02:23.433,1.00975,1.00995,3.20,2.40
2010.09.20 01:02:24.138,1.0098,1.00995,1.60,1.60
2010.09.20 01:02:24.353,1.0098,1.00995,12.80,1.60
2010.09.20 01:02:25.479,1.00985,1.01,1.00,1.60
2010.09.20 01:02:37.139,1.0098,1.01,1.60,4.80
2010.09.20 01:02:37.842,1.0098,1.01,1.00,7.20
2010.09.20 01:02:41.400,1.0098,1.01,1.00,5.60
2010.09.20 01:02:43.591,1.00985,1.01,1.00,7.20
2010.09.20 01:02:43.764,1.00985,1.01,1.00,1.60
2010.09.20 01:02:46.670,1.0098,1.01,1.60,4.80
2010.09.20 01:02:49.920,1.0098,1.01,1.00,5.60
2010.09.20 01:02:53.900,1.0098,1.01,1.00,7.20
2010.09.20 01:02:59.306,1.00975,1.00995,14.40,1.00
2010.09.20 01:03:08.571,1.0098,1.01,1.00,7.20
2010.09.20 01:03:09.944,1.0098,1.01,1.60,6.40
2010.09.20 01:03:25.061,1.00985,1.01,1.00,5.60
2010.09.20 01:03:43.694,1.00985,1.01,1.00,4.00
2010.09.20 01:03:45.122,1.0098,1.01,1.60,4.80
2010.09.20 01:03:45.212,1.0098,1.01,1.00,5.60
2010.09.20 01:03:45.302,1.00975,1.00995,3.20,1.00
2010.09.20 01:03:45.392,1.00975,1.00995,1.60,2.40
2010.09.20 01:03:45.573,1.00975,1.00995,1.00,2.40
2010.09.20 01:03:45.841,1.00975,1.00995,1.00,3.20
2010.09.20 01:03:46.616,1.00975,1.00995,1.00,4.80
2010.09.20 01:03:46.944,1.00975,1.00995,1.60,3.20
2010.09.20 01:03:52.261,1.00975,1.00995,1.60,4.80
2010.09.20 01:04:00.111,1.00975,1.00995,1.60,4.80
2010.09.20 01:04:00.939,1.00975,1.00995,1.60,4.90
2010.09.20 01:04:02.001,1.00975,1.00995,1.60,4.80
2010.09.20 01:04:05.208,1.00975,1.00995,1.00,5.10
2010.09.20 01:04:07.162,1.00975,1.00995,1.00,5.00
2010.09.20 01:04:11.203,1.00975,1.00995,1.00,4.90
2010.09.20 01:04:11.921,1.00975,1.00995,1.00,4.80
2010.09.20 01:04:14.212,1.00975,1.00995,1.00,4.90
2010.09.20 01:04:19.007,1.00975,1.00995,1.00,4.80
2010.09.20 01:04:21.142,1.00975,1.00995,1.00,4.90
2010.09.20 01:04:21.921,1.00975,1.00995,1.00,4.80
2010.09.20 01:04:22.800,1.00975,1.00995,1.00,4.80
2010.09.20 01:04:23.741,1.00975,1.00995,1.00,4.90
2010.09.20 01:04:24.803,1.00975,1.00995,1.00,4.80
2010.09.20 01:04:25.470,1.00975,1.00995,1.00,4.90
2010.09.20 01:04:27.281,1.00975,1.00995,1.00,4.80
2010.09.20 01:04:29.101,1.00975,1.00995,1.00,4.90
2010.09.20 01:04:31.991,1.00975,1.00995,1.00,4.80
2010.09.20 01:04:33.821,1.00975,1.00995,1.00,3.20
2010.09.20 01:04:35.232,1.00975,1.00995,12.80,2.40
2010.09.20 01:04:35.746,1.00975,1.00995,14.40,2.40
2010.09.20 01:04:38.048,1.00975,1.00995,7.20,1.00
2010.09.20 01:04:38.153,1.0098,1.00995,1.60,1.00
2010.09.20 01:04:45.332,1.00975,1.00995,5.60,2.60
2010.09.20 01:04:45.456,1.0098,1.00995,7.20,2.50
2010.09.20 01:04:45.705,1.0098,1.00995,5.60,2.50
2010.09.20 01:04:46.093,1.00975,1.00995,8.80,2.50
2010.09.20 01:04:46.364,1.00975,1.00995,8.80,3.30
2010.09.20 01:04:46.946,1.00975,1.00995,7.20,3.30
2010.09.20 01:04:47.167,1.00975,1.00995,1.60,4.80
2010.09.20 01:04:50.299,1.00975,1.00995,1.60,4.90
2010.09.20 01:04:52.279,1.00975,1.00995,1.60,4.80
2010.09.20 01:04:59.627,1.00975,1.00995,7.20,4.80
2010.09.20 01:05:00.963,1.00975,1.00995,7.20,4.00
2010.09.20 01:05:01.319,1.00975,1.00995,12.80,2.40
2010.09.20 01:05:02.683,1.00975,1.00995,12.80,2.50
2010.09.20 01:05:04.911,1.00975,1.00995,12.80,4.10
2010.09.20 01:05:07.492,1.00975,1.00995,1.60,4.00
2010.09.20 01:05:07.762,1.00975,1.00995,3.20,2.40
2010.09.20 01:05:08.302,1.0098,1.00995,1.00,1.60
2010.09.20 01:05:10.442,1.0098,1.00995,1.00,1.70
2010.09.20 01:05:12.551,1.0098,1.00995,1.00,1.60
2010.09.20 01:05:18.174,1.0098,1.00995,1.00,3.20
2010.09.20 01:05:25.501,1.0098,1.00995,1.00,4.00
2010.09.20 01:05:25.742,1.0098,1.00995,1.00,2.40
2010.09.20 01:05:27.384,1.0098,1.00995,1.00,1.60
2010.09.20 01:05:39.932,1.00975,1.00995,12.80,4.00
2010.09.20 01:05:40.133,1.00975,1.00995,12.00,6.40
2010.09.20 01:05:40.331,1.00975,1.00995,5.60,7.60
2010.09.20 01:05:40.431,1.0097,1.00995,3.20,7.60
2010.09.20 01:05:40.754,1.0097,1.0099,3.20,1.60
2010.09.20 01:05:40.851,1.0097,1.0099,1.60,1.60
2010.09.20 01:05:45.846,1.0097,1.0099,3.20,1.60
2010.09.20 01:05:53.896,1.0097,1.00995,4.80,4.80
2010.09.20 01:05:54.213,1.00975,1.00995,1.00,4.80
2010.09.20 01:05:56.983,1.00975,1.00995,1.00,4.80
2010.09.20 01:05:58.113,1.00975,1.00995,1.00,4.90
2010.09.20 01:05:59.052,1.00975,1.00995,1.00,4.80
2010.09.20 01:05:59.284,1.00975,1.00995,1.00,4.80
2010.09.20 01:06:00.623,1.00975,1.00995,1.00,7.30
2010.09.20 01:06:01.161,1.00975,1.00995,1.00,7.20
2010.09.20 01:06:01.434,1.00975,1.00995,1.00,4.90
2010.09.20 01:06:02.263,1.00975,1.00995,1.00,4.80
2010.09.20 01:06:02.941,1.00975,1.00995,1.00,4.90
2010.09.20 01:06:51.036,1.00975,1.00995,1.60,3.20
2010.09.20 01:06:53.871,1.00975,1.00995,1.60,4.80
2010.09.20 01:06:53.992,1.00975,1.00995,1.60,4.90
2010.09.20 01:06:55.812,1.00975,1.00995,1.60,4.80
2010.09.20 01:07:00.129,1.00975,1.00995,1.60,4.80
2010.09.20 01:07:00.237,1.00975,1.00995,1.60,3.20
2010.09.20 01:07:00.788,1.00975,1.00995,1.60,4.80
2010.09.20 01:07:06.912,1.00975,1.00995,1.60,4.80
2010.09.20 01:07:07.412,1.00975,1.00995,1.60,4.90
2010.09.20 01:07:08.725,1.00975,1.00995,1.60,4.80
2010.09.20 01:07:12.478,1.00975,1.00995,1.60,3.20
2010.09.20 01:07:15.033,1.00975,1.00995,1.60,3.30
2010.09.20 01:07:15.182,1.00975,1.00995,1.60,4.90
2010.09.20 01:07:15.611,1.00975,1.00995,1.60,4.80
2010.09.20 01:07:16.933,1.00975,1.00995,1.60,4.90
2010.09.20 01:07:17.674,1.00975,1.00995,1.60,4.80
2010.09.20 01:07:17.829,1.00975,1.00995,1.60,3.20
2010.09.20 01:07:18.172,1.00975,1.00995,1.60,4.80
2010.09.20 01:07:22.940,1.00975,1.00995,1.60,3.20
2010.09.20 01:07:24.324,1.00975,1.00995,1.60,4.80
2010.09.20 01:07:29.971,1.00975,1.00995,1.60,4.80
2010.09.20 01:07:30.333,1.00975,1.00995,1.60,4.00
2010.09.20 01:07:33.406,1.00975,1.00995,1.00,4.80
2010.09.20 01:07:33.922,1.00975,1.00995,1.00,4.90
2010.09.20 01:07:35.074,1.00975,1.00995,1.00,4.80
2010.09.20 01:08:03.964,1.00975,1.00995,1.00,5.10
2010.09.20 01:08:04.043,1.00975,1.00995,1.00,4.80
2010.09.20 01:08:04.232,1.00975,1.00995,1.00,5.10
2010.09.20 01:08:08.551,1.00975,1.00995,1.00,4.80
2010.09.20 01:08:16.691,1.00975,1.00995,1.00,4.80
2010.09.20 01:08:16.831,1.00975,1.00995,1.00,3.20
2010.09.20 01:08:17.011,1.00975,1.00995,1.00,4.80
2010.09.20 01:08:17.083,1.00975,1.00995,1.00,4.90
2010.09.20 01:08:17.612,1.00975,1.00995,1.00,4.80
2010.09.20 01:08:17.956,1.00975,1.00995,1.00,4.90
2010.09.20 01:08:21.197,1.00975,1.00995,1.00,4.80
2010.09.20 01:09:01.831,1.00975,1.00995,1.00,5.00
2010.09.20 01:09:11.671,1.00975,1.00995,1.00,4.80
2010.09.20 01:09:21.741,1.00975,1.00995,1.00,4.80
2010.09.20 01:09:41.315,1.00975,1.00995,1.00,4.90
2010.09.20 01:09:41.412,1.00975,1.00995,1.00,4.80
2010.09.20 01:09:41.469,1.00975,1.00995,1.00,8.80
2010.09.20 01:09:41.983,1.00975,1.0099,1.00,1.00
2010.09.20 01:09:42.055,1.0097,1.0099,1.00,3.20
2010.09.20 01:09:42.452,1.0097,1.0099,1.00,4.80
2010.09.20 01:09:42.798,1.0097,1.0099,1.80,4.00
2010.09.20 01:09:43.618,1.0097,1.0099,1.80,2.40
2010.09.20 01:09:44.223,1.0097,1.0099,1.80,4.10
2010.09.20 01:09:45.569,1.0097,1.0099,1.80,4.00
2010.09.20 01:09:45.877,1.0097,1.0099,1.80,2.40
2010.09.20 01:09:50.251,1.0097,1.0099,1.80,1.60
2010.09.20 01:10:23.331,1.0097,1.00995,1.80,4.80
2010.09.20 01:10:24.312,1.00975,1.00995,1.00,4.90
2010.09.20 01:10:24.764,1.00975,1.00995,1.00,7.20
2010.09.20 01:10:25.542,1.00975,1.0099,1.00,1.60
2010.09.20 01:10:26.839,1.00975,1.00995,1.00,4.80
2010.09.20 01:10:27.292,1.00975,1.00995,2.40,4.80
2010.09.20 01:10:30.302,1.0098,1.00995,1.00,4.80
2010.09.20 01:10:30.712,1.00975,1.00995,2.40,7.20
2010.09.20 01:10:30.822,1.00975,1.00995,1.00,7.60
2010.09.20 01:10:30.932,1.00975,1.0099,1.00,1.60
2010.09.20 01:10:31.042,1.00975,1.0099,1.00,3.20
2010.09.20 01:10:31.152,1.0097,1.0099,1.80,3.20
2010.09.20 01:10:31.532,1.0097,1.0099,1.80,1.60
2010.09.20 01:10:45.058,1.0097,1.00995,3.40,4.80
2010.09.20 01:10:45.842,1.0097,1.00995,3.40,4.90
2010.09.20 01:10:57.037,1.0097,1.00995,3.40,4.80
2010.09.20 01:10:58.032,1.00975,1.00995,1.00,4.80
2010.09.20 01:10:59.031,1.00975,1.00995,1.00,4.90
2010.09.20 01:11:08.103,1.00975,1.00995,1.00,4.80
2010.09.20 01:11:33.401,1.00975,1.00995,1.60,4.00
2010.09.20 01:11:34.181,1.00975,1.00995,2.10,4.00
2010.09.20 01:11:34.691,1.00975,1.00995,2.10,4.10
2010.09.20 01:11:40.291,1.00975,1.00995,1.60,4.00
2010.09.20 01:11:41.644,1.00975,1.00995,2.10,4.10
2010.09.20 01:11:44.781,1.0098,1.00995,1.00,3.30
2010.09.20 01:11:44.861,1.0098,1.00995,1.00,3.20
2010.09.20 01:11:45.273,1.0098,1.00995,1.00,1.60
2010.09.20 01:11:45.484,1.0098,1.01,1.00,4.80
2010.09.20 01:11:46.473,1.0098,1.01,1.00,4.90
2010.09.20 01:11:47.112,1.0098,1.01,1.30,4.90
2010.09.20 01:11:47.364,1.0098,1.01,2.10,4.00
2010.09.20 01:11:52.132,1.0098,1.01,1.60,4.00
2010.09.20 01:11:53.262,1.00985,1.01,1.00,3.20
2010.09.20 01:11:53.645,1.00985,1.01,1.00,3.20
2010.09.20 01:11:53.834,1.0099,1.01,11.20,1.60
2010.09.20 01:11:54.105,1.0099,1.01,11.20,1.60
2010.09.20 01:11:54.373,1.0099,1.01,1.60,1.60
2010.09.20 01:11:56.693,1.0099,1.01,1.00,1.60
2010.09.20 01:11:56.794,1.0099,1.01,1.00,1.60
2010.09.20 01:12:00.362,1.0099,1.01005,1.00,3.30
2010.09.20 01:12:04.032,1.0099,1.01005,1.00,3.20
2010.09.20 01:12:05.105,1.00985,1.01005,1.60,4.00
2010.09.20 01:12:05.254,1.0099,1.01005,1.00,3.20
2010.09.20 01:12:06.004,1.0099,1.01005,1.60,3.20
2010.09.20 01:12:10.654,1.00985,1.01005,3.20,3.20
2010.09.20 01:12:10.683,1.00985,1.01,3.20,1.60
2010.09.20 01:12:11.222,1.00985,1.01,5.60,1.60
2010.09.20 01:12:11.387,1.0099,1.01005,1.00,1.60
2010.09.20 01:12:11.415,1.0099,1.01005,1.60,1.60
2010.09.20 01:12:12.289,1.00995,1.01005,5.60,1.60
2010.09.20 01:12:12.634,1.0099,1.01005,3.20,1.60
2010.09.20 01:12:14.762,1.0099,1.0101,3.20,3.20
2010.09.20 01:12:16.431,1.0099,1.01005,3.20,1.60
2010.09.20 01:12:17.183,1.00995,1.01005,1.00,1.60
2010.09.20 01:12:17.473,1.00995,1.0101,1.30,3.20
2010.09.20 01:12:18.042,1.00995,1.0101,2.10,3.20
2010.09.20 01:12:18.793,1.00995,1.0101,1.30,3.20
2010.09.20 01:12:18.992,1.00995,1.0101,1.30,3.20
2010.09.20 01:12:19.667,1.00995,1.01005,1.00,1.60
2010.09.20 01:12:19.894,1.00995,1.01005,1.00,3.20
2010.09.20 01:12:26.352,1.00995,1.01005,1.00,1.60
2010.09.20 01:12:26.641,1.00995,1.01005,1.30,1.60
2010.09.20 01:12:37.776,1.00995,1.01005,2.10,1.60
2010.09.20 01:12:37.944,1.00995,1.0101,2.10,1.60
2010.09.20 01:12:38.117,1.00995,1.0101,2.20,1.60
2010.09.20 01:12:38.443,1.01,1.01015,1.60,3.20
2010.09.20 01:12:40.384,1.01,1.01015,1.60,1.70
2010.09.20 01:12:40.813,1.01,1.01015,1.00,1.70
2010.09.20 01:12:41.307,1.01,1.01015,1.00,2.50
2010.09.20 01:12:41.456,1.01,1.01015,1.00,1.60
2010.09.20 01:12:46.033,1.01,1.01015,1.60,1.60
2010.09.20 01:12:47.125,1.01,1.0102,1.60,4.80
2010.09.20 01:12:47.334,1.01,1.0102,1.60,4.00
2010.09.20 01:12:47.544,1.01,1.0102,4.00,2.40
2010.09.20 01:12:47.753,1.01,1.0102,5.60,2.40
2010.09.20 01:12:49.623,1.01,1.0102,5.60,1.60
2010.09.20 01:12:50.083,1.01005,1.0102,5.60,1.60
2010.09.20 01:12:50.392,1.01,1.0102,5.60,1.60
2010.09.20 01:12:50.542,1.01005,1.0102,1.00,1.60
2010.09.20 01:12:54.072,1.01005,1.0102,6.40,1.60
2010.09.20 01:12:54.382,1.01005,1.0102,12.00,1.60
2010.09.20 01:12:54.422,1.01005,1.0102,1.00,1.60
2010.09.20 01:12:55.792,1.01005,1.0102,12.00,1.60
2010.09.20 01:12:56.312,1.01005,1.0102,1.00,1.60
2010.09.20 01:12:56.861,1.01005,1.0102,6.40,1.60
2010.09.20 01:12:56.911,1.01005,1.0102,8.00,1.60
2010.09.20 01:12:57.551,1.01005,1.0102,6.40,1.60
2010.09.20 01:12:57.794,1.01005,1.0102,12.00,1.60
2010.09.20 01:12:58.046,1.01005,1.0102,12.80,1.60
2010.09.20 01:12:59.034,1.01005,1.0102,7.20,1.60
2010.09.20 01:12:59.296,1.01,1.0102,4.20,1.60
2010.09.20 01:13:00.029,1.01,1.0102,4.20,2.40
2010.09.20 01:13:02.392,1.01,1.0102,3.40,2.40
2010.09.20 01:13:04.371,1.01,1.01015,3.40,1.60
2010.09.20 01:13:05.195,1.01,1.0102,3.40,2.40
2010.09.20 01:13:10.272,1.01005,1.0102,1.60,2.40
2010.09.20 01:13:13.917,1.0102,1.01025,5.60,5.60
2010.09.20 01:13:14.059,1.0102,1.0103,5.60,1.60
2010.09.20 01:13:14.196,1.01015,1.0103,11.20,1.60
2010.09.20 01:13:15.470,1.01015,1.0103,1.00,1.60
2010.09.20 01:13:15.797,1.01015,1.0103,1.80,1.60
2010.09.20 01:13:16.123,1.01015,1.0103,1.90,1.60
2010.09.20 01:13:17.428,1.01015,1.0103,1.90,2.40
2010.09.20 01:13:17.590,1.0102,1.0103,1.00,4.00
2010.09.20 01:13:17.745,1.0101,1.01025,1.80,1.00
2010.09.20 01:13:17.905,1.0101,1.01025,7.40,1.00
2010.09.20 01:13:18.064,1.0101,1.01025,1.00,1.00
2010.09.20 01:13:20.202,1.0101,1.0103,1.00,4.80
2010.09.20 01:13:21.431,1.0101,1.01025,1.00,1.60
2010.09.20 01:13:21.552,1.0101,1.01025,1.00,1.60
2010.09.20 01:13:27.993,1.0101,1.01025,1.00,1.60
2010.09.20 01:13:30.063,1.0101,1.0103,1.00,4.80
2010.09.20 01:13:31.491,1.0102,1.0103,1.00,4.80
2010.09.20 01:13:32.412,1.0102,1.0103,1.00,4.00
2010.09.20 01:13:32.781,1.0102,1.0103,1.00,2.40
2010.09.20 01:13:33.600,1.0101,1.0103,3.20,4.00
2010.09.20 01:13:34.282,1.0101,1.0103,3.30,4.00
2010.09.20 01:13:35.515,1.01015,1.0103,1.40,4.00
2010.09.20 01:13:36.167,1.01015,1.0103,1.00,3.20
2010.09.20 01:13:36.365,1.01015,1.0103,1.00,4.00
2010.09.20 01:13:37.984,1.01015,1.0103,1.00,5.60
2010.09.20 01:13:38.265,1.01015,1.0103,1.00,2.40
2010.09.20 01:13:38.832,1.01025,1.0103,1.00,1.00
2010.09.20 01:13:39.042,1.01015,1.0103,1.50,1.60
2010.09.20 01:13:39.245,1.01015,1.0103,1.00,3.20
2010.09.20 01:13:40.795,1.01015,1.0103,1.00,3.20
2010.09.20 01:13:42.315,1.01015,1.0103,1.00,1.60
2010.09.20 01:13:42.603,1.01015,1.0103,1.00,3.20
2010.09.20 01:13:42.888,1.01015,1.0103,1.40,1.60
2010.09.20 01:13:43.434,1.01015,1.0103,1.70,1.60
2010.09.20 01:13:43.995,1.0102,1.0103,1.00,1.60
2010.09.20 01:13:44.288,1.0102,1.01035,1.00,3.20
2010.09.20 01:13:44.834,1.0102,1.01035,1.00,1.60
2010.09.20 01:13:47.202,1.0102,1.01035,1.00,2.40
2010.09.20 01:13:47.303,1.0102,1.01035,1.00,2.40
2010.09.20 01:13:47.613,1.0102,1.01035,1.00,4.00
2010.09.20 01:13:48.022,1.0102,1.01035,1.00,4.00
2010.09.20 01:13:48.545,1.0102,1.01035,1.00,4.00
2010.09.20 01:13:49.173,1.0102,1.01035,1.00,4.00
2010.09.20 01:13:52.001,1.0102,1.0103,1.00,1.60
2010.09.20 01:14:07.549,1.0102,1.0103,1.00,2.40
2010.09.20 01:14:10.961,1.0101,1.01025,10.90,1.60
2010.09.20 01:14:11.224,1.0101,1.01025,9.80,1.60
2010.09.20 01:14:11.483,1.0101,1.01025,4.20,1.60
2010.09.20 01:14:12.004,1.0101,1.01025,2.60,1.60
2010.09.20 01:14:12.303,1.0101,1.0103,2.60,4.00
2010.09.20 01:14:13.222,1.0101,1.0103,3.10,4.00
2010.09.20 01:14:14.333,1.0102,1.0103,1.30,4.00
2010.09.20 01:14:14.788,1.0102,1.0103,1.30,3.20
2010.09.20 01:14:14.878,1.0103,1.0104,1.00,4.80
2010.09.20 01:14:14.964,1.0103,1.01035,1.00,1.60
2010.09.20 01:14:15.693,1.01025,1.01035,1.60,1.60
2010.09.20 01:14:15.895,1.01025,1.01035,1.00,2.40
2010.09.20 01:14:16.095,1.0102,1.0103,1.00,1.00
2010.09.20 01:14:16.293,1.0102,1.0103,1.10,1.00
2010.09.20 01:14:17.354,1.0103,1.01035,1.00,4.80
2010.09.20 01:14:17.470,1.0103,1.01035,1.00,1.00
2010.09.20 01:14:18.352,1.01025,1.01035,1.00,1.00
2010.09.20 01:14:21.535,1.0102,1.01035,2.90,1.00
2010.09.20 01:14:25.102,1.01025,1.01035,1.00,1.00
2010.09.20 01:14:28.875,1.0104,1.01055,1.00,6.50
2010.09.20 01:14:29.015,1.0103,1.0104,11.50,1.60
2010.09.20 01:14:29.153,1.0103,1.01045,11.40,1.60
2010.09.20 01:14:29.296,1.01035,1.01045,1.60,1.60
2010.09.20 01:14:29.760,1.01035,1.01045,1.60,4.00
2010.09.20 01:14:29.912,1.01035,1.0104,1.00,1.00
2010.09.20 01:14:32.533,1.0103,1.0104,1.40,1.00
2010.09.20 01:14:32.741,1.01035,1.01045,1.00,5.70
2010.09.20 01:14:32.943,1.01035,1.01045,1.00,7.30
2010.09.20 01:14:33.144,1.01025,1.0104,1.30,1.00
2010.09.20 01:14:33.614,1.01025,1.0104,1.00,1.00
2010.09.20 01:14:35.163,1.01025,1.0104,1.00,1.00
2010.09.20 01:14:35.263,1.01025,1.0104,1.00,1.00
2010.09.20 01:14:35.863,1.0102,1.0104,3.60,1.00
2010.09.20 01:14:36.523,1.0102,1.0104,1.00,5.80
2010.09.20 01:14:36.622,1.0102,1.0104,1.00,4.80
2010.09.20 01:14:39.422,1.0102,1.0104,1.20,3.20
2010.09.20 01:14:39.912,1.0102,1.0104,1.20,4.80
2010.09.20 01:14:55.351,1.0102,1.01035,1.00,1.00
2010.09.20 01:14:55.503,1.0102,1.01035,1.00,1.60
2010.09.20 01:14:55.664,1.0102,1.01035,1.00,7.20
2010.09.20 01:14:55.823,1.0102,1.01035,1.00,1.60
2010.09.20 01:14:56.813,1.0102,1.01035,1.00,7.20
2010.09.20 01:14:57.626,1.0102,1.01035,1.00,12.80
2010.09.20 01:14:58.973,1.0102,1.01035,1.00,14.40
2010.09.20 01:15:01.975,1.0102,1.01035,1.00,8.80
2010.09.20 01:15:02.062,1.0102,1.01035,1.00,3.20
2010.09.20 01:15:02.152,1.0102,1.01035,1.00,8.80
2010.09.20 01:15:02.242,1.0102,1.01035,1.00,14.40
2010.09.20 01:15:31.783,1.0102,1.0103,1.00,6.40
2010.09.20 01:15:32.338,1.0102,1.0103,1.00,1.00
2010.09.20 01:15:32.666,1.01015,1.0103,1.00,1.00
2010.09.20 01:15:42.156,1.01015,1.01035,1.00,16.00
2010.09.20 01:15:53.143,1.01015,1.01035,1.00,16.00
2010.09.20 01:15:53.828,1.01015,1.01035,1.70,16.00
2010.09.20 01:15:54.354,1.01015,1.01035,1.60,18.40
2010.09.20 01:15:54.482,1.01015,1.01035,1.00,18.40
2010.09.20 01:15:54.613,1.01015,1.0103,1.00,5.60
2010.09.20 01:15:54.742,1.01015,1.0103,1.00,7.20
2010.09.20 01:15:58.352,1.01015,1.0103,1.00,8.00
2010.09.20 01:15:58.552,1.01015,1.0103,1.00,9.60
2010.09.20 01:16:01.543,1.01015,1.0103,1.00,9.60
2010.09.20 01:16:01.672,1.01015,1.0103,1.00,8.00
2010.09.20 01:16:02.293,1.01015,1.0103,1.00,2.40
2010.09.20 01:16:04.622,1.01015,1.01035,1.00,16.00
2010.09.20 01:16:09.962,1.01015,1.01035,1.10,16.00
2010.09.20 01:16:10.559,1.01015,1.01035,7.70,2.40
2010.09.20 01:16:28.534,1.01015,1.01035,3.70,3.20
2010.09.20 01:16:39.921,1.01015,1.01035,2.90,3.20
2010.09.20 01:16:40.551,1.01015,1.01035,2.10,3.20
2010.09.20 01:16:47.343,1.01015,1.0103,1.00,1.00
2010.09.20 01:16:47.482,1.01015,1.0103,1.00,1.60
2010.09.20 01:16:51.118,1.01015,1.0103,1.00,1.60
2010.09.20 01:16:51.293,1.01015,1.0103,1.00,1.60
2010.09.20 01:16:51.756,1.01015,1.01035,6.70,2.40
2010.09.20 01:16:52.072,1.0102,1.01035,1.60,2.40
2010.09.20 01:16:58.733,1.0102,1.01035,1.90,2.40
2010.09.20 01:17:05.840,1.0102,1.01035,1.00,2.40
2010.09.20 01:17:10.613,1.0102,1.01035,1.00,1.00
2010.09.20 01:17:16.010,1.0102,1.01035,1.00,1.60
2010.09.20 01:17:16.851,1.0102,1.01035,1.00,3.20
2010.09.20 01:17:20.031,1.0102,1.01035,1.00,2.40
2010.09.20 01:17:20.190,1.0102,1.01035,1.00,1.00
2010.09.20 01:17:22.471,1.01015,1.01035,7.80,1.00
2010.09.20 01:17:23.740,1.01025,1.01035,1.00,1.00
2010.09.20 01:18:02.880,1.01025,1.01035,1.00,1.60
2010.09.20 01:18:03.644,1.01025,1.01035,1.00,3.20
2010.09.20 01:18:07.233,1.01025,1.01035,1.00,1.60
2010.09.20 01:18:07.571,1.01025,1.01035,1.00,3.60
2010.09.20 01:18:07.911,1.01015,1.01035,1.00,3.60
2010.09.20 01:18:08.251,1.01015,1.01035,1.00,4.40
2010.09.20 01:18:10.941,1.01005,1.01035,8.30,4.40
2010.09.20 01:18:11.061,1.01005,1.01025,5.90,1.00
2010.09.20 01:18:11.301,1.01005,1.01025,5.90,2.40
2010.09.20 01:18:12.420,1.01005,1.01025,5.10,2.40
2010.09.20 01:18:39.730,1.01005,1.01025,5.40,2.40
2010.09.20 01:18:39.951,1.01015,1.01025,1.00,2.40
2010.09.20 01:18:40.063,1.01015,1.01025,1.00,1.60
2010.09.20 01:18:40.795,1.01015,1.0103,1.00,3.20
2010.09.20 01:18:41.701,1.01015,1.01025,1.00,1.60
2010.09.20 01:18:42.041,1.01015,1.01025,1.00,3.20
2010.09.20 01:18:55.428,1.01005,1.01025,5.90,3.20
2010.09.20 01:18:55.512,1.01005,1.01025,5.10,3.20
2010.09.20 01:18:59.520,1.0101,1.01025,1.00,3.20
2010.09.20 01:19:30.080,1.01005,1.01025,5.90,3.20
2010.09.20 01:19:30.661,1.0101,1.01025,1.00,3.20
2010.09.20 01:20:20.690,1.0101,1.01025,1.00,2.40
2010.09.20 01:20:29.672,1.0101,1.01025,1.00,1.00
2010.09.20 01:20:36.601,1.0101,1.0103,1.00,3.20
2010.09.20 01:20:40.930,1.0101,1.0103,2.40,3.20
2010.09.20 01:20:42.412,1.0101,1.0103,1.00,3.20
2010.09.20 01:20:44.652,1.01015,1.01025,1.00,1.00
2010.09.20 01:20:49.635,1.01015,1.0103,1.00,3.20
2010.09.20 01:20:52.981,1.01015,1.0103,1.00,3.20
2010.09.20 01:20:53.739,1.01015,1.01035,3.70,2.40
2010.09.20 01:20:54.034,1.01015,1.01035,5.30,2.40
2010.09.20 01:20:54.953,1.0102,1.01035,1.00,2.40
2010.09.20 01:20:55.293,1.0102,1.01035,1.00,3.20
2010.09.20 01:20:56.006,1.0102,1.0103,1.00,1.60
2010.09.20 01:20:56.762,1.01015,1.0103,1.00,1.60
2010.09.20 01:21:09.830,1.01015,1.0103,1.00,1.60
2010.09.20 01:21:10.995,1.0101,1.0103,3.40,1.60
2010.09.20 01:21:17.214,1.0101,1.0103,3.40,7.20
2010.09.20 01:21:17.372,1.0101,1.0103,9.00,1.60
2010.09.20 01:21:17.532,1.0101,1.0103,3.40,1.60
2010.09.20 01:21:18.012,1.0101,1.0103,9.00,1.60
2010.09.20 01:21:18.172,1.0101,1.0103,3.40,7.20
2010.09.20 01:21:18.533,1.0101,1.0103,3.40,1.60
2010.09.20 01:21:18.893,1.01015,1.0103,1.00,1.60
2010.09.20 01:21:19.073,1.0101,1.0103,9.00,1.60
2010.09.20 01:21:19.262,1.0101,1.0103,3.40,1.60
2010.09.20 01:21:19.473,1.0101,1.0103,9.00,1.60
2010.09.20 01:21:19.892,1.0101,1.0103,3.40,1.60
2010.09.20 01:21:20.104,1.0101,1.0103,9.00,1.60
2010.09.20 01:21:20.324,1.0101,1.0103,7.40,1.60
2010.09.20 01:21:20.900,1.0101,1.01025,1.00,1.00
2010.09.20 01:21:21.124,1.0101,1.01025,1.80,1.00
2010.09.20 01:21:21.413,1.0101,1.0103,2.60,3.20
2010.09.20 01:21:21.702,1.0101,1.0103,8.20,3.20
2010.09.20 01:21:21.992,1.0101,1.0103,2.60,8.80
2010.09.20 01:21:22.283,1.0101,1.0103,8.20,3.20
2010.09.20 01:21:23.190,1.01015,1.0103,1.00,3.20
2010.09.20 01:21:23.377,1.01015,1.0103,1.00,8.80
2010.09.20 01:21:23.853,1.0101,1.0103,2.60,8.80
2010.09.20 01:21:24.093,1.0101,1.0103,8.20,3.20
2010.09.20 01:21:24.333,1.01015,1.0103,1.00,3.20
2010.09.20 01:21:26.634,1.0101,1.0103,9.00,3.20
2010.09.20 01:21:26.867,1.0101,1.0103,5.80,3.20
2010.09.20 01:21:27.100,1.01005,1.01025,9.30,1.60
2010.09.20 01:21:27.329,1.01005,1.01025,2.90,3.20
2010.09.20 01:21:28.009,1.01005,1.0102,2.90,1.00
2010.09.20 01:21:29.323,1.01005,1.0102,2.70,1.00
2010.09.20 01:21:31.235,1.01005,1.01015,1.00,1.00
2010.09.20 01:21:34.176,1.01,1.0101,1.00,1.00
2010.09.20 01:21:36.095,1.00995,1.0101,1.70,1.00
2010.09.20 01:21:45.455,1.00995,1.01005,1.60,1.00
2010.09.20 01:21:45.612,1.0099,1.01005,1.60,1.00
2010.09.20 01:21:46.549,1.0099,1.01005,1.00,1.00
2010.09.20 01:21:46.906,1.01,1.01015,1.00,1.60
2010.09.20 01:21:47.150,1.00995,1.01015,5.80,1.60
2010.09.20 01:21:47.397,1.01,1.01015,1.00,1.60
2010.09.20 01:21:54.623,1.01,1.0101,1.00,1.00
2010.09.20 01:21:54.736,1.00995,1.0101,7.40,1.00
2010.09.20 01:21:54.843,1.00995,1.0101,1.80,1.00
2010.09.20 01:21:55.283,1.00995,1.0101,3.40,1.00
2010.09.20 01:21:57.842,1.00995,1.0101,1.80,1.00
2010.09.20 01:22:02.426,1.01,1.0101,1.00,1.00
2010.09.20 01:22:02.595,1.01,1.01015,1.00,1.60
2010.09.20 01:22:16.456,1.01,1.0101,1.00,1.00
2010.09.20 01:22:16.986,1.00995,1.0101,3.20,1.00
2010.09.20 01:22:18.433,1.01,1.0101,1.00,1.00
2010.09.20 01:22:19.580,1.00995,1.01015,1.80,3.60
2010.09.20 01:22:19.749,1.00995,1.01015,3.40,3.60
2010.09.20 01:22:19.914,1.00995,1.01015,3.40,5.20
2010.09.20 01:22:20.074,1.00995,1.01015,3.40,5.30
2010.09.20 01:22:20.234,1.00995,1.0101,1.80,1.60
2010.09.20 01:22:22.158,1.00995,1.01015,9.40,2.40
2010.09.20 01:22:22.386,1.01005,1.0102,1.00,1.60
2010.09.20 01:22:22.616,1.01005,1.0102,7.20,1.60
2010.09.20 01:22:22.846,1.0101,1.0102,1.60,1.60
2010.09.20 01:22:23.437,1.0101,1.0102,1.80,1.60
2010.09.20 01:22:23.731,1.0102,1.0104,1.00,10.60
2010.09.20 01:22:24.394,1.0102,1.0104,1.60,4.20
2010.09.20 01:22:26.029,1.01025,1.0103,1.00,1.60
2010.09.20 01:22:28.185,1.01025,1.0103,12.80,1.60
2010.09.20 01:22:28.918,1.01025,1.0104,7.20,1.60
2010.09.20 01:22:29.126,1.0103,1.0104,1.60,1.60
2010.09.20 01:22:29.335,1.0103,1.0104,7.20,1.60
2010.09.20 01:22:29.566,1.01035,1.0105,1.60,3.20
2010.09.20 01:22:39.952,1.01035,1.0105,1.60,3.20
2010.09.20 01:22:47.615,1.01035,1.0104,1.60,1.00
2010.09.20 01:22:47.807,1.0103,1.01035,1.00,1.00
2010.09.20 01:22:48.400,1.01025,1.01035,1.00,1.00
2010.09.20 01:22:48.752,1.01025,1.0104,1.60,1.60
2010.09.20 01:22:49.405,1.0103,1.0104,1.00,1.60
2010.09.20 01:22:54.876,1.0103,1.0105,1.60,4.80
2010.09.20 01:22:55.195,1.0103,1.0105,1.60,4.00
2010.09.20 01:22:55.355,1.0103,1.0105,1.60,3.20
2010.09.20 01:23:05.720,1.01035,1.0105,1.00,3.20
2010.09.20 01:23:05.813,1.01035,1.0105,1.60,3.20
2010.09.20 01:23:05.903,1.01035,1.0105,1.60,3.20
2010.09.20 01:23:08.202,1.01035,1.0105,1.60,1.60
2010.09.20 01:23:08.303,1.01035,1.0105,1.60,1.00
2010.09.20 01:23:24.914,1.0104,1.0105,1.00,1.00
2010.09.20 01:23:26.053,1.0104,1.0105,1.60,1.00
2010.09.20 01:23:29.614,1.0104,1.01055,1.60,3.20
2010.09.20 01:23:31.576,1.01045,1.01055,1.00,3.20
2010.09.20 01:23:31.775,1.0105,1.0106,1.00,1.60
2010.09.20 01:23:32.675,1.0105,1.0106,1.60,1.60
2010.09.20 01:23:34.574,1.0105,1.0106,1.60,1.60
2010.09.20 01:23:34.784,1.0105,1.01065,1.60,1.60
2010.09.20 01:23:35.016,1.01055,1.0107,1.00,4.00
2010.09.20 01:23:35.245,1.01055,1.0107,1.00,3.20
2010.09.20 01:23:35.789,1.01055,1.0107,1.00,3.20
2010.09.20 01:23:35.915,1.01055,1.0107,1.60,3.20
2010.09.20 01:23:36.045,1.01055,1.0107,1.60,3.20
2010.09.20 01:23:36.173,1.01055,1.01065,1.00,1.60
2010.09.20 01:23:36.303,1.01055,1.0107,1.00,3.20
2010.09.20 01:23:36.434,1.01055,1.0107,1.00,1.60
2010.09.20 01:23:36.565,1.01055,1.0107,1.60,3.20
2010.09.20 01:23:36.695,1.01055,1.0107,1.60,1.60
2010.09.20 01:23:36.824,1.01055,1.01075,1.60,3.20
2010.09.20 01:23:37.137,1.0106,1.0107,1.60,1.60
2010.09.20 01:23:38.034,1.0105,1.0106,12.80,2.40
2010.09.20 01:23:38.152,1.0105,1.01055,11.20,1.00
2010.09.20 01:23:38.258,1.0104,1.01055,1.60,1.60
2010.09.20 01:23:38.775,1.01045,1.01055,1.60,1.60
2010.09.20 01:23:38.884,1.01045,1.01055,1.60,1.60
2010.09.20 01:23:38.994,1.0105,1.0106,1.60,3.20
2010.09.20 01:23:39.448,1.0105,1.0106,1.60,1.60
2010.09.20 01:23:39.790,1.01055,1.0106,1.00,1.60
2010.09.20 01:23:40.136,1.01055,1.01065,1.60,1.60
2010.09.20 01:23:41.660,1.0106,1.01065,1.00,1.60
2010.09.20 01:23:47.456,1.0106,1.0107,1.60,1.60
2010.09.20 01:23:48.064,1.0106,1.01075,1.60,3.20
2010.09.20 01:23:48.983,1.0106,1.0107,1.60,1.60
2010.09.20 01:23:50.605,1.0106,1.01075,1.60,1.60
2010.09.20 01:23:50.883,1.0106,1.0108,1.60,4.00
2010.09.20 01:23:52.313,1.0106,1.0108,3.20,4.00
2010.09.20 01:23:56.994,1.01065,1.0108,1.60,3.20
2010.09.20 01:23:57.333,1.01065,1.0108,1.60,1.60
2010.09.20 01:23:57.444,1.0107,1.0108,1.00,1.60
2010.09.20 01:24:00.166,1.0106,1.0107,9.60,4.80
2010.09.20 01:24:00.406,1.01055,1.0107,1.60,2.40
2010.09.20 01:24:00.646,1.01055,1.0107,1.00,8.00
2010.09.20 01:24:01.174,1.0105,1.0107,1.60,10.40
2010.09.20 01:24:01.395,1.01055,1.0107,1.00,3.20
2010.09.20 01:24:01.610,1.01055,1.0107,7.20,1.60
2010.09.20 01:24:01.816,1.01055,1.0107,1.60,1.60
2010.09.20 01:24:02.025,1.0106,1.0107,1.60,1.60
2010.09.20 01:24:02.830,1.0106,1.0107,1.60,3.20
2010.09.20 01:24:03.181,1.01055,1.0107,1.60,1.60
2010.09.20 01:24:05.346,1.01055,1.0107,1.00,1.60
2010.09.20 01:24:06.253,1.0105,1.0107,7.20,2.40
2010.09.20 01:24:06.992,1.0105,1.0107,1.60,2.40
2010.09.20 01:24:08.635,1.0105,1.0107,4.00,4.00
2010.09.20 01:24:08.844,1.0105,1.0107,1.60,4.80
2010.09.20 01:24:09.502,1.0105,1.0107,1.60,4.00
2010.09.20 01:24:13.064,1.0107,1.01085,1.00,4.80
2010.09.20 01:24:13.189,1.0107,1.01085,3.40,3.20
2010.09.20 01:24:13.306,1.01065,1.01085,3.20,1.60
2010.09.20 01:24:13.426,1.0107,1.01085,1.00,1.60
2010.09.20 01:24:13.547,1.0107,1.01085,3.20,1.60
2010.09.20 01:24:14.411,1.0107,1.01085,8.80,1.60
2010.09.20 01:24:14.759,1.0107,1.01085,8.80,1.70
2010.09.20 01:24:15.108,1.0107,1.01085,7.20,1.70
2010.09.20 01:24:16.206,1.01055,1.0107,3.70,4.20
2010.09.20 01:24:16.492,1.0105,1.0107,1.60,7.40
2010.09.20 01:24:16.769,1.0105,1.01065,1.60,1.60
2010.09.20 01:24:19.666,1.0105,1.01065,4.00,1.60
2010.09.20 01:24:19.905,1.0105,1.0107,4.20,2.40
2010.09.20 01:24:20.137,1.0105,1.0107,9.80,1.60
2010.09.20 01:24:20.365,1.0105,1.01075,11.40,5.40
2010.09.20 01:24:20.597,1.01055,1.01075,1.60,5.40
2010.09.20 01:24:23.706,1.01055,1.0107,1.00,1.60
2010.09.20 01:24:25.537,1.01055,1.0107,2.40,1.60
2010.09.20 01:24:28.384,1.01055,1.0107,2.60,1.60
2010.09.20 01:24:28.857,1.01055,1.0107,5.00,1.60
2010.09.20 01:24:29.184,1.01055,1.01075,6.60,3.00
2010.09.20 01:24:29.509,1.01055,1.01075,7.40,1.00
2010.09.20 01:24:30.295,1.0106,1.01075,1.00,1.00
2010.09.20 01:24:30.645,1.0106,1.01075,12.00,1.00
2010.09.20 01:24:33.316,1.0106,1.01075,1.00,2.20
2010.09.20 01:24:34.670,1.0106,1.01075,1.60,2.20
2010.09.20 01:24:34.944,1.0106,1.01075,1.60,1.00
2010.09.20 01:24:38.533,1.0106,1.0108,1.60,4.00
2010.09.20 01:24:39.607,1.0106,1.0107,1.00,3.20
2010.09.20 01:24:39.738,1.0105,1.01065,1.60,1.80
2010.09.20 01:24:41.827,1.0105,1.01065,4.00,1.80
2010.09.20 01:24:42.011,1.01055,1.0107,1.60,1.60
2010.09.20 01:24:44.738,1.01055,1.0107,1.00,1.60
2010.09.20 01:24:49.545,1.01055,1.01075,1.00,4.10
2010.09.20 01:24:49.714,1.01055,1.01075,1.00,4.00
2010.09.20 01:24:49.884,1.01055,1.01075,3.20,4.80
2010.09.20 01:24:50.647,1.01055,1.01075,3.20,4.00
2010.09.20 01:24:51.544,1.01055,1.01075,3.20,2.40
2010.09.20 01:24:52.423,1.0106,1.01075,1.60,2.40
2010.09.20 01:24:52.687,1.0106,1.01075,7.20,2.40
2010.09.20 01:24:53.806,1.0106,1.01075,7.20,2.20
2010.09.20 01:24:54.144,1.0106,1.01075,1.60,1.00
2010.09.20 01:24:55.117,1.0106,1.01075,1.60,1.00
2010.09.20 01:24:56.055,1.0106,1.01075,1.00,1.00
2010.09.20 01:24:58.056,1.0106,1.01075,2.40,1.00
2010.09.20 01:24:58.330,1.0106,1.01075,2.40,2.20
2010.09.20 01:24:58.726,1.0106,1.01075,1.60,3.00
2010.09.20 01:24:59.518,1.0106,1.01075,1.60,4.00
2010.09.20 01:24:59.850,1.01055,1.0107,2.40,1.60
2010.09.20 01:25:01.055,1.01055,1.0107,1.00,1.60
2010.09.20 01:25:01.768,1.01055,1.0107,2.40,1.60
2010.09.20 01:25:02.044,1.01055,1.01075,3.20,4.70
2010.09.20 01:25:04.175,1.01055,1.01075,3.20,3.80
2010.09.20 01:25:07.405,1.01055,1.01075,3.20,2.20
2010.09.20 01:25:07.750,1.01055,1.0107,3.20,1.60
2010.09.20 01:25:08.548,1.01055,1.01075,3.20,3.10
2010.09.20 01:25:10.175,1.01055,1.01075,3.20,3.00
2010.09.20 01:25:10.689,1.01055,1.01075,3.20,2.20
2010.09.20 01:25:13.316,1.01055,1.01065,3.20,1.00
2010.09.20 01:25:13.485,1.01055,1.01065,2.40,1.00
2010.09.20 01:25:14.130,1.01055,1.01065,1.60,1.00
2010.09.20 01:25:17.116,1.01055,1.0107,1.60,2.40
2010.09.20 01:25:17.758,1.01055,1.0107,2.40,1.60
2010.09.20 01:25:19.385,1.01055,1.01075,2.40,5.40
2010.09.20 01:25:19.729,1.01055,1.01075,3.20,4.60
2010.09.20 01:25:21.677,1.01055,1.0107,2.40,1.60
2010.09.20 01:25:24.608,1.01055,1.01075,3.20,4.60
2010.09.20 01:25:28.553,1.01055,1.01075,2.40,5.40
2010.09.20 01:25:28.803,1.01055,1.0107,2.40,1.60
2010.09.20 01:25:29.824,1.01055,1.01075,2.40,5.40
2010.09.20 01:25:30.285,1.01055,1.01075,3.20,5.40
2010.09.20 01:25:31.223,1.01055,1.0107,3.20,1.60
2010.09.20 01:25:33.565,1.01055,1.01075,3.20,5.40
2010.09.20 01:25:33.724,1.01055,1.0107,3.20,1.60
2010.09.20 01:25:33.993,1.01055,1.01075,3.20,4.80
2010.09.20 01:25:41.776,1.01055,1.01075,3.20,4.00
2010.09.20 01:25:51.169,1.01055,1.0107,1.60,1.00
2010.09.20 01:25:51.347,1.0105,1.0107,1.60,3.20
2010.09.20 01:25:51.696,1.0105,1.01065,1.60,1.60
2010.09.20 01:25:52.403,1.01055,1.01065,1.60,1.60
2010.09.20 01:25:52.664,1.01055,1.0107,1.60,1.60
2010.09.20 01:25:55.228,1.01055,1.0106,1.60,3.20
2010.09.20 01:25:55.338,1.01055,1.0106,1.00,3.20
2010.09.20 01:25:55.879,1.0105,1.0106,5.60,4.80
2010.09.20 01:25:55.989,1.01045,1.0106,1.00,4.80
2010.09.20 01:25:56.781,1.01045,1.01065,5.60,7.20
2010.09.20 01:25:57.588,1.0105,1.0107,3.20,4.00
2010.09.20 01:25:57.920,1.01055,1.0107,1.00,3.20
2010.09.20 01:26:00.756,1.01055,1.0107,1.00,1.60
2010.09.20 01:26:01.807,1.0105,1.0107,4.80,3.20
2010.09.20 01:26:04.837,1.0105,1.0107,5.60,1.00
2010.09.20 01:26:04.915,1.0105,1.0107,7.20,1.00
2010.09.20 01:26:05.057,1.0105,1.01075,7.20,11.30
2010.09.20 01:26:05.576,1.01055,1.01075,1.60,4.60
2010.09.20 01:26:05.657,1.01055,1.01075,3.20,4.60
2010.09.20 01:26:06.457,1.01055,1.01075,3.20,5.60
2010.09.20 01:26:07.427,1.01055,1.01065,3.20,8.00
2010.09.20 01:26:07.517,1.01055,1.0106,3.20,1.00
2010.09.20 01:26:07.610,1.01055,1.0107,3.20,7.20
2010.09.20 01:26:07.698,1.01055,1.01065,1.60,1.00
2010.09.20 01:26:07.787,1.0105,1.01065,1.60,1.00
2010.09.20 01:26:08.273,1.01045,1.01065,3.20,5.70
2010.09.20 01:26:08.628,1.0105,1.0107,1.60,3.20
2010.09.20 01:26:09.309,1.0105,1.0107,1.60,3.20
2010.09.20 01:26:10.101,1.0105,1.0107,1.00,3.20
2010.09.20 01:26:10.443,1.0105,1.0107,5.60,2.40
2010.09.20 01:26:11.550,1.0105,1.0106,3.20,1.00
2010.09.20 01:26:11.710,1.01045,1.01055,7.20,1.00
2010.09.20 01:26:11.870,1.0104,1.01055,3.20,1.00
2010.09.20 01:26:14.126,1.0104,1.01055,1.60,1.00
2010.09.20 01:26:14.889,1.0104,1.01055,1.60,2.40
2010.09.20 01:26:15.233,1.01035,1.01055,4.80,4.80
2010.09.20 01:26:15.579,1.01035,1.01055,3.20,4.80
2010.09.20 01:26:17.657,1.01035,1.01055,3.20,5.60
2010.09.20 01:26:18.367,1.01035,1.01055,3.20,5.80
2010.09.20 01:26:19.966,1.01035,1.01055,3.20,3.20
2010.09.20 01:26:21.505,1.01035,1.01055,3.20,4.80
2010.09.20 01:26:24.527,1.01035,1.0105,1.60,1.00
2010.09.20 01:26:24.777,1.01035,1.01055,2.40,5.10
2010.09.20 01:26:25.027,1.01035,1.01055,2.40,10.70
2010.09.20 01:26:25.277,1.01035,1.01055,2.40,5.00
2010.09.20 01:26:25.617,1.01035,1.01055,8.80,5.00
2010.09.20 01:26:32.717,1.01035,1.0105,8.80,1.00
2010.09.20 01:26:33.215,1.01035,1.0105,10.40,1.00
2010.09.20 01:26:35.557,1.0104,1.0105,1.00,1.00
2010.09.20 01:26:36.148,1.0104,1.01055,1.00,1.00
2010.09.20 01:26:36.308,1.0105,1.01065,1.00,1.80
2010.09.20 01:26:36.458,1.0105,1.01065,1.60,1.60
2010.09.20 01:26:36.608,1.01055,1.0107,1.00,2.40
2010.09.20 01:26:37.500,1.01055,1.0107,1.00,1.60
2010.09.20 01:26:38.179,1.01055,1.0107,1.00,2.40
2010.09.20 01:26:39.106,1.01055,1.01065,1.00,8.00
2010.09.20 01:26:39.564,1.01055,1.01065,1.00,13.60
2010.09.20 01:26:39.798,1.0104,1.0105,1.60,1.00
2010.09.20 01:26:40.032,1.0103,1.0105,8.80,1.00
2010.09.20 01:26:40.259,1.0103,1.0105,8.80,1.00
2010.09.20 01:26:40.486,1.0103,1.0105,4.80,1.00
2010.09.20 01:26:42.666,1.0103,1.0105,4.80,1.60
2010.09.20 01:26:43.706,1.0103,1.0105,4.80,1.00
2010.09.20 01:27:15.096,1.01035,1.0105,1.00,1.00
2010.09.20 01:27:15.296,1.01035,1.0105,2.40,1.00
2010.09.20 01:27:15.616,1.0104,1.0105,1.00,1.00
2010.09.20 01:27:20.453,1.01035,1.0105,1.60,1.00
2010.09.20 01:27:21.159,1.0104,1.01055,1.00,4.80
2010.09.20 01:27:21.470,1.0105,1.0106,1.60,1.60
2010.09.20 01:27:24.029,1.0105,1.0106,1.60,4.00
2010.09.20 01:27:24.220,1.0104,1.01055,12.80,1.00
2010.09.20 01:27:24.408,1.0104,1.01055,1.60,1.00
2010.09.20 01:27:24.867,1.0104,1.01055,12.80,1.00
2010.09.20 01:27:25.710,1.0104,1.0105,1.60,1.00
2010.09.20 01:27:25.918,1.0104,1.0105,1.00,1.00
2010.09.20 01:27:26.127,1.01035,1.0105,1.60,1.00
2010.09.20 01:27:27.820,1.01035,1.0105,7.20,1.00
2010.09.20 01:27:29.197,1.01035,1.0105,7.20,1.60
2010.09.20 01:27:29.850,1.01035,1.0105,6.40,2.40
2010.09.20 01:27:30.144,1.0103,1.01045,1.00,1.00
2010.09.20 01:27:30.429,1.01035,1.0105,1.00,4.00
2010.09.20 01:27:31.216,1.01035,1.0105,1.60,1.60
2010.09.20 01:27:34.290,1.0104,1.0105,1.00,1.00
2010.09.20 01:27:35.196,1.0104,1.0105,1.60,1.00
2010.09.20 01:27:36.283,1.0104,1.0105,1.00,1.60
2010.09.20 01:27:38.315,1.0103,1.0105,2.50,3.20
2010.09.20 01:27:38.435,1.0103,1.0104,1.00,1.00
2010.09.20 01:27:38.659,1.0103,1.0104,1.00,1.00
2010.09.20 01:27:38.878,1.01025,1.0104,1.60,1.00
2010.09.20 01:27:38.987,1.01025,1.0104,1.60,1.60
2010.09.20 01:27:39.795,1.01025,1.0104,6.40,1.60
2010.09.20 01:27:40.751,1.01025,1.0104,1.00,1.60
2010.09.20 01:27:42.267,1.01025,1.0104,1.10,1.60
2010.09.20 01:27:54.666,1.01025,1.0104,1.90,1.60
2010.09.20 01:27:55.057,1.01025,1.0104,3.50,1.60
2010.09.20 01:27:55.259,1.0103,1.0104,1.00,1.60
2010.09.20 01:27:56.461,1.0103,1.0104,1.00,1.00
2010.09.20 01:28:00.800,1.01025,1.0104,1.00,2.40
2010.09.20 01:28:02.301,1.01025,1.0104,1.00,3.20
2010.09.20 01:28:02.480,1.0102,1.0104,2.40,3.20
2010.09.20 01:28:07.915,1.0102,1.0104,1.00,3.20
2010.09.20 01:28:28.312,1.0102,1.0104,2.40,3.20
2010.09.20 01:28:35.296,1.0102,1.0104,3.20,2.40
2010.09.20 01:28:35.456,1.0102,1.0104,8.80,2.40
2010.09.20 01:28:37.057,1.01025,1.0104,1.00,1.00
2010.09.20 01:28:37.207,1.01025,1.01045,1.00,6.40
2010.09.20 01:28:37.363,1.01025,1.01045,1.00,4.80
2010.09.20 01:28:37.919,1.01025,1.01045,1.00,3.20
2010.09.20 01:28:38.146,1.01025,1.01045,1.00,4.80
2010.09.20 01:28:38.374,1.01025,1.0104,1.00,1.00
2010.09.20 01:28:38.977,1.01025,1.0104,1.00,1.60
2010.09.20 01:28:40.512,1.0102,1.01035,1.00,1.60
2010.09.20 01:28:41.166,1.01015,1.01035,4.00,3.20
2010.09.20 01:28:41.762,1.01015,1.01035,3.20,3.20
2010.09.20 01:28:41.967,1.01015,1.01035,2.40,3.20
2010.09.20 01:28:54.714,1.01015,1.01035,4.00,3.20
2010.09.20 01:29:08.646,1.01015,1.01035,4.00,11.20
2010.09.20 01:29:08.804,1.01005,1.0102,1.60,1.80
2010.09.20 01:29:08.959,1.01005,1.01015,1.60,1.00
2010.09.20 01:29:09.300,1.01,1.01015,1.60,1.00
2010.09.20 01:29:12.055,1.00995,1.01015,5.00,1.00
2010.09.20 01:29:12.916,1.00995,1.01015,2.60,1.80
2010.09.20 01:29:13.412,1.00995,1.01015,4.20,1.00
2010.09.20 01:29:13.559,1.00995,1.01015,5.00,1.00
2010.09.20 01:29:15.058,1.00995,1.01015,4.80,1.00
2010.09.20 01:29:24.066,1.00995,1.01015,4.80,2.40
2010.09.20 01:29:27.246,1.00995,1.01015,5.00,2.40
2010.09.20 01:29:27.406,1.01,1.01015,1.00,1.60
2010.09.20 01:29:27.559,1.01,1.0102,1.00,3.20
2010.09.20 01:29:30.917,1.01005,1.0102,1.00,1.60
2010.09.20 01:29:32.312,1.01005,1.0102,1.00,3.20
2010.09.20 01:29:32.952,1.01005,1.0102,1.60,1.80
2010.09.20 01:29:33.068,1.01005,1.01015,1.60,1.60
2010.09.20 01:29:34.188,1.00995,1.01015,10.40,1.80
2010.09.20 01:29:34.907,1.00995,1.01015,2.40,3.40
2010.09.20 01:29:35.164,1.00995,1.01015,3.20,2.60
2010.09.20 01:29:38.439,1.00995,1.01015,3.20,2.40
2010.09.20 01:29:43.364,1.01,1.01015,2.40,1.60
2010.09.20 01:29:44.116,1.01,1.0102,2.40,3.20
2010.09.20 01:29:46.205,1.01,1.01015,2.40,1.00
2010.09.20 01:29:46.356,1.01,1.01015,1.60,1.20
2010.09.20 01:29:46.508,1.00995,1.01015,9.80,1.20
2010.09.20 01:29:46.556,1.00995,1.01015,9.60,1.20
2010.09.20 01:29:46.606,1.00995,1.01015,7.20,1.20
2010.09.20 01:29:47.111,1.00995,1.01015,3.20,2.00
2010.09.20 01:29:49.318,1.00995,1.01015,1.60,2.00
2010.09.20 01:29:49.437,1.00995,1.0101,1.60,1.00
2010.09.20 01:29:50.569,1.0099,1.0101,7.40,1.00
2010.09.20 01:29:52.357,1.00995,1.0101,1.60,1.00
2010.09.20 01:29:55.027,1.00995,1.01015,1.60,3.60
2010.09.20 01:29:56.346,1.00995,1.01015,1.60,3.20
2010.09.20 01:30:01.738,1.00995,1.01015,1.60,3.90
2010.09.20 01:30:01.957,1.00995,1.0101,1.60,1.00
2010.09.20 01:30:15.007,1.0099,1.0101,13.00,1.00
2010.09.20 01:30:19.943,1.00995,1.0101,1.60,1.00
2010.09.20 01:30:20.936,1.00995,1.0101,3.20,1.00
2010.09.20 01:30:35.469,1.00995,1.01015,4.00,3.20
2010.09.20 01:31:24.746,1.00995,1.01005,4.00,1.00
2010.09.20 01:31:25.127,1.00995,1.01005,3.20,1.00
2010.09.20 01:31:26.637,1.00995,1.0101,3.20,1.00
2010.09.20 01:31:42.207,1.01,1.01015,1.60,1.60
2010.09.20 01:31:42.436,1.01,1.01015,1.60,1.00
2010.09.20 01:31:42.588,1.01,1.01015,3.20,1.00
2010.09.20 01:31:58.406,1.01,1.01015,8.80,1.00
2010.09.20 01:31:59.942,1.01,1.01015,3.20,1.00
2010.09.20 01:32:02.876,1.01,1.01005,3.20,1.00
2010.09.20 01:32:11.455,1.01,1.01015,3.20,2.40
2010.09.20 01:32:12.706,1.01,1.01015,3.20,1.00
2010.09.20 01:32:14.468,1.01,1.01015,3.20,1.00
2010.09.20 01:32:23.415,1.01,1.01015,3.20,1.60
2010.09.20 01:33:00.877,1.01,1.01015,8.80,1.60
2010.09.20 01:33:01.146,1.01,1.01015,8.80,1.00
2010.09.20 01:33:01.686,1.01,1.01015,3.20,1.00
2010.09.20 01:33:45.045,1.00995,1.0101,1.60,1.00
2010.09.20 01:33:46.682,1.00995,1.0101,1.60,1.00
2010.09.20 01:33:49.376,1.00995,1.01015,1.60,3.30
2010.09.20 01:33:49.616,1.00995,1.01015,2.40,3.30
2010.09.20 01:33:50.127,1.00995,1.01015,2.50,3.30
2010.09.20 01:33:53.286,1.00995,1.01015,2.60,3.40
2010.09.20 01:33:55.484,1.00995,1.0101,2.50,1.00
2010.09.20 01:33:55.834,1.00995,1.01015,1.70,3.40
2010.09.20 01:33:56.518,1.00995,1.01015,3.30,3.20
2010.09.20 01:33:57.267,1.00995,1.01015,4.10,3.20
2010.09.20 01:33:57.517,1.00995,1.01015,4.20,3.20
2010.09.20 01:33:58.397,1.00995,1.01015,4.10,3.20
2010.09.20 01:34:03.286,1.01,1.01015,1.60,3.20
2010.09.20 01:34:03.802,1.01,1.01015,1.60,1.00
2010.09.20 01:34:43.546,1.01,1.01015,2.40,1.00
2010.09.20 01:34:45.168,1.01,1.0102,2.40,3.40
2010.09.20 01:34:55.641,1.01,1.0102,4.00,3.40
2010.09.20 01:35:04.008,1.01,1.0102,4.00,3.20
2010.09.20 01:35:23.318,1.01,1.01015,4.00,1.00
2010.09.20 01:36:02.948,1.01,1.0102,4.00,3.20
2010.09.20 01:36:03.217,1.01005,1.0102,1.60,2.40
2010.09.20 01:36:47.133,1.01005,1.0102,1.60,3.20
2010.09.20 01:36:47.170,1.01,1.0102,4.80,3.20
2010.09.20 01:36:47.486,1.01005,1.0102,1.60,3.20
2010.09.20 01:36:48.315,1.01,1.0102,4.00,3.20
2010.09.20 01:36:52.547,1.01,1.01015,4.00,1.00
2010.09.20 01:36:54.766,1.01,1.01015,3.20,1.00
2010.09.20 01:37:39.446,1.00962,1.00982,1.60,3.20
2010.09.20 01:37:46.360,1.00976,1.00996,1.60,2.60
2010.09.20 01:37:48.684,1.00978,1.00998,1.60,2.40
2010.09.20 01:37:48.905,1.00964,1.00984,1.60,2.40
2010.09.20 01:37:49.536,1.00955,1.00975,3.20,8.00
2010.09.20 01:37:49.755,1.00957,1.00977,1.60,1.60
2010.09.20 01:37:57.494,1.00964,1.00984,1.60,2.60
2010.09.20 01:37:58.546,1.00972,1.00992,1.60,2.40
2010.09.20 01:37:58.866,1.00973,1.00997,1.60,1.60
2010.09.20 01:38:12.776,1.01,1.01015,4.00,1.00
2010.09.20 01:38:14.858,1.01005,1.0102,1.60,3.20
2010.09.20 01:38:17.140,1.01,1.0102,2.40,4.80
2010.09.20 01:38:20.518,1.01,1.01015,1.60,1.00
2010.09.20 01:38:22.388,1.01,1.0102,2.40,4.80
2010.09.20 01:38:24.682,1.01,1.0102,2.40,3.20
2010.09.20 01:38:38.372,1.01,1.0102,4.00,3.20
2010.09.20 01:38:40.787,1.01,1.0102,2.40,3.20
2010.09.20 01:38:41.086,1.01,1.01015,1.60,1.00
2010.09.20 01:38:42.390,1.01,1.01015,3.20,1.00
2010.09.20 01:38:43.546,1.01,1.01015,1.60,1.00
2010.09.20 01:38:59.257,1.01,1.01015,3.20,1.00
2010.09.20 01:39:04.628,1.01,1.01015,1.60,1.00
2010.09.20 01:39:16.967,1.01,1.01015,3.20,1.00
2010.09.20 01:39:20.516,1.01,1.01015,1.60,1.00
2010.09.20 01:39:22.907,1.01,1.01015,3.20,1.00
2010.09.20 01:39:25.209,1.01,1.01015,1.60,1.00
2010.09.20 01:39:48.652,1.01,1.01015,3.20,1.00
2010.09.20 01:40:01.926,1.01,1.0102,4.00,3.20
2010.09.20 01:40:02.976,1.01,1.01015,3.20,1.00
2010.09.20 01:40:06.126,1.01,1.01015,1.60,1.00
2010.09.20 01:40:06.288,1.01,1.01015,1.60,1.00
2010.09.20 01:40:07.121,1.01,1.01015,7.20,1.60
2010.09.20 01:40:22.627,1.01,1.01015,1.60,1.60
2010.09.20 01:40:27.636,1.01,1.01015,1.60,1.70
2010.09.20 01:40:37.747,1.01,1.01015,1.60,1.60
2010.09.20 01:41:37.998,1.0097,1.0099,1.60,2.40
2010.09.20 01:41:44.912,1.00959,1.00979,1.60,3.20
2010.09.20 01:41:47.236,1.00958,1.00978,1.60,2.40
2010.09.20 01:41:47.457,1.0097,1.0099,1.60,2.40
2010.09.20 01:41:48.088,1.00976,1.00996,1.60,2.40
2010.09.20 01:41:48.307,1.00973,1.00993,1.60,2.40
2010.09.20 01:41:56.046,1.00971,1.00991,3.20,8.00
2010.09.20 01:41:57.098,1.00974,1.00994,1.60,2.40
2010.09.20 01:41:57.418,1.00975,1.00999,1.60,2.40
2010.09.20 01:42:37.038,1.01,1.0101,1.60,1.00
2010.09.20 01:42:37.217,1.00995,1.0101,3.20,1.00
2010.09.20 01:42:38.717,1.00995,1.0101,4.80,1.00
2010.09.20 01:42:38.947,1.00995,1.0101,7.20,1.00
2010.09.20 01:42:39.057,1.00995,1.0101,8.00,1.00
2010.09.20 01:42:42.216,1.00995,1.01015,8.00,1.60
2010.09.20 01:42:43.740,1.00995,1.01015,8.00,1.70
2010.09.20 01:42:44.158,1.00995,1.01015,8.00,1.60
2010.09.20 01:42:45.337,1.00995,1.01015,4.00,3.20
2010.09.20 01:42:45.936,1.00995,1.01015,4.00,4.80
2010.09.20 01:42:49.899,1.00995,1.01015,8.00,1.60
2010.09.20 01:43:12.467,1.00995,1.01015,8.00,1.70
2010.09.20 01:43:22.045,1.00995,1.01015,8.00,1.60
2010.09.20 01:43:26.928,1.00995,1.01015,8.00,1.60
2010.09.20 01:43:27.131,1.00995,1.0101,2.40,1.00
2010.09.20 01:43:27.530,1.00995,1.0101,1.60,1.00
2010.09.20 01:43:27.734,1.00995,1.0101,1.60,1.60
2010.09.20 01:43:27.928,1.0099,1.01005,3.20,1.00
2010.09.20 01:43:28.318,1.0099,1.01005,3.20,1.00
2010.09.20 01:43:32.085,1.00995,1.0101,1.60,1.60
2010.09.20 01:43:32.435,1.00995,1.01015,2.40,3.20
2010.09.20 01:43:32.780,1.00995,1.01015,2.40,3.20
2010.09.20 01:43:33.390,1.00995,1.01015,2.40,3.20
2010.09.20 01:43:39.309,1.01,1.01015,1.00,3.20
2010.09.20 01:43:39.469,1.01,1.01015,1.00,1.00
2010.09.20 01:43:59.950,1.01,1.01015,1.60,1.00
2010.09.20 01:44:02.163,1.01005,1.0102,1.00,3.20
2010.09.20 01:44:02.351,1.0101,1.0102,1.00,1.00
2010.09.20 01:44:02.531,1.0101,1.01025,1.00,7.20
2010.09.20 01:44:02.710,1.0101,1.01025,5.80,1.60
2010.09.20 01:44:09.456,1.0101,1.0102,1.00,1.00
2010.09.20 01:44:37.368,1.0101,1.01025,1.00,3.20
2010.09.20 01:44:45.308,1.0101,1.01025,1.00,1.60
2010.09.20 01:44:51.351,1.0101,1.01025,1.00,3.20
2010.09.20 01:44:57.448,1.0101,1.01025,1.00,1.60
2010.09.20 01:45:02.501,1.01005,1.01025,4.00,1.60
2010.09.20 01:45:05.402,1.01005,1.0103,8.80,4.80
2010.09.20 01:45:05.958,1.0101,1.0103,1.00,4.80
2010.09.20 01:45:10.512,1.0101,1.0103,2.40,4.80
2010.09.20 01:45:14.108,1.0101,1.0103,13.60,4.80
2010.09.20 01:45:14.267,1.0101,1.0103,2.40,4.80
2010.09.20 01:45:14.668,1.0101,1.01025,1.60,1.00
2010.09.20 01:45:17.278,1.0101,1.01025,7.20,1.00
2010.09.20 01:45:17.469,1.0101,1.01025,1.60,1.60
2010.09.20 01:45:17.668,1.0101,1.01025,1.60,1.00
2010.09.20 01:45:24.617,1.0101,1.01025,1.60,1.60
2010.09.20 01:45:36.838,1.0101,1.01025,7.20,1.60
2010.09.20 01:45:37.558,1.0101,1.01025,1.60,1.60
2010.09.20 01:46:04.448,1.0101,1.01025,7.20,1.60
2010.09.20 01:46:04.621,1.0101,1.01025,1.60,1.60
2010.09.20 01:46:05.295,1.0101,1.01025,7.20,1.60
2010.09.20 01:46:05.480,1.0101,1.01025,1.60,1.60
2010.09.20 01:46:06.048,1.0101,1.01025,7.20,1.60
2010.09.20 01:46:06.428,1.0101,1.01025,1.60,1.60
2010.09.20 01:46:07.529,1.0101,1.01025,7.20,1.60
2010.09.20 01:46:07.810,1.0101,1.01025,1.60,1.60
2010.09.20 01:46:08.297,1.0101,1.01025,7.20,1.60
2010.09.20 01:46:08.458,1.0101,1.01025,1.60,1.60
2010.09.20 01:46:08.758,1.0101,1.01025,7.20,1.60
2010.09.20 01:46:08.899,1.0101,1.01025,1.60,1.60
2010.09.20 01:46:09.039,1.0101,1.01025,7.20,1.60
2010.09.20 01:46:09.181,1.0101,1.01025,1.60,1.60
2010.09.20 01:46:09.458,1.0101,1.01025,7.20,1.60
2010.09.20 01:46:10.039,1.0101,1.01025,1.60,1.60
2010.09.20 01:46:33.938,1.0101,1.01025,1.60,1.70
2010.09.20 01:46:36.518,1.0101,1.01025,1.60,2.20
2010.09.20 01:46:37.219,1.0101,1.01025,1.60,2.00
2010.09.20 01:46:37.440,1.0101,1.01025,1.60,1.80
2010.09.20 01:46:38.691,1.0101,1.01025,1.60,3.40
2010.09.20 01:46:40.670,1.0101,1.01025,1.60,3.60
2010.09.20 01:46:41.968,1.0101,1.01025,1.60,2.00
2010.09.20 01:46:50.680,1.0101,1.01025,1.60,1.60
2010.09.20 01:46:51.869,1.0101,1.01025,1.60,1.70
2010.09.20 01:46:59.134,1.0101,1.01025,1.60,1.60
2010.09.20 01:47:01.889,1.0101,1.01025,1.60,1.70
2010.09.20 01:47:02.051,1.01005,1.01025,5.60,1.70
2010.09.20 01:47:02.212,1.01,1.0102,8.80,1.60
2010.09.20 01:47:02.369,1.01,1.0102,2.40,1.60
2010.09.20 01:47:02.530,1.01,1.0102,4.00,3.20
2010.09.20 01:47:03.863,1.01,1.0102,2.40,3.20
2010.09.20 01:47:04.820,1.01,1.0102,1.60,3.20
2010.09.20 01:47:11.538,1.01,1.01015,1.60,1.00
2010.09.20 01:47:11.779,1.01,1.0101,1.60,8.80
2010.09.20 01:47:11.911,1.00995,1.01,1.60,1.00
2010.09.20 01:47:12.381,1.0099,1.01,9.60,1.00
2010.09.20 01:47:12.518,1.00985,1.01005,1.00,5.60
2010.09.20 01:47:15.224,1.00985,1.01005,1.00,3.40
2010.09.20 01:47:18.699,1.00985,1.01005,1.00,3.30
2010.09.20 01:47:18.918,1.00985,1.01005,2.40,3.30
2010.09.20 01:47:21.468,1.00985,1.01005,3.20,3.30
2010.09.20 01:47:25.080,1.00985,1.01005,3.20,3.20
2010.09.20 01:47:28.679,1.00985,1.01005,2.40,3.20
2010.09.20 01:47:33.550,1.00985,1.01005,1.00,3.20
2010.09.20 01:47:35.184,1.00985,1.01005,1.00,4.80
2010.09.20 01:47:35.497,1.0098,1.01,2.40,1.60
2010.09.20 01:47:37.392,1.00975,1.00995,1.00,4.20
2010.09.20 01:47:37.733,1.00975,1.0099,6.40,1.60
2010.09.20 01:47:41.083,1.00975,1.0099,1.00,1.60
2010.09.20 01:47:41.361,1.0098,1.00995,1.00,2.40
2010.09.20 01:47:41.641,1.00975,1.00995,7.20,2.40
2010.09.20 01:47:41.919,1.00975,1.00995,1.60,2.40
2010.09.20 01:47:44.989,1.00975,1.00995,1.80,2.40
2010.09.20 01:47:45.118,1.00975,1.00995,4.10,2.40
2010.09.20 01:47:45.649,1.0098,1.01,1.00,5.00
2010.09.20 01:47:45.995,1.0098,1.01,1.60,2.40
2010.09.20 01:47:46.322,1.00985,1.01,1.00,1.60
2010.09.20 01:47:49.130,1.00985,1.01005,1.00,9.00
2010.09.20 01:47:49.415,1.0099,1.0101,1.00,4.80
2010.09.20 01:47:49.691,1.00985,1.0101,8.80,7.40
2010.09.20 01:47:49.969,1.00985,1.01005,3.20,1.00
2010.09.20 01:47:56.378,1.00985,1.01005,3.20,2.40
2010.09.20 01:47:57.036,1.00985,1.01005,2.40,2.40
2010.09.20 01:47:57.390,1.00985,1.00995,1.60,1.00
2010.09.20 01:47:57.733,1.0098,1.00995,1.60,1.00
2010.09.20 01:48:00.748,1.00975,1.00995,4.80,1.00
2010.09.20 01:48:11.875,1.0098,1.01,1.00,2.40
2010.09.20 01:48:12.480,1.0098,1.01,1.60,2.40
2010.09.20 01:48:13.039,1.0098,1.01,3.20,1.60
2010.09.20 01:48:13.607,1.0098,1.01,1.00,2.40
2010.09.20 01:48:13.836,1.0098,1.00995,1.60,1.00
2010.09.20 01:48:24.821,1.0098,1.01,2.40,3.20
2010.09.20 01:48:34.234,1.0098,1.01,2.40,4.80
2010.09.20 01:48:34.321,1.0098,1.00995,1.60,1.00
2010.09.20 01:48:34.419,1.00975,1.00995,4.80,1.00
2010.09.20 01:48:35.001,1.00975,1.00995,4.00,1.00
2010.09.20 01:48:35.050,1.00975,1.00995,2.40,1.60
2010.09.20 01:48:36.673,1.00975,1.00995,4.00,1.60
2010.09.20 01:48:39.598,1.00975,1.00995,2.40,1.60
2010.09.20 01:48:41.091,1.00975,1.00995,4.00,1.60
2010.09.20 01:48:42.243,1.00975,1.00995,7.20,1.00
2010.09.20 01:48:42.549,1.00975,1.00995,7.20,1.00
2010.09.20 01:48:43.349,1.00975,1.00995,4.80,1.00
2010.09.20 01:48:43.659,1.0098,1.01,1.00,4.80
2010.09.20 01:48:43.973,1.00975,1.01,4.80,4.80
2010.09.20 01:48:45.001,1.00975,1.00995,4.80,1.00
2010.09.20 01:48:55.412,1.00975,1.00995,7.20,1.00
2010.09.20 01:48:55.459,1.0098,1.00995,1.60,1.00
2010.09.20 01:48:55.851,1.0098,1.01,2.40,3.20
2010.09.20 01:49:00.196,1.0098,1.01,1.60,3.20
2010.09.20 01:49:03.943,1.0098,1.00995,1.60,1.00
2010.09.20 01:49:04.200,1.00975,1.00995,4.00,1.00
2010.09.20 01:49:04.448,1.00975,1.00995,4.00,1.60
2010.09.20 01:49:08.748,1.00975,1.00995,6.40,1.60
2010.09.20 01:49:09.338,1.0098,1.00995,1.60,1.60
2010.09.20 01:49:17.089,1.00975,1.00995,7.20,1.60
2010.09.20 01:49:17.241,1.00975,1.00995,4.80,1.60
2010.09.20 01:49:25.984,1.00975,1.00995,4.90,1.60
2010.09.20 01:49:26.078,1.0098,1.00995,1.60,1.60
2010.09.20 01:49:26.666,1.00975,1.00995,4.80,1.00
2010.09.20 01:49:26.758,1.00975,1.00995,4.80,1.00
2010.09.20 01:49:33.393,1.00975,1.00995,7.20,1.00
2010.09.20 01:49:33.629,1.0098,1.00995,1.60,1.00
2010.09.20 01:49:33.869,1.00975,1.00995,7.20,1.00
2010.09.20 01:49:34.108,1.00975,1.00995,7.30,1.00
2010.09.20 01:49:35.236,1.00975,1.00995,7.20,1.00
2010.09.20 01:49:35.523,1.00975,1.00995,4.80,1.60
2010.09.20 01:49:40.238,1.0098,1.00995,1.60,1.60
2010.09.20 01:49:42.328,1.00975,1.00995,7.20,1.60
2010.09.20 01:49:42.488,1.00975,1.00995,4.80,1.60
2010.09.20 01:49:46.755,1.00975,1.00995,4.00,1.60
2010.09.20 01:50:18.820,1.00975,1.00995,4.80,1.60
2010.09.20 01:50:25.764,1.00975,1.00995,7.20,1.60
2010.09.20 01:50:26.149,1.0098,1.00995,1.60,1.60
2010.09.20 01:50:28.708,1.00975,1.00995,7.30,1.60
2010.09.20 01:50:28.848,1.00975,1.00995,7.20,1.60
2010.09.20 01:50:31.822,1.00975,1.00995,4.80,1.60
2010.09.20 01:50:32.353,1.00975,1.00995,4.80,1.60
2010.09.20 01:50:40.568,1.00975,1.00995,4.80,3.20
2010.09.20 01:50:58.492,1.00975,1.00995,4.80,1.60
2010.09.20 01:51:22.678,1.00975,1.00995,7.30,1.00
2010.09.20 01:51:22.838,1.00975,1.00995,7.20,1.00
2010.09.20 01:51:23.077,1.0098,1.00995,1.60,1.00
2010.09.20 01:51:30.927,1.0098,1.00995,3.20,1.00
2010.09.20 01:51:31.152,1.0098,1.01,4.10,1.60
2010.09.20 01:51:31.381,1.0098,1.01,6.90,1.00
2010.09.20 01:51:31.612,1.00985,1.01005,3.20,1.00
2010.09.20 01:51:31.700,1.00985,1.0101,3.20,5.00
2010.09.20 01:51:31.879,1.00985,1.0101,4.80,5.00
2010.09.20 01:51:32.482,1.0099,1.0101,1.00,5.00
2010.09.20 01:51:32.725,1.0099,1.0101,2.40,4.80
2010.09.20 01:51:36.979,1.0099,1.0101,2.40,4.80
2010.09.20 01:51:42.740,1.0099,1.0101,3.20,4.80
2010.09.20 01:51:48.838,1.0099,1.0101,3.20,3.20
2010.09.20 01:51:52.329,1.0099,1.0101,2.40,4.80
2010.09.20 01:51:52.956,1.0099,1.01005,2.40,1.00
2010.09.20 01:51:53.216,1.0099,1.01005,1.60,1.00
2010.09.20 01:51:55.569,1.0099,1.01005,1.60,2.40
2010.09.20 01:51:56.120,1.00985,1.01005,2.40,2.40
2010.09.20 01:51:56.228,1.00985,1.01005,1.60,3.20
2010.09.20 01:51:58.855,1.00985,1.01005,1.60,3.30
2010.09.20 01:51:59.657,1.00975,1.00995,4.80,1.00
2010.09.20 01:51:59.852,1.00975,1.00995,4.00,1.60
2010.09.20 01:52:00.049,1.00975,1.00995,2.40,1.60
2010.09.20 01:52:07.870,1.00975,1.00995,2.40,1.80
2010.09.20 01:52:08.223,1.0097,1.0099,10.40,2.40
2010.09.20 01:52:08.565,1.0097,1.0099,2.40,2.40
2010.09.20 01:52:18.256,1.0097,1.0099,2.40,3.20
2010.09.20 01:52:22.140,1.0097,1.0099,4.00,3.20
2010.09.20 01:52:22.268,1.0097,1.0099,4.80,2.40
2010.09.20 01:52:22.399,1.0097,1.0099,4.80,1.60
2010.09.20 01:52:22.790,1.00975,1.0099,1.00,1.60
2010.09.20 01:52:29.651,1.00975,1.0099,2.40,1.60
2010.09.20 01:52:31.199,1.00975,1.00995,4.80,8.80
2010.09.20 01:52:31.474,1.0098,1.00995,1.60,1.00
2010.09.20 01:52:32.197,1.0098,1.00995,2.40,1.00
2010.09.20 01:52:36.161,1.0098,1.00995,1.00,1.00
2010.09.20 01:52:36.544,1.0098,1.00995,2.40,1.00
2010.09.20 01:52:37.554,1.0098,1.00995,4.80,1.00
2010.09.20 01:52:39.197,1.0098,1.01,7.20,2.40
2010.09.20 01:52:40.172,1.0098,1.01,7.30,2.40
2010.09.20 01:52:40.382,1.00985,1.01005,1.00,4.00
2010.09.20 01:52:44.830,1.0098,1.01005,7.50,3.20
2010.09.20 01:52:44.912,1.00985,1.01005,1.60,3.20
2010.09.20 01:52:44.939,1.00985,1.01005,2.40,2.40
2010.09.20 01:52:44.959,1.00985,1.01005,3.20,2.40
2010.09.20 01:52:44.989,1.00985,1.01005,3.30,2.40
2010.09.20 01:52:45.020,1.00985,1.01005,3.30,1.00
2010.09.20 01:52:45.135,1.00985,1.01005,4.90,1.00
2010.09.20 01:52:45.652,1.00995,1.0101,1.00,1.60
2010.09.20 01:53:03.509,1.0099,1.0101,3.20,2.40
2010.09.20 01:53:04.229,1.0099,1.0101,4.80,2.40
2010.09.20 01:53:04.489,1.0099,1.0101,4.80,1.60
2010.09.20 01:53:12.270,1.0099,1.0101,4.80,1.00
2010.09.20 01:53:12.420,1.00995,1.01015,1.00,15.40
2010.09.20 01:53:12.571,1.00995,1.01015,2.40,9.00
2010.09.20 01:53:12.720,1.00995,1.01015,10.40,3.40
2010.09.20 01:53:13.211,1.00995,1.01015,16.00,3.40
2010.09.20 01:53:13.554,1.00995,1.01015,16.00,2.60
2010.09.20 01:53:14.189,1.00995,1.01015,16.00,2.40
2010.09.20 01:53:18.589,1.00995,1.01015,16.00,2.40
2010.09.20 01:53:19.801,1.00995,1.01015,14.40,4.00
2010.09.20 01:53:28.748,1.00995,1.01015,16.00,2.40
2010.09.20 01:53:32.884,1.00995,1.01015,16.00,1.60
2010.09.20 01:53:46.940,1.00995,1.01015,16.00,1.60
2010.09.20 01:53:47.070,1.00995,1.01015,4.90,1.60
2010.09.20 01:53:47.328,1.01,1.01015,1.00,1.60
2010.09.20 01:53:47.590,1.01,1.0102,1.60,2.40
2010.09.20 01:53:48.109,1.01,1.0102,1.60,1.60
2010.09.20 01:53:48.460,1.01,1.0102,3.20,1.60
2010.09.20 01:53:52.920,1.01005,1.0102,1.00,1.60
2010.09.20 01:54:18.670,1.01005,1.0102,1.00,1.60
2010.09.20 01:54:46.574,1.01005,1.0102,1.60,1.60
2010.09.20 01:55:01.679,1.01005,1.0102,1.00,1.60
2010.09.20 01:55:08.819,1.01005,1.0102,1.00,1.60
2010.09.20 01:55:09.802,1.01005,1.0102,1.00,1.60
2010.09.20 01:55:14.359,1.01,1.0102,3.20,2.40
2010.09.20 01:55:14.901,1.01,1.0102,3.20,4.00
2010.09.20 01:55:15.180,1.01,1.0102,2.40,4.80
2010.09.20 01:55:18.588,1.01,1.0102,2.40,4.80
2010.09.20 01:55:21.406,1.01,1.01015,1.60,2.60
2010.09.20 01:55:21.462,1.01,1.01015,1.60,3.40
2010.09.20 01:55:23.811,1.01,1.01015,1.60,3.20
2010.09.20 01:55:24.069,1.01,1.01015,1.60,3.20
2010.09.20 01:55:29.559,1.01,1.01015,1.60,3.40
2010.09.20 01:55:29.823,1.01,1.0101,1.60,1.00
2010.09.20 01:55:30.480,1.00995,1.0101,2.40,1.00
2010.09.20 01:55:33.441,1.00995,1.0101,1.60,1.00
2010.09.20 01:55:43.810,1.00995,1.0101,1.60,2.40
2010.09.20 01:55:44.080,1.0099,1.0101,1.60,4.00
2010.09.20 01:55:47.782,1.0099,1.01005,1.00,1.60
2010.09.20 01:55:48.121,1.00985,1.01005,3.20,3.60
2010.09.20 01:55:49.620,1.00985,1.01005,2.40,3.60
2010.09.20 01:55:50.662,1.00985,1.01005,2.40,5.20
2010.09.20 01:55:52.269,1.00985,1.01,1.60,1.00
2010.09.20 01:56:00.664,1.0098,1.01,7.40,1.00
2010.09.20 01:56:04.940,1.0098,1.01,7.20,1.00
2010.09.20 01:56:05.490,1.00975,1.01,3.20,13.20
2010.09.20 01:56:05.560,1.00975,1.00995,3.20,1.00
2010.09.20 01:56:05.630,1.00975,1.00995,3.20,1.60
2010.09.20 01:56:05.700,1.00975,1.00995,4.80,1.60
2010.09.20 01:56:09.803,1.00975,1.00995,1.60,6.40
2010.09.20 01:56:09.960,1.00975,1.00995,1.00,14.00
2010.09.20 01:56:10.120,1.00975,1.0099,1.00,1.60
2010.09.20 01:56:15.289,1.00975,1.0099,1.00,1.60
2010.09.20 01:56:18.271,1.00975,1.0099,1.00,1.60
2010.09.20 01:56:18.495,1.00975,1.0099,4.90,1.60
2010.09.20 01:56:18.836,1.00975,1.0099,1.60,1.00
2010.09.20 01:56:19.305,1.00975,1.0099,1.60,1.00
2010.09.20 01:56:19.633,1.0097,1.0099,3.40,1.00
2010.09.20 01:56:19.941,1.0097,1.0099,3.20,1.00
2010.09.20 01:56:20.250,1.0097,1.0099,3.20,2.40
2010.09.20 01:56:21.910,1.0097,1.0099,3.40,2.40
2010.09.20 01:56:25.946,1.0097,1.0099,3.30,2.40
2010.09.20 01:56:26.778,1.00975,1.0099,1.00,1.00
2010.09.20 01:56:26.951,1.00975,1.0099,1.00,1.00
2010.09.20 01:56:27.761,1.00975,1.0099,2.40,1.00
2010.09.20 01:56:36.999,1.00975,1.0099,3.20,1.00
2010.09.20 01:56:44.379,1.00975,1.0099,2.40,1.00
2010.09.20 01:56:45.410,1.00975,1.0099,1.00,1.00
2010.09.20 01:56:46.346,1.00975,1.0099,1.00,1.60
2010.09.20 01:56:46.959,1.00975,1.0099,1.00,1.00
2010.09.20 01:56:48.549,1.0097,1.0099,3.20,1.00
2010.09.20 01:56:48.670,1.0097,1.0099,3.20,2.40
2010.09.20 01:57:01.891,1.0097,1.0099,1.00,3.20
2010.09.20 01:57:02.809,1.0097,1.0099,1.60,2.40
2010.09.20 01:57:05.269,1.0097,1.0099,3.20,2.40
2010.09.20 01:57:08.935,1.0097,1.0099,3.30,2.40
2010.09.20 01:57:10.182,1.0097,1.0099,3.40,2.40
2010.09.20 01:57:10.459,1.0097,1.0099,3.30,2.40
2010.09.20 01:57:18.898,1.0097,1.0099,3.20,2.40
2010.09.20 01:57:29.529,1.0097,1.0099,3.20,2.40
2010.09.20 01:57:32.650,1.0097,1.0099,3.30,2.40
2010.09.20 01:57:34.341,1.0097,1.0099,3.20,2.40
2010.09.20 01:57:37.599,1.0097,1.0099,3.20,2.40
2010.09.20 01:57:39.538,1.0097,1.0099,1.60,2.40
2010.09.20 01:57:40.665,1.0097,1.0099,3.20,2.40
2010.09.20 01:57:41.720,1.0097,1.0099,3.20,2.40
2010.09.20 01:57:41.919,1.0097,1.0099,1.60,2.40
2010.09.20 01:57:51.991,1.0097,1.0099,1.60,4.00
2010.09.20 01:57:52.264,1.0097,1.0099,1.00,4.80
2010.09.20 01:58:02.518,1.0097,1.0099,1.00,3.20
2010.09.20 01:58:03.810,1.0097,1.0099,1.00,4.80
2010.09.20 01:58:05.953,1.0097,1.00985,1.00,1.00
2010.09.20 01:58:06.551,1.00965,1.00985,3.20,1.00
2010.09.20 01:58:10.599,1.00965,1.00985,3.20,2.40
2010.09.20 01:58:11.001,1.00965,1.00985,3.20,2.40
2010.09.20 01:58:19.679,1.00965,1.00985,3.30,2.40
2010.09.20 01:58:27.993,1.0097,1.0099,1.00,9.00
2010.09.20 01:58:28.124,1.0097,1.0099,1.00,3.20
2010.09.20 01:58:28.389,1.00965,1.0099,3.20,4.80
2010.09.20 01:58:28.520,1.00965,1.0099,3.20,10.40
2010.09.20 01:58:30.302,1.00965,1.0099,3.20,4.80
2010.09.20 01:58:33.658,1.0097,1.0099,4.20,3.20
2010.09.20 01:58:33.771,1.0097,1.0099,5.80,3.20
2010.09.20 01:58:37.510,1.0097,1.0099,6.60,3.20
2010.09.20 01:58:37.590,1.00975,1.0099,1.00,3.20
2010.09.20 01:58:46.198,1.00975,1.0099,1.00,3.20
2010.09.20 01:59:04.420,1.00975,1.0099,1.00,1.60
2010.09.20 01:59:27.850,1.00975,1.0099,1.00,1.00
2010.09.20 01:59:28.126,1.0098,1.00995,3.40,1.60
2010.09.20 01:59:28.898,1.0098,1.00995,2.60,7.20
2010.09.20 01:59:30.363,1.0098,1.00995,1.80,2.40
2010.09.20 01:59:32.081,1.0098,1.00995,1.80,1.60
2010.09.20 01:59:39.402,1.0098,1.00995,1.80,3.20
2010.09.20 01:59:40.072,1.0098,1.00995,1.80,4.00
2010.09.20 01:59:40.371,1.0098,1.00995,1.80,3.20
2010.09.20 01:59:43.431,1.0098,1.00995,1.80,8.80
2010.09.20 01:59:48.429,1.0098,1.00995,1.60,16.80
2010.09.20 01:59:48.646,1.0097,1.00985,2.40,1.00
2010.09.20 01:59:50.733,1.0097,1.0099,2.60,5.00
2010.09.20 01:59:51.011,1.0097,1.0099,2.40,4.80
2010.09.20 01:59:51.291,1.0097,1.0099,2.60,5.00
2010.09.20 01:59:51.572,1.0097,1.0099,2.40,12.80
2010.09.20 01:59:52.693,1.0097,1.0099,2.60,5.00
2010.09.20 01:59:55.242,1.0097,1.00985,2.40,1.60
2010.09.20 01:59:55.453,1.0097,1.00985,1.00,1.60
2010.09.20 01:59:55.663,1.0097,1.00985,1.00,1.00
