2011.12.01 11:00:00.759,0.9092,0.90931,1.50,1.50
2011.12.01 11:00:01.004,0.90921,0.90934,1.50,2.25
2011.12.01 11:00:01.500,0.90927,0.90936,1.50,2.25
2011.12.01 11:00:02.083,0.90927,0.90941,2.25,2.25
2011.12.01 11:00:02.451,0.90928,0.9094,3.00,1.50
2011.12.01 11:00:03.194,0.90929,0.9094,1.50,1.50
2011.12.01 11:00:03.570,0.9093,0.90944,3.00,1.80
2011.12.01 11:00:04.336,0.9093,0.90944,3.00,3.00
2011.12.01 11:00:04.586,0.90933,0.90945,2.25,1.50
2011.12.01 11:00:05.192,0.90934,0.90946,1.50,1.50
2011.12.01 11:00:05.554,0.90932,0.90946,1.50,1.50
2011.12.01 11:00:06.753,0.90932,0.90946,2.25,1.50
2011.12.01 11:00:07.610,0.90933,0.90945,3.00,1.50
2011.12.01 11:00:08.111,0.90936,0.90948,1.50,2.63
2011.12.01 11:00:08.713,0.90935,0.90947,1.50,1.50
2011.12.01 11:00:09.430,0.90936,0.90948,1.50,2.63
2011.12.01 11:00:10.123,0.90936,0.90948,1.50,2.63
2011.12.01 11:00:10.605,0.90936,0.90948,2.25,1.88
2011.12.01 11:00:10.976,0.90944,0.90953,2.47,1.50
2011.12.01 11:00:11.225,0.90959,0.90968,1.50,1.50
2011.12.01 11:00:11.475,0.90961,0.90968,1.50,1.50
2011.12.01 11:00:11.844,0.90961,0.9097,1.50,1.50
2011.12.01 11:00:13.743,0.90961,0.9097,1.50,1.50
2011.12.01 11:00:13.987,0.90958,0.90969,2.25,1.50
2011.12.01 11:00:14.117,0.90963,0.90975,2.25,2.70
2011.12.01 11:00:14.251,0.90965,0.90977,1.50,2.25
2011.12.01 11:00:14.376,0.90967,0.90979,1.50,5.21
2011.12.01 11:00:15.130,0.90965,0.90977,1.50,2.25
2011.12.01 11:00:15.734,0.90964,0.90978,1.50,2.25
2011.12.01 11:00:16.703,0.90963,0.90977,2.25,2.25
2011.12.01 11:00:17.292,0.90965,0.90977,1.50,1.50
2011.12.01 11:00:18.091,0.90964,0.90976,1.50,1.50
2011.12.01 11:00:21.445,0.90961,0.90972,1.50,1.50
2011.12.01 11:00:22.052,0.90961,0.90972,1.50,1.88
2011.12.01 11:00:22.894,0.90961,0.90972,1.50,1.88
2011.12.01 11:00:23.503,0.90961,0.90972,1.50,1.88
2011.12.01 11:00:24.057,0.90961,0.90974,1.50,3.34
2011.12.01 11:00:24.314,0.90962,0.90974,2.25,1.13
2011.12.01 11:00:24.914,0.90963,0.90971,1.50,1.50
2011.12.01 11:00:25.168,0.90962,0.90974,1.50,1.13
2011.12.01 11:00:26.103,0.90962,0.90972,1.50,1.50
2011.12.01 11:00:27.313,0.90962,0.90972,1.50,1.88
2011.12.01 11:00:27.921,0.90962,0.90972,1.50,1.88
2011.12.01 11:00:29.439,0.90962,0.90973,1.50,1.88
2011.12.01 11:00:30.032,0.90962,0.90973,1.50,1.88
2011.12.01 11:00:31.588,0.90962,0.90973,1.50,1.88
2011.12.01 11:00:32.798,0.90962,0.90973,1.50,1.88
2011.12.01 11:00:33.045,0.90962,0.9097,1.50,1.50
2011.12.01 11:00:33.180,0.90962,0.90973,1.50,2.63
2011.12.01 11:00:33.429,0.90964,0.90976,1.50,1.88
2011.12.01 11:00:33.559,0.90964,0.90975,1.50,1.09
2011.12.01 11:00:33.683,0.90964,0.90975,1.50,1.13
2011.12.01 11:00:34.283,0.90964,0.90974,2.25,1.13
2011.12.01 11:00:34.524,0.90964,0.90974,2.25,1.13
2011.12.01 11:00:35.214,0.90963,0.90975,1.50,2.63
2011.12.01 11:00:35.825,0.90964,0.90974,1.50,2.25
2011.12.01 11:00:36.432,0.90964,0.90974,1.50,2.25
2011.12.01 11:00:36.673,0.90962,0.90973,1.50,2.25
2011.12.01 11:00:37.272,0.90962,0.90974,1.50,2.25
2011.12.01 11:00:38.281,0.90962,0.90974,1.50,2.25
2011.12.01 11:00:38.880,0.90963,0.90974,1.50,2.25
2011.12.01 11:00:48.166,0.90963,0.90976,1.50,2.63
2011.12.01 11:00:49.487,0.90963,0.90975,1.50,2.25
2011.12.01 11:00:50.650,0.90963,0.90975,3.00,2.25
2011.12.01 11:00:53.139,0.90963,0.90976,1.50,2.25
2011.12.01 11:00:53.602,0.90963,0.90976,1.50,2.25
2011.12.01 11:00:53.952,0.90963,0.90976,1.50,2.25
2011.12.01 11:00:54.289,0.90963,0.90976,1.50,2.25
2011.12.01 11:00:54.529,0.90963,0.90976,1.50,2.25
2011.12.01 11:00:54.760,0.90963,0.90976,1.50,2.25
2011.12.01 11:00:55.340,0.90963,0.90976,1.50,2.25
2011.12.01 11:00:56.205,0.90963,0.90976,1.50,2.25
2011.12.01 11:00:56.566,0.90963,0.90975,3.00,2.25
2011.12.01 11:00:57.965,0.90965,0.90977,3.00,1.88
2011.12.01 11:00:58.332,0.90967,0.90978,3.00,1.13
2011.12.01 11:00:59.155,0.90964,0.90974,3.00,2.10
2011.12.01 11:00:59.701,0.90958,0.90969,1.50,1.69
2011.12.01 11:00:59.826,0.90955,0.90967,2.25,2.25
2011.12.01 11:01:00.432,0.90956,0.90968,1.50,2.25
2011.12.01 11:01:08.758,0.90954,0.90968,2.25,2.25
2011.12.01 11:01:10.351,0.90955,0.90969,2.25,2.55
2011.12.01 11:01:16.063,0.90955,0.90966,2.25,2.25
2011.12.01 11:01:16.662,0.90954,0.90965,1.50,1.50
2011.12.01 11:01:18.255,0.90955,0.90965,1.50,1.50
2011.12.01 11:01:18.748,0.90953,0.90965,3.00,1.50
2011.12.01 11:01:19.354,0.90954,0.90964,1.50,1.50
2011.12.01 11:01:19.712,0.90953,0.90964,1.50,2.25
2011.12.01 11:01:20.552,0.90953,0.90964,1.50,2.25
2011.12.01 11:01:20.784,0.90953,0.90964,1.50,2.25
2011.12.01 11:01:21.598,0.90953,0.90964,1.50,2.25
2011.12.01 11:01:22.161,0.90953,0.90964,1.50,2.25
2011.12.01 11:01:22.728,0.90953,0.90964,1.50,2.25
2011.12.01 11:01:25.604,0.90953,0.90961,1.50,1.50
2011.12.01 11:01:27.506,0.90952,0.90963,1.50,1.05
2011.12.01 11:01:28.817,0.90953,0.90966,1.50,2.25
2011.12.01 11:01:33.821,0.90952,0.90967,1.50,1.13
2011.12.01 11:01:34.421,0.90952,0.90967,1.50,1.13
2011.12.01 11:01:34.896,0.90953,0.90962,1.50,1.50
2011.12.01 11:01:35.664,0.90953,0.90963,1.50,1.50
2011.12.01 11:01:36.271,0.90954,0.90963,1.50,1.50
2011.12.01 11:01:40.275,0.90954,0.90965,1.50,2.25
2011.12.01 11:01:40.879,0.90954,0.90965,1.50,2.25
2011.12.01 11:01:41.470,0.90953,0.90966,2.25,1.50
2011.12.01 11:01:42.059,0.90954,0.90969,1.50,2.59
2011.12.01 11:01:43.683,0.90954,0.90968,1.50,1.50
2011.12.01 11:01:44.761,0.90954,0.90968,1.50,1.50
2011.12.01 11:01:44.895,0.90954,0.90966,1.50,1.50
2011.12.01 11:01:47.260,0.90954,0.90968,1.50,2.25
2011.12.01 11:01:47.768,0.90954,0.90968,1.50,1.50
2011.12.01 11:01:48.134,0.90954,0.90968,1.50,1.50
2011.12.01 11:01:48.720,0.90954,0.90968,1.50,1.50
2011.12.01 11:01:48.949,0.90954,0.90968,1.50,1.50
2011.12.01 11:01:49.773,0.90954,0.90967,1.50,1.50
2011.12.01 11:01:56.409,0.90954,0.90969,1.50,2.25
2011.12.01 11:01:58.101,0.90954,0.90968,1.50,1.50
2011.12.01 11:01:58.701,0.90955,0.9097,1.50,2.55
2011.12.01 11:01:59.419,0.90955,0.9097,1.50,1.80
2011.12.01 11:01:59.998,0.90954,0.90968,1.50,1.50
2011.12.01 11:02:01.550,0.90954,0.90968,1.50,1.50
2011.12.01 11:02:01.898,0.90954,0.90968,1.50,1.50
2011.12.01 11:02:02.240,0.90954,0.90968,1.50,1.50
2011.12.01 11:02:02.830,0.90954,0.90968,1.50,1.50
2011.12.01 11:02:03.436,0.90954,0.90969,1.50,1.50
2011.12.01 11:02:04.322,0.90955,0.90971,1.50,1.05
2011.12.01 11:02:06.451,0.90956,0.90971,1.50,1.05
2011.12.01 11:02:07.767,0.90958,0.90973,1.50,2.21
2011.12.01 11:02:07.907,0.9097,0.90982,3.00,1.50
2011.12.01 11:02:08.276,0.90969,0.90982,2.25,1.50
2011.12.01 11:02:08.881,0.9097,0.90982,2.25,1.50
2011.12.01 11:02:09.240,0.90971,0.90982,1.50,1.50
2011.12.01 11:02:09.931,0.90971,0.90982,1.50,1.50
2011.12.01 11:02:11.267,0.9097,0.9098,2.25,1.50
2011.12.01 11:02:11.862,0.90969,0.9098,2.25,1.50
2011.12.01 11:02:12.829,0.9097,0.90981,1.50,1.50
2011.12.01 11:02:13.823,0.90971,0.9098,1.50,1.50
2011.12.01 11:02:14.422,0.90971,0.9098,1.50,1.50
2011.12.01 11:02:15.126,0.9097,0.9098,1.50,1.50
2011.12.01 11:02:15.965,0.90971,0.9098,1.50,1.50
2011.12.01 11:02:16.106,0.90973,0.90984,1.50,2.25
2011.12.01 11:02:16.601,0.90975,0.90987,1.50,2.63
2011.12.01 11:02:16.729,0.90972,0.90986,3.00,1.50
2011.12.01 11:02:16.855,0.90975,0.90987,1.50,1.50
2011.12.01 11:02:17.461,0.90976,0.9099,1.50,2.25
2011.12.01 11:02:18.422,0.90976,0.9099,1.50,2.25
2011.12.01 11:02:21.441,0.90978,0.9099,1.50,1.50
2011.12.01 11:02:22.040,0.90979,0.90991,1.50,3.00
2011.12.01 11:02:22.406,0.90975,0.90987,2.25,1.50
2011.12.01 11:02:22.534,0.90975,0.90989,2.25,1.50
2011.12.01 11:02:23.130,0.90975,0.90989,1.50,2.25
2011.12.01 11:02:24.856,0.90977,0.90989,1.50,1.50
2011.12.01 11:02:25.224,0.90983,0.90994,1.50,2.03
2011.12.01 11:02:25.350,0.90983,0.90994,1.50,1.65
2011.12.01 11:02:26.733,0.90983,0.90995,1.50,1.50
2011.12.01 11:02:26.976,0.90985,0.90997,1.50,1.88
2011.12.01 11:02:27.583,0.90982,0.90996,2.25,1.50
2011.12.01 11:02:28.184,0.90985,0.90997,1.50,1.50
2011.12.01 11:02:29.063,0.90987,0.90999,1.50,2.63
2011.12.01 11:02:29.662,0.90986,0.90998,1.50,1.50
2011.12.01 11:02:30.261,0.90987,0.91,1.50,1.13
2011.12.01 11:02:31.490,0.90987,0.91,1.50,1.13
2011.12.01 11:02:32.081,0.90987,0.91001,1.50,3.71
2011.12.01 11:02:32.911,0.90987,0.91001,1.50,2.25
2011.12.01 11:02:36.550,0.90989,0.91002,1.50,1.50
2011.12.01 11:02:37.739,0.90989,0.91002,1.50,1.50
2011.12.01 11:02:38.410,0.90993,0.91003,1.50,1.13
2011.12.01 11:02:38.546,0.90996,0.91008,2.25,1.50
2011.12.01 11:02:38.914,0.90996,0.9101,2.25,2.25
2011.12.01 11:02:39.882,0.90996,0.9101,2.25,1.50
2011.12.01 11:02:40.484,0.90998,0.9101,1.50,1.50
2011.12.01 11:02:40.625,0.91003,0.91016,1.50,1.13
2011.12.01 11:02:41.708,0.91004,0.91017,1.50,1.84
2011.12.01 11:02:41.958,0.91004,0.91017,1.50,2.25
2011.12.01 11:02:42.210,0.91002,0.91016,1.50,2.25
2011.12.01 11:02:42.928,0.91004,0.91017,1.50,2.25
2011.12.01 11:02:43.301,0.91004,0.91018,2.25,2.25
2011.12.01 11:02:43.429,0.91006,0.9102,2.25,3.75
2011.12.01 11:02:43.798,0.91012,0.91024,1.50,2.25
2011.12.01 11:02:44.174,0.91008,0.91022,2.25,1.50
2011.12.01 11:02:44.296,0.91008,0.91022,2.25,2.25
2011.12.01 11:02:44.847,0.91005,0.91017,1.50,2.25
2011.12.01 11:02:45.336,0.91003,0.91016,1.50,1.13
2011.12.01 11:02:45.461,0.91,0.91014,2.25,1.58
2011.12.01 11:02:46.031,0.91001,0.91015,1.50,2.70
2011.12.01 11:02:46.626,0.91002,0.91014,1.50,2.33
2011.12.01 11:02:47.404,0.91001,0.91013,1.50,2.33
2011.12.01 11:02:48.671,0.91001,0.91013,1.50,2.33
2011.12.01 11:02:49.273,0.91,0.91014,1.50,2.33
2011.12.01 11:02:49.642,0.91002,0.91014,1.50,1.50
2011.12.01 11:02:50.273,0.91004,0.91016,1.50,2.25
2011.12.01 11:02:50.762,0.91004,0.91016,1.50,1.50
2011.12.01 11:02:52.422,0.91004,0.91016,1.50,2.25
2011.12.01 11:02:53.121,0.91004,0.91016,1.50,2.25
2011.12.01 11:02:54.863,0.90998,0.91012,2.25,1.88
2011.12.01 11:02:55.381,0.90999,0.91011,2.25,1.88
2011.12.01 11:02:55.511,0.90997,0.91009,1.50,1.50
2011.12.01 11:02:56.117,0.90996,0.9101,3.00,2.25
2011.12.01 11:02:56.709,0.90995,0.91009,2.25,2.25
2011.12.01 11:02:56.834,0.90997,0.91009,1.50,2.25
2011.12.01 11:02:58.142,0.90996,0.91008,1.50,1.50
2011.12.01 11:02:59.685,0.90993,0.91007,3.75,1.50
2011.12.01 11:02:59.810,0.90997,0.91008,1.50,2.25
2011.12.01 11:03:00.524,0.90996,0.9101,1.50,3.75
2011.12.01 11:03:01.063,0.90997,0.9101,1.50,2.25
2011.12.01 11:03:01.784,0.90997,0.9101,1.50,2.25
2011.12.01 11:03:02.742,0.90997,0.9101,1.50,2.25
2011.12.01 11:03:02.859,0.90997,0.9101,1.50,2.25
2011.12.01 11:03:07.105,0.90998,0.91012,2.25,2.40
2011.12.01 11:03:07.801,0.90998,0.91012,2.25,2.40
2011.12.01 11:03:08.309,0.90998,0.91012,2.25,2.40
2011.12.01 11:03:09.012,0.90997,0.91009,3.00,2.25
2011.12.01 11:03:09.591,0.90997,0.91009,3.00,2.25
2011.12.01 11:03:10.440,0.90999,0.91011,2.25,2.25
2011.12.01 11:03:11.041,0.90999,0.91013,2.25,2.25
2011.12.01 11:03:12.804,0.90997,0.91009,3.00,2.25
2011.12.01 11:03:13.061,0.90996,0.91005,1.50,2.29
2011.12.01 11:03:13.586,0.90997,0.91003,1.50,1.88
2011.12.01 11:03:14.076,0.90997,0.91004,1.50,2.25
2011.12.01 11:03:14.328,0.90997,0.91006,1.50,2.25
2011.12.01 11:03:14.696,0.90997,0.91003,1.50,1.50
2011.12.01 11:03:15.464,0.90998,0.91003,1.50,1.50
2011.12.01 11:03:17.841,0.90998,0.91005,1.50,2.25
2011.12.01 11:03:17.963,0.90998,0.91003,1.50,1.50
2011.12.01 11:03:18.701,0.90998,0.91005,1.50,2.25
2011.12.01 11:03:19.213,0.90998,0.91004,1.50,1.50
2011.12.01 11:03:21.227,0.90998,0.91007,1.50,2.25
2011.12.01 11:03:21.824,0.90998,0.91009,1.50,2.63
2011.12.01 11:03:22.072,0.90998,0.91007,1.50,2.25
2011.12.01 11:03:22.771,0.90998,0.91007,1.50,2.25
2011.12.01 11:03:24.549,0.90998,0.9101,3.00,2.25
2011.12.01 11:03:24.673,0.90998,0.9101,3.00,2.25
2011.12.01 11:03:24.919,0.90997,0.91008,1.50,2.25
2011.12.01 11:03:25.287,0.90997,0.91003,1.50,1.50
2011.12.01 11:03:25.891,0.90997,0.91004,1.50,1.50
2011.12.01 11:03:30.703,0.90997,0.91006,1.50,2.25
2011.12.01 11:03:31.291,0.90997,0.91006,1.50,2.25
2011.12.01 11:03:32.562,0.90997,0.91005,1.50,2.25
2011.12.01 11:03:33.674,0.90998,0.91005,1.50,2.25
2011.12.01 11:03:33.928,0.90994,0.91002,1.50,1.50
2011.12.01 11:03:34.054,0.90994,0.90999,1.50,1.50
2011.12.01 11:03:34.655,0.9099,0.90995,1.50,1.50
2011.12.01 11:03:34.784,0.90981,0.90994,1.50,2.25
2011.12.01 11:03:35.380,0.9098,0.90994,1.50,2.25
2011.12.01 11:03:37.902,0.90978,0.90992,2.63,2.25
2011.12.01 11:03:38.141,0.90978,0.90992,2.25,2.25
2011.12.01 11:03:38.741,0.90978,0.90992,2.25,2.25
2011.12.01 11:03:40.089,0.90978,0.90992,2.25,2.25
2011.12.01 11:03:42.052,0.90977,0.90989,3.00,1.50
2011.12.01 11:03:42.629,0.90977,0.90991,3.00,2.25
2011.12.01 11:03:44.580,0.90977,0.90991,3.00,2.25
2011.12.01 11:03:49.320,0.90977,0.90991,2.25,2.25
2011.12.01 11:03:50.469,0.90977,0.90991,2.25,2.25
2011.12.01 11:03:51.036,0.90976,0.9099,3.00,1.50
2011.12.01 11:03:51.693,0.90976,0.9099,3.00,2.25
2011.12.01 11:03:53.601,0.90977,0.90991,2.25,2.25
2011.12.01 11:03:54.181,0.90976,0.9099,3.00,2.25
2011.12.01 11:03:54.906,0.90976,0.9099,3.00,2.25
2011.12.01 11:03:56.196,0.90983,0.90995,1.50,2.25
2011.12.01 11:03:56.326,0.90982,0.90994,2.25,1.50
2011.12.01 11:03:56.936,0.9098,0.90993,1.50,1.50
2011.12.01 11:03:57.541,0.90982,0.90994,1.50,1.50
2011.12.01 11:03:58.224,0.90981,0.90995,2.25,1.50
2011.12.01 11:03:58.819,0.90982,0.90994,1.50,1.50
2011.12.01 11:04:00.588,0.90982,0.90994,2.25,1.50
2011.12.01 11:04:00.716,0.90985,0.90997,1.50,6.00
2011.12.01 11:04:00.853,0.9098,0.90994,1.50,1.50
2011.12.01 11:04:00.983,0.90978,0.90988,1.50,1.50
2011.12.01 11:04:01.566,0.90973,0.90987,4.50,2.25
2011.12.01 11:04:02.260,0.90973,0.90987,3.00,3.00
2011.12.01 11:04:02.493,0.90973,0.90984,1.50,1.50
2011.12.01 11:04:03.530,0.90973,0.90986,1.50,1.50
2011.12.01 11:04:06.590,0.90975,0.90987,2.25,1.50
2011.12.01 11:04:07.161,0.90974,0.90986,3.00,1.50
2011.12.01 11:04:08.026,0.90975,0.90987,1.50,1.50
2011.12.01 11:04:08.159,0.90973,0.90987,3.75,1.50
2011.12.01 11:04:08.750,0.90974,0.90984,1.50,1.50
2011.12.01 11:04:09.340,0.90973,0.90983,2.25,1.50
2011.12.01 11:04:10.823,0.90973,0.90985,2.25,1.50
2011.12.01 11:04:12.722,0.90973,0.90982,2.25,1.50
2011.12.01 11:04:12.966,0.90967,0.90977,1.50,1.50
2011.12.01 11:04:13.464,0.90968,0.9098,1.50,1.65
2011.12.01 11:04:13.592,0.90976,0.9099,2.25,1.50
2011.12.01 11:04:14.135,0.90979,0.90991,1.50,1.50
2011.12.01 11:04:15.811,0.90974,0.90987,1.50,1.50
2011.12.01 11:04:16.051,0.90973,0.90987,3.00,1.50
2011.12.01 11:04:16.175,0.90973,0.90984,1.50,1.50
2011.12.01 11:04:16.842,0.90973,0.90985,2.25,1.50
2011.12.01 11:04:17.204,0.90975,0.90987,1.50,1.50
2011.12.01 11:04:17.921,0.90973,0.90987,3.00,1.58
2011.12.01 11:04:18.510,0.90973,0.90987,2.25,1.50
2011.12.01 11:04:19.110,0.90974,0.90988,2.25,1.58
2011.12.01 11:04:22.189,0.90974,0.90986,2.25,1.50
2011.12.01 11:04:22.769,0.90974,0.90988,2.25,1.58
2011.12.01 11:04:23.363,0.90974,0.90988,2.25,1.58
2011.12.01 11:04:24.194,0.90974,0.90986,1.50,1.50
2011.12.01 11:04:25.121,0.90978,0.9099,1.50,1.54
2011.12.01 11:04:25.637,0.9098,0.90994,2.25,2.63
2011.12.01 11:04:25.750,0.90986,0.90999,1.50,1.88
2011.12.01 11:04:26.351,0.90985,0.90999,1.50,3.00
2011.12.01 11:04:26.951,0.90985,0.90999,2.25,3.00
2011.12.01 11:04:27.792,0.90987,0.90999,1.50,2.25
2011.12.01 11:04:28.550,0.90988,0.91001,1.50,1.50
2011.12.01 11:04:29.044,0.90988,0.91002,1.50,4.09
2011.12.01 11:04:29.165,0.90986,0.91,2.25,2.44
2011.12.01 11:04:29.771,0.90985,0.90998,3.00,1.58
2011.12.01 11:04:30.448,0.90984,0.90998,3.00,2.33
2011.12.01 11:04:32.177,0.90983,0.90994,1.50,1.50
2011.12.01 11:04:32.784,0.90984,0.90995,1.50,1.50
2011.12.01 11:04:33.368,0.90984,0.90996,1.50,1.50
2011.12.01 11:04:35.131,0.90984,0.90994,1.50,1.50
2011.12.01 11:04:36.827,0.90983,0.90994,1.50,1.50
2011.12.01 11:04:37.431,0.90982,0.90993,2.25,1.50
2011.12.01 11:04:39.254,0.90983,0.90993,2.25,1.50
2011.12.01 11:04:39.843,0.90983,0.90994,2.25,1.50
2011.12.01 11:04:40.552,0.90983,0.90993,1.50,1.50
2011.12.01 11:04:40.899,0.90979,0.90991,2.25,1.50
2011.12.01 11:04:42.149,0.90979,0.90993,2.25,1.50
2011.12.01 11:04:42.269,0.90979,0.90991,2.25,1.50
2011.12.01 11:04:42.393,0.90979,0.90991,1.50,1.50
2011.12.01 11:04:48.175,0.90977,0.90989,2.85,1.50
2011.12.01 11:04:48.547,0.90977,0.90989,2.25,3.68
2011.12.01 11:04:48.676,0.90977,0.90987,1.50,1.05
2011.12.01 11:04:48.809,0.90975,0.90985,1.50,1.50
2011.12.01 11:04:48.931,0.90971,0.90983,1.13,1.50
2011.12.01 11:04:50.754,0.90969,0.90983,2.25,1.50
2011.12.01 11:04:53.169,0.90969,0.90981,2.25,1.50
2011.12.01 11:04:53.780,0.90969,0.90981,2.25,1.50
2011.12.01 11:04:53.909,0.90969,0.90983,2.25,1.50
2011.12.01 11:04:54.275,0.90975,0.90987,1.50,1.50
2011.12.01 11:04:54.531,0.90977,0.90991,1.50,2.25
2011.12.01 11:04:55.930,0.90976,0.9099,1.50,1.50
2011.12.01 11:04:56.585,0.90975,0.90987,2.25,1.50
2011.12.01 11:04:57.190,0.90974,0.90986,2.25,1.50
2011.12.01 11:04:58.140,0.90973,0.90987,2.25,1.50
2011.12.01 11:04:59.899,0.90973,0.90987,2.25,1.50
2011.12.01 11:05:00.023,0.90975,0.90989,2.25,3.00
2011.12.01 11:05:00.700,0.90975,0.90989,1.50,1.50
2011.12.01 11:05:01.165,0.90975,0.90989,2.25,1.50
2011.12.01 11:05:01.762,0.90977,0.90989,1.50,2.25
2011.12.01 11:05:02.390,0.90974,0.90988,2.25,1.50
2011.12.01 11:05:04.531,0.90974,0.90988,2.25,1.50
2011.12.01 11:05:04.785,0.90978,0.90992,2.25,1.50
2011.12.01 11:05:05.521,0.90979,0.90991,1.50,1.50
2011.12.01 11:05:06.004,0.90977,0.90989,1.50,1.50
2011.12.01 11:05:06.965,0.90977,0.90991,2.25,1.50
2011.12.01 11:05:08.955,0.9098,0.90992,2.25,1.50
2011.12.01 11:05:09.090,0.90981,0.90995,2.25,3.00
2011.12.01 11:05:09.336,0.90986,0.90998,1.50,4.46
2011.12.01 11:05:09.941,0.90985,0.90998,1.50,3.75
2011.12.01 11:05:10.615,0.90983,0.90997,2.25,1.50
2011.12.01 11:05:12.001,0.90983,0.90997,2.25,1.50
2011.12.01 11:05:12.603,0.90985,0.90997,1.50,1.50
2011.12.01 11:05:13.194,0.90984,0.90996,1.50,1.50
2011.12.01 11:05:13.409,0.90986,0.90998,1.50,3.75
2011.12.01 11:05:13.981,0.90981,0.90995,2.25,1.88
2011.12.01 11:05:14.223,0.90979,0.90991,1.50,1.50
2011.12.01 11:05:14.344,0.90979,0.90993,1.50,1.50
2011.12.01 11:05:14.821,0.90979,0.90993,2.25,1.50
2011.12.01 11:05:15.182,0.90978,0.90992,2.25,1.50
2011.12.01 11:05:16.641,0.90976,0.9099,3.75,1.50
2011.12.01 11:05:17.819,0.90977,0.90989,2.25,1.50
2011.12.01 11:05:18.419,0.90978,0.9099,2.25,1.50
2011.12.01 11:05:19.693,0.9098,0.90992,2.25,3.00
2011.12.01 11:05:19.824,0.90982,0.90994,2.25,1.50
2011.12.01 11:05:20.443,0.90982,0.90996,2.25,1.50
2011.12.01 11:05:20.566,0.90983,0.90993,1.50,1.50
2011.12.01 11:05:21.891,0.90984,0.90995,1.50,2.25
2011.12.01 11:05:22.542,0.90987,0.90999,1.50,2.36
2011.12.01 11:05:22.902,0.90986,0.90999,1.50,1.84
2011.12.01 11:05:23.503,0.90985,0.90998,1.50,1.50
2011.12.01 11:05:23.744,0.90987,0.90999,1.50,4.84
2011.12.01 11:05:24.599,0.90986,0.90998,1.50,1.50
2011.12.01 11:05:26.683,0.90987,0.90999,1.50,2.25
2011.12.01 11:05:27.393,0.90986,0.90998,2.25,1.50
2011.12.01 11:05:35.393,0.90986,0.91,1.50,1.50
2011.12.01 11:05:36.114,0.90986,0.91,1.50,2.25
2011.12.01 11:05:37.251,0.90986,0.90998,1.50,1.50
2011.12.01 11:05:37.783,0.90986,0.91,1.50,2.25
2011.12.01 11:05:39.523,0.90986,0.90998,2.25,1.50
2011.12.01 11:05:39.647,0.90987,0.91,1.50,1.50
2011.12.01 11:05:39.776,0.9099,0.91002,2.25,1.50
2011.12.01 11:05:40.267,0.9099,0.91002,2.25,1.50
2011.12.01 11:05:40.931,0.90996,0.91006,2.25,1.50
2011.12.01 11:05:41.066,0.90998,0.91012,1.50,2.70
2011.12.01 11:05:41.319,0.91,0.91012,1.50,1.20
2011.12.01 11:05:41.926,0.91,0.91012,1.50,1.20
2011.12.01 11:05:43.025,0.91,0.91013,1.50,1.28
2011.12.01 11:05:43.404,0.91001,0.91015,3.00,2.25
2011.12.01 11:05:44.004,0.91003,0.91017,1.50,2.25
2011.12.01 11:05:44.600,0.91003,0.91017,1.50,2.63
2011.12.01 11:05:45.663,0.91002,0.91014,3.00,1.50
2011.12.01 11:05:47.199,0.91001,0.91011,1.50,1.50
2011.12.01 11:05:47.582,0.91001,0.91007,1.50,1.50
2011.12.01 11:05:47.824,0.91001,0.91009,1.50,1.50
2011.12.01 11:05:48.067,0.91001,0.91011,1.50,1.50
2011.12.01 11:05:48.674,0.91001,0.91013,1.50,2.33
2011.12.01 11:05:49.402,0.91001,0.91013,3.00,1.50
2011.12.01 11:05:53.199,0.91001,0.91015,3.00,1.50
2011.12.01 11:05:53.772,0.91002,0.91014,2.25,1.50
2011.12.01 11:05:54.134,0.91003,0.91017,2.25,2.25
2011.12.01 11:05:54.266,0.91004,0.91018,2.25,3.75
2011.12.01 11:05:54.961,0.91004,0.91017,1.50,1.50
2011.12.01 11:05:55.452,0.91006,0.91018,1.50,2.25
2011.12.01 11:05:55.828,0.91008,0.91022,2.25,3.38
2011.12.01 11:05:56.087,0.9101,0.91024,1.50,1.50
2011.12.01 11:05:57.313,0.9101,0.91023,1.50,1.50
2011.12.01 11:05:57.917,0.91008,0.91022,2.25,1.50
2011.12.01 11:05:58.284,0.91007,0.91016,2.25,1.50
2011.12.01 11:05:58.659,0.91007,0.91014,1.50,1.50
2011.12.01 11:05:59.245,0.91007,0.91016,3.00,1.50
2011.12.01 11:05:59.381,0.9101,0.91022,1.50,3.00
2011.12.01 11:05:59.506,0.91008,0.9102,3.00,1.50
2011.12.01 11:05:59.992,0.91008,0.91022,2.25,1.50
2011.12.01 11:06:01.063,0.9101,0.91024,1.50,1.88
2011.12.01 11:06:01.780,0.91008,0.91021,2.25,1.50
2011.12.01 11:06:02.430,0.91007,0.91021,3.00,1.50
2011.12.01 11:06:03.034,0.91008,0.91022,3.00,1.50
2011.12.01 11:06:03.382,0.91008,0.91022,2.25,1.80
2011.12.01 11:06:03.748,0.91012,0.91024,1.50,1.50
2011.12.01 11:06:03.872,0.9101,0.91024,2.25,1.50
2011.12.01 11:06:04.115,0.9101,0.91022,2.25,1.50
2011.12.01 11:06:05.781,0.9101,0.91022,2.25,1.50
2011.12.01 11:06:06.726,0.91012,0.91024,1.50,1.50
2011.12.01 11:06:06.989,0.91013,0.91026,1.50,1.88
2011.12.01 11:06:07.671,0.91012,0.91026,2.25,2.63
2011.12.01 11:06:08.983,0.91014,0.91026,1.50,2.25
2011.12.01 11:06:09.581,0.91013,0.91025,2.25,1.50
2011.12.01 11:06:09.822,0.91011,0.91022,1.50,1.50
2011.12.01 11:06:10.476,0.91011,0.91018,1.50,1.50
2011.12.01 11:06:10.591,0.9101,0.91021,1.50,1.50
2011.12.01 11:06:11.192,0.9101,0.9102,1.50,1.50
2011.12.01 11:06:14.360,0.9101,0.91021,1.50,1.50
2011.12.01 11:06:14.991,0.9101,0.91022,1.50,1.50
2011.12.01 11:06:16.923,0.9101,0.9102,1.50,1.50
2011.12.01 11:06:17.044,0.9101,0.91022,1.50,1.50
2011.12.01 11:06:17.292,0.9101,0.91022,1.50,1.50
2011.12.01 11:06:17.815,0.91012,0.91022,1.50,1.50
2011.12.01 11:06:18.701,0.91012,0.91024,1.50,3.00
2011.12.01 11:06:19.609,0.91012,0.91024,1.50,1.50
2011.12.01 11:06:20.314,0.91011,0.91025,3.00,3.00
2011.12.01 11:06:20.912,0.91012,0.91026,3.00,1.50
2011.12.01 11:06:24.606,0.91013,0.91027,2.25,3.00
2011.12.01 11:06:24.975,0.91016,0.91028,1.50,2.25
2011.12.01 11:06:27.050,0.91017,0.91029,1.50,2.63
2011.12.01 11:06:27.620,0.91016,0.91028,1.50,2.25
2011.12.01 11:06:29.226,0.91016,0.91029,1.50,1.13
2011.12.01 11:06:32.784,0.91015,0.91029,3.00,2.63
2011.12.01 11:06:33.481,0.91016,0.91029,1.50,1.13
2011.12.01 11:06:34.745,0.91019,0.91029,1.50,1.13
2011.12.01 11:06:34.880,0.91019,0.91031,1.50,2.55
2011.12.01 11:06:35.489,0.91017,0.91031,2.25,2.25
2011.12.01 11:06:36.094,0.91017,0.91029,2.25,1.50
2011.12.01 11:06:37.997,0.91015,0.91029,3.00,2.25
2011.12.01 11:06:38.384,0.91013,0.91023,1.50,1.50
2011.12.01 11:06:38.625,0.91013,0.91025,2.25,1.50
2011.12.01 11:06:38.995,0.91014,0.91023,1.50,1.50
2011.12.01 11:06:43.302,0.91013,0.91024,2.25,1.50
2011.12.01 11:06:44.004,0.91013,0.91024,2.25,1.50
2011.12.01 11:06:44.244,0.91015,0.91026,1.50,1.50
2011.12.01 11:06:44.831,0.91016,0.91028,2.25,2.55
2011.12.01 11:06:45.806,0.91015,0.91026,1.50,1.50
2011.12.01 11:06:46.180,0.91016,0.9103,2.25,2.25
2011.12.01 11:06:47.012,0.91016,0.9103,2.25,3.00
2011.12.01 11:06:47.697,0.91016,0.9103,2.25,3.00
2011.12.01 11:06:52.601,0.91019,0.91031,1.50,2.56
2011.12.01 11:06:53.060,0.91017,0.91031,3.00,1.50
2011.12.01 11:06:55.401,0.91019,0.91031,1.50,1.50
2011.12.01 11:06:56.126,0.91018,0.9103,2.25,1.50
2011.12.01 11:06:56.494,0.91018,0.91032,3.00,3.38
2011.12.01 11:06:56.731,0.91018,0.9103,2.25,1.50
2011.12.01 11:06:58.831,0.91018,0.9103,2.25,1.50
2011.12.01 11:06:59.343,0.91018,0.9103,2.25,1.50
2011.12.01 11:06:59.710,0.91015,0.91027,1.50,1.50
2011.12.01 11:07:01.072,0.91015,0.91029,3.75,1.50
2011.12.01 11:07:01.671,0.91017,0.9103,1.50,1.50
2011.12.01 11:07:01.790,0.91017,0.91028,1.50,1.50
2011.12.01 11:07:02.021,0.91017,0.9103,1.50,1.50
2011.12.01 11:07:02.595,0.91017,0.91029,1.50,1.50
2011.12.01 11:07:03.442,0.91017,0.91029,1.50,1.50
2011.12.01 11:07:06.117,0.91014,0.91025,3.00,1.50
2011.12.01 11:07:06.246,0.91015,0.91027,3.00,1.50
2011.12.01 11:07:06.736,0.91014,0.91026,1.50,2.25
2011.12.01 11:07:07.506,0.91013,0.91025,2.25,1.50
2011.12.01 11:07:08.974,0.91013,0.91023,1.50,1.50
2011.12.01 11:07:09.815,0.91013,0.91024,1.50,1.50
2011.12.01 11:07:09.951,0.91014,0.91027,1.50,2.25
2011.12.01 11:07:10.692,0.91016,0.9103,3.00,2.25
2011.12.01 11:07:11.542,0.91016,0.9103,2.25,2.25
2011.12.01 11:07:12.251,0.91016,0.9103,3.00,2.25
2011.12.01 11:07:13.168,0.91016,0.9103,2.25,2.25
2011.12.01 11:07:13.740,0.91016,0.91028,2.25,1.50
2011.12.01 11:07:14.081,0.91016,0.9103,2.25,1.50
2011.12.01 11:07:15.048,0.91016,0.9103,2.25,2.33
2011.12.01 11:07:15.172,0.91018,0.91032,1.50,4.20
2011.12.01 11:07:20.583,0.91018,0.9103,1.50,2.33
2011.12.01 11:07:21.173,0.91017,0.91029,1.50,2.33
2011.12.01 11:07:21.531,0.91019,0.91031,1.50,2.33
2011.12.01 11:07:22.307,0.91017,0.91031,1.50,2.33
2011.12.01 11:07:22.902,0.91018,0.91032,1.50,3.41
2011.12.01 11:07:23.383,0.91019,0.91031,1.50,2.25
2011.12.01 11:07:24.431,0.91018,0.9103,1.50,1.50
2011.12.01 11:07:24.670,0.91018,0.91032,1.50,2.63
2011.12.01 11:07:25.445,0.91021,0.91033,1.50,1.50
2011.12.01 11:07:26.148,0.91022,0.91035,1.50,1.43
2011.12.01 11:07:26.530,0.91025,0.91038,1.50,1.20
2011.12.01 11:07:26.657,0.91025,0.91039,1.50,1.50
2011.12.01 11:07:26.791,0.91028,0.9104,1.50,2.25
2011.12.01 11:07:27.155,0.91026,0.91038,3.00,1.50
2011.12.01 11:07:27.755,0.91026,0.91038,2.25,1.50
2011.12.01 11:07:29.097,0.91027,0.9104,1.50,2.25
2011.12.01 11:07:29.694,0.91025,0.91038,2.25,1.50
2011.12.01 11:07:30.270,0.91025,0.91039,2.25,1.50
2011.12.01 11:07:30.863,0.91024,0.91038,3.00,1.50
2011.12.01 11:07:31.101,0.91026,0.91038,2.25,1.50
2011.12.01 11:07:31.725,0.91027,0.9104,1.50,2.25
2011.12.01 11:07:37.568,0.91029,0.91041,1.50,1.50
2011.12.01 11:07:37.939,0.91032,0.91044,1.50,1.50
2011.12.01 11:07:38.307,0.91028,0.9104,2.25,1.50
2011.12.01 11:07:38.436,0.91029,0.91043,1.50,2.25
2011.12.01 11:07:38.570,0.91031,0.91043,1.50,2.25
2011.12.01 11:07:39.134,0.91029,0.91043,1.50,2.25
2011.12.01 11:07:39.723,0.91029,0.91043,1.50,2.25
2011.12.01 11:07:40.074,0.91031,0.91043,1.50,2.25
2011.12.01 11:07:40.782,0.91031,0.91043,1.50,1.50
2011.12.01 11:07:40.905,0.91029,0.91043,2.25,1.50
2011.12.01 11:07:41.524,0.91032,0.91044,1.50,2.25
2011.12.01 11:07:42.125,0.91032,0.91044,1.50,2.25
2011.12.01 11:07:46.887,0.91034,0.91046,1.50,2.25
2011.12.01 11:07:47.245,0.91035,0.91046,2.25,1.46
2011.12.01 11:07:47.380,0.91038,0.9105,1.50,2.25
2011.12.01 11:07:47.504,0.91038,0.9105,3.00,1.50
2011.12.01 11:07:47.744,0.91041,0.91052,1.50,1.13
2011.12.01 11:07:48.343,0.9104,0.91054,2.25,2.25
2011.12.01 11:07:48.584,0.9104,0.91054,2.25,1.50
2011.12.01 11:07:48.708,0.91043,0.91055,1.50,2.63
2011.12.01 11:07:49.181,0.9104,0.91054,1.50,1.50
2011.12.01 11:07:51.654,0.91039,0.91053,3.00,1.50
2011.12.01 11:07:52.174,0.9104,0.91052,2.25,1.50
2011.12.01 11:07:55.089,0.9104,0.91053,1.50,1.50
2011.12.01 11:07:55.682,0.9104,0.91054,3.00,1.50
2011.12.01 11:07:56.933,0.9104,0.91052,3.00,1.50
2011.12.01 11:07:57.290,0.9104,0.91054,3.00,1.50
2011.12.01 11:07:58.110,0.9104,0.91054,2.25,1.50
2011.12.01 11:07:58.728,0.9104,0.91053,1.50,1.50
2011.12.01 11:07:59.280,0.91041,0.91053,2.25,1.50
2011.12.01 11:08:01.069,0.91039,0.91053,3.00,1.50
2011.12.01 11:08:01.625,0.9104,0.91054,2.25,1.50
2011.12.01 11:08:01.757,0.9104,0.91054,2.25,1.50
2011.12.01 11:08:02.000,0.9104,0.91054,2.25,1.50
2011.12.01 11:08:02.839,0.91039,0.91053,3.00,1.50
2011.12.01 11:08:03.430,0.9104,0.91054,3.00,1.50
2011.12.01 11:08:03.749,0.9104,0.91052,3.00,1.50
2011.12.01 11:08:03.873,0.9104,0.91054,3.00,3.00
2011.12.01 11:08:03.994,0.9104,0.91053,1.50,1.50
2011.12.01 11:08:04.232,0.9104,0.91054,3.00,1.50
2011.12.01 11:08:04.711,0.9104,0.91054,3.00,3.00
2011.12.01 11:08:04.949,0.9104,0.91053,1.50,1.50
2011.12.01 11:08:05.942,0.9104,0.91053,1.50,1.50
2011.12.01 11:08:06.182,0.91039,0.91053,3.00,1.50
2011.12.01 11:08:08.108,0.9104,0.9105,1.50,1.50
2011.12.01 11:08:08.237,0.9104,0.91052,1.50,3.38
2011.12.01 11:08:08.741,0.9104,0.91051,1.50,1.50
2011.12.01 11:08:08.874,0.91039,0.91052,1.50,1.50
2011.12.01 11:08:09.466,0.91041,0.91053,3.00,1.50
2011.12.01 11:08:11.891,0.91042,0.9105,1.50,1.50
2011.12.01 11:08:12.038,0.91034,0.91046,1.50,1.50
2011.12.01 11:08:12.164,0.91034,0.91046,1.50,1.50
2011.12.01 11:08:12.288,0.91034,0.91046,1.50,1.50
2011.12.01 11:08:13.376,0.91034,0.91045,1.50,1.50
2011.12.01 11:08:13.504,0.91034,0.91043,1.50,1.50
2011.12.01 11:08:14.473,0.91034,0.91044,1.50,1.50
2011.12.01 11:08:14.991,0.91032,0.91044,2.25,1.50
2011.12.01 11:08:15.590,0.91033,0.91045,2.25,1.50
2011.12.01 11:08:16.560,0.91033,0.91045,2.25,1.50
2011.12.01 11:08:17.347,0.91033,0.91044,1.50,1.50
2011.12.01 11:08:17.700,0.9103,0.91039,1.50,1.50
2011.12.01 11:08:17.824,0.9103,0.91041,1.50,1.50
2011.12.01 11:08:19.243,0.9103,0.9104,1.50,1.50
2011.12.01 11:08:19.819,0.9103,0.91038,1.50,1.50
2011.12.01 11:08:20.072,0.91028,0.91038,1.50,1.50
2011.12.01 11:08:20.190,0.91026,0.91038,3.00,1.50
2011.12.01 11:08:21.542,0.91027,0.91041,2.25,1.50
2011.12.01 11:08:23.205,0.91029,0.91041,1.50,1.50
2011.12.01 11:08:23.570,0.91031,0.91043,1.50,1.50
2011.12.01 11:08:24.183,0.9103,0.91042,2.25,1.50
2011.12.01 11:08:24.907,0.91027,0.91041,2.25,1.50
2011.12.01 11:08:25.501,0.91028,0.91042,2.25,1.50
2011.12.01 11:08:28.540,0.9103,0.91044,2.25,1.88
2011.12.01 11:08:30.379,0.91029,0.91043,2.25,1.50
2011.12.01 11:08:30.515,0.91031,0.91045,2.25,2.21
2011.12.01 11:08:30.656,0.91035,0.91046,2.25,1.50
2011.12.01 11:08:31.028,0.91042,0.91055,3.00,1.13
2011.12.01 11:08:31.153,0.91042,0.91056,3.75,1.88
2011.12.01 11:08:32.865,0.91043,0.91057,2.25,3.38
2011.12.01 11:08:33.453,0.91044,0.91056,2.25,1.50
2011.12.01 11:08:34.162,0.91044,0.91056,2.25,1.50
2011.12.01 11:08:34.407,0.91045,0.91057,2.25,1.88
2011.12.01 11:08:35.026,0.91049,0.91063,2.25,2.85
2011.12.01 11:08:35.476,0.91049,0.91063,2.25,1.88
2011.12.01 11:08:35.616,0.91049,0.91063,1.50,2.25
2011.12.01 11:08:36.222,0.9105,0.91064,1.50,2.25
2011.12.01 11:08:36.824,0.91049,0.91063,1.50,2.25
2011.12.01 11:08:37.786,0.91049,0.91063,1.50,2.25
2011.12.01 11:08:38.353,0.91048,0.9106,1.50,2.25
2011.12.01 11:08:39.172,0.91047,0.91059,1.50,1.50
2011.12.01 11:08:39.850,0.91047,0.91061,1.50,2.25
2011.12.01 11:08:40.441,0.91047,0.91061,2.25,2.25
2011.12.01 11:08:40.681,0.9105,0.91062,1.50,2.25
2011.12.01 11:08:43.757,0.9105,0.91062,1.50,1.50
2011.12.01 11:08:44.362,0.91051,0.91063,1.50,2.25
2011.12.01 11:08:44.604,0.91049,0.91063,1.50,2.25
2011.12.01 11:08:45.333,0.91051,0.91063,1.50,2.25
2011.12.01 11:08:45.692,0.91049,0.91063,2.25,2.25
2011.12.01 11:08:48.865,0.91047,0.91061,2.25,1.50
2011.12.01 11:08:49.285,0.9105,0.91062,1.50,1.50
2011.12.01 11:08:49.966,0.91047,0.91059,1.50,1.50
2011.12.01 11:08:50.572,0.91048,0.9106,2.25,1.50
2011.12.01 11:08:50.692,0.91049,0.91063,1.50,2.25
2011.12.01 11:08:51.059,0.91051,0.91063,1.50,1.50
2011.12.01 11:08:52.043,0.91049,0.91063,2.25,2.25
2011.12.01 11:08:55.666,0.91047,0.91059,2.25,1.50
2011.12.01 11:08:56.526,0.91048,0.9106,1.50,1.50
2011.12.01 11:08:58.251,0.91047,0.91061,2.25,1.50
2011.12.01 11:08:59.264,0.91047,0.91061,2.25,1.50
2011.12.01 11:09:00.147,0.91051,0.91063,1.50,1.50
2011.12.01 11:09:00.648,0.9105,0.91064,2.25,1.50
2011.12.01 11:09:00.901,0.91059,0.91071,1.50,2.25
2011.12.01 11:09:01.265,0.91056,0.9107,2.25,2.25
2011.12.01 11:09:01.634,0.91058,0.9107,1.50,2.25
2011.12.01 11:09:02.192,0.91058,0.9107,1.50,1.50
2011.12.01 11:09:02.316,0.91056,0.9107,1.50,1.50
2011.12.01 11:09:03.412,0.91055,0.91067,2.25,1.50
2011.12.01 11:09:03.778,0.91054,0.91062,1.50,1.50
2011.12.01 11:09:03.904,0.91054,0.91066,1.50,3.00
2011.12.01 11:09:04.428,0.91054,0.91068,3.00,2.25
2011.12.01 11:09:04.797,0.91055,0.91069,2.25,2.25
2011.12.01 11:09:05.045,0.91055,0.91067,2.25,1.50
2011.12.01 11:09:06.761,0.91055,0.91067,3.00,1.50
2011.12.01 11:09:07.472,0.91054,0.91065,1.50,1.50
2011.12.01 11:09:07.852,0.91053,0.91063,1.50,1.50
2011.12.01 11:09:07.975,0.91049,0.91063,2.25,2.25
2011.12.01 11:09:08.570,0.91049,0.91063,3.75,2.25
2011.12.01 11:09:09.650,0.9105,0.91063,1.50,2.25
2011.12.01 11:09:10.243,0.9105,0.91062,3.00,1.50
2011.12.01 11:09:10.962,0.91051,0.91063,2.25,2.25
2011.12.01 11:09:11.492,0.91056,0.91068,3.00,1.50
2011.12.01 11:09:11.854,0.91058,0.9107,1.50,2.25
2011.12.01 11:09:12.092,0.91056,0.9107,2.25,2.25
2011.12.01 11:09:14.367,0.91058,0.9107,1.50,1.50
2011.12.01 11:09:14.501,0.91056,0.9107,2.25,1.50
2011.12.01 11:09:15.240,0.91056,0.91069,1.50,1.50
2011.12.01 11:09:15.810,0.91054,0.91068,3.00,1.50
2011.12.01 11:09:16.381,0.91056,0.91068,1.50,1.50
2011.12.01 11:09:18.534,0.91055,0.91067,2.25,1.50
2011.12.01 11:09:19.119,0.91053,0.91066,2.25,1.50
2011.12.01 11:09:20.071,0.91054,0.91068,2.25,2.25
2011.12.01 11:09:20.830,0.91054,0.91068,2.25,1.50
2011.12.01 11:09:22.319,0.91055,0.91069,2.25,1.50
2011.12.01 11:09:22.890,0.91055,0.91069,2.25,1.50
2011.12.01 11:09:23.463,0.91054,0.91068,3.00,2.25
2011.12.01 11:09:24.243,0.91057,0.91071,1.50,1.88
2011.12.01 11:09:24.366,0.91057,0.91069,1.50,1.50
2011.12.01 11:09:24.853,0.91054,0.91068,3.00,1.50
2011.12.01 11:09:25.425,0.91055,0.91069,2.25,1.50
2011.12.01 11:09:26.370,0.91054,0.91068,3.00,1.50
2011.12.01 11:09:27.195,0.91055,0.91069,3.00,1.50
2011.12.01 11:09:27.780,0.91055,0.91069,3.75,2.25
2011.12.01 11:09:28.701,0.91056,0.9107,2.25,2.25
2011.12.01 11:09:31.001,0.91057,0.91071,1.50,2.25
2011.12.01 11:09:32.582,0.91057,0.91071,2.25,1.50
2011.12.01 11:09:32.950,0.9106,0.91074,2.25,2.63
2011.12.01 11:09:33.074,0.9106,0.91074,2.25,3.34
2011.12.01 11:09:35.733,0.91058,0.9107,3.00,2.25
2011.12.01 11:09:36.719,0.91058,0.9107,3.00,2.25
2011.12.01 11:09:38.243,0.91058,0.9107,1.50,2.25
2011.12.01 11:09:38.722,0.91054,0.91068,3.00,2.63
2011.12.01 11:09:38.841,0.91054,0.91068,2.25,2.63
2011.12.01 11:09:39.433,0.91054,0.91068,2.25,2.63
2011.12.01 11:09:40.202,0.91052,0.91066,1.50,2.25
2011.12.01 11:09:40.580,0.91049,0.91062,1.50,2.25
2011.12.01 11:09:40.837,0.91048,0.91062,1.50,3.75
2011.12.01 11:09:41.450,0.91048,0.9106,1.50,1.50
2011.12.01 11:09:42.003,0.91047,0.91059,1.50,1.50
2011.12.01 11:09:42.133,0.91047,0.91061,1.50,2.25
2011.12.01 11:09:42.719,0.91046,0.9106,1.50,2.25
2011.12.01 11:09:43.203,0.91043,0.91055,2.25,1.50
2011.12.01 11:09:43.800,0.91044,0.91056,1.50,2.25
2011.12.01 11:09:44.615,0.91042,0.91055,1.50,2.25
2011.12.01 11:09:45.577,0.91041,0.91055,3.75,1.50
2011.12.01 11:09:45.704,0.91043,0.91057,1.50,2.25
2011.12.01 11:09:46.062,0.91045,0.91059,1.50,2.25
2011.12.01 11:09:46.664,0.91045,0.91059,1.50,2.25
2011.12.01 11:09:48.213,0.91045,0.91057,1.50,2.25
2011.12.01 11:09:48.450,0.91045,0.91057,1.50,2.25
2011.12.01 11:09:52.711,0.91043,0.91055,1.50,1.50
2011.12.01 11:09:52.830,0.91043,0.91057,1.50,2.25
2011.12.01 11:09:52.950,0.91043,0.91057,1.50,2.25
2011.12.01 11:09:56.208,0.91043,0.91057,1.50,2.25
2011.12.01 11:09:58.846,0.91045,0.91058,1.50,2.25
2011.12.01 11:09:59.211,0.91047,0.91061,1.50,4.13
2011.12.01 11:09:59.330,0.91045,0.91059,1.50,2.25
2011.12.01 11:09:59.901,0.91046,0.91058,1.50,2.25
2011.12.01 11:10:00.023,0.91044,0.91058,1.50,2.25
2011.12.01 11:10:00.261,0.91044,0.91058,1.50,2.25
2011.12.01 11:10:01.427,0.91047,0.91059,1.50,3.00
2011.12.01 11:10:03.009,0.9105,0.91062,1.50,3.00
2011.12.01 11:10:03.856,0.91057,0.91067,1.50,2.25
2011.12.01 11:10:04.511,0.91062,0.91074,1.50,3.75
2011.12.01 11:10:04.630,0.91065,0.91077,1.50,2.55
2011.12.01 11:10:05.473,0.91065,0.91077,1.50,1.80
2011.12.01 11:10:06.070,0.91064,0.91078,2.25,2.55
2011.12.01 11:10:06.434,0.91063,0.91075,2.25,1.50
2011.12.01 11:10:06.554,0.91065,0.91077,1.50,1.80
2011.12.01 11:10:08.193,0.91067,0.9108,1.50,2.25
2011.12.01 11:10:08.586,0.91069,0.91082,1.50,1.13
2011.12.01 11:10:08.955,0.91068,0.91082,1.50,2.63
2011.12.01 11:10:09.568,0.91071,0.91083,1.50,2.25
2011.12.01 11:10:10.183,0.91073,0.91086,1.50,1.50
2011.12.01 11:10:10.315,0.91076,0.91088,1.50,1.50
2011.12.01 11:10:10.449,0.91077,0.91091,1.50,3.00
2011.12.01 11:10:10.948,0.91078,0.91092,1.50,1.50
2011.12.01 11:10:11.321,0.9108,0.91092,1.50,1.50
2011.12.01 11:10:11.930,0.91076,0.9109,1.50,2.63
2011.12.01 11:10:12.308,0.91068,0.91079,1.50,1.50
2011.12.01 11:10:12.917,0.91067,0.91079,1.50,2.25
2011.12.01 11:10:13.584,0.91068,0.9108,1.50,2.25
2011.12.01 11:10:13.718,0.91072,0.91084,1.50,2.63
2011.12.01 11:10:13.850,0.91072,0.91084,1.50,2.63
2011.12.01 11:10:14.105,0.91073,0.91085,3.75,1.50
2011.12.01 11:10:14.240,0.91076,0.91088,2.25,1.50
2011.12.01 11:10:14.629,0.9108,0.91092,1.50,2.63
2011.12.01 11:10:15.281,0.9108,0.91092,1.50,1.88
2011.12.01 11:10:15.887,0.91081,0.91094,1.50,1.05
2011.12.01 11:10:16.482,0.91082,0.91093,1.50,1.43
2011.12.01 11:10:16.732,0.9108,0.91092,1.50,2.25
2011.12.01 11:10:17.238,0.91077,0.91089,3.75,1.50
2011.12.01 11:10:17.605,0.91077,0.91089,1.50,3.75
2011.12.01 11:10:17.741,0.91074,0.91088,2.25,2.25
2011.12.01 11:10:17.876,0.91076,0.91088,1.50,1.50
2011.12.01 11:10:18.125,0.91077,0.91091,1.50,2.25
2011.12.01 11:10:18.248,0.9108,0.91092,1.50,2.25
2011.12.01 11:10:19.056,0.91079,0.91091,1.50,2.25
2011.12.01 11:10:19.196,0.91079,0.91093,2.25,2.25
2011.12.01 11:10:19.566,0.91078,0.91092,1.50,2.25
2011.12.01 11:10:20.053,0.91077,0.91089,2.25,1.50
2011.12.01 11:10:20.653,0.91078,0.91092,1.50,2.25
2011.12.01 11:10:21.192,0.91078,0.91092,1.50,2.25
2011.12.01 11:10:21.676,0.91078,0.9109,1.50,1.50
2011.12.01 11:10:21.805,0.91078,0.91092,1.50,2.25
2011.12.01 11:10:22.292,0.91078,0.91092,1.50,2.25
2011.12.01 11:10:22.871,0.91078,0.91092,1.50,2.25
2011.12.01 11:10:24.291,0.91076,0.9109,1.50,2.25
2011.12.01 11:10:24.893,0.91076,0.9109,2.25,2.25
2011.12.01 11:10:25.258,0.91074,0.91088,1.50,2.25
2011.12.01 11:10:25.869,0.91074,0.91086,2.25,1.88
2011.12.01 11:10:26.121,0.91074,0.91083,1.50,2.25
2011.12.01 11:10:26.247,0.91067,0.91081,3.00,2.25
2011.12.01 11:10:26.890,0.91067,0.9108,1.50,2.25
2011.12.01 11:10:27.490,0.91067,0.9108,1.50,2.25
2011.12.01 11:10:28.099,0.91067,0.9108,3.00,2.25
2011.12.01 11:10:28.466,0.91067,0.9108,1.50,2.25
2011.12.01 11:10:29.155,0.91067,0.91077,1.50,1.50
2011.12.01 11:10:29.291,0.91067,0.91076,1.50,1.50
2011.12.01 11:10:29.662,0.91067,0.91079,2.25,2.25
2011.12.01 11:10:30.263,0.91068,0.9108,3.00,2.25
2011.12.01 11:10:32.678,0.91068,0.91081,1.50,2.25
2011.12.01 11:10:33.047,0.9107,0.91082,1.50,1.50
2011.12.01 11:10:33.651,0.9107,0.91082,2.25,2.25
2011.12.01 11:10:34.015,0.91072,0.91084,1.50,2.25
2011.12.01 11:10:34.449,0.91072,0.91084,1.50,2.25
2011.12.01 11:10:34.586,0.9107,0.91082,1.50,2.25
2011.12.01 11:10:35.438,0.9107,0.91082,1.50,2.33
2011.12.01 11:10:35.689,0.91068,0.91082,2.25,2.70
2011.12.01 11:10:36.185,0.91072,0.91084,1.50,2.25
2011.12.01 11:10:36.787,0.91072,0.91084,1.50,2.25
2011.12.01 11:10:36.924,0.91065,0.91078,1.50,2.25
2011.12.01 11:10:37.044,0.91064,0.91078,1.50,2.25
2011.12.01 11:10:37.887,0.91065,0.91079,1.50,2.25
2011.12.01 11:10:38.496,0.91065,0.91079,1.50,2.25
2011.12.01 11:10:38.627,0.91067,0.91081,1.50,3.75
2011.12.01 11:10:38.761,0.91067,0.91081,1.50,1.50
2011.12.01 11:10:39.200,0.91069,0.91081,1.50,1.50
2011.12.01 11:10:40.507,0.91069,0.91081,2.25,1.50
2011.12.01 11:10:40.880,0.91076,0.91088,1.50,1.50
2011.12.01 11:10:41.753,0.91076,0.9109,1.50,2.63
2011.12.01 11:10:42.951,0.91076,0.91089,1.50,1.13
2011.12.01 11:10:43.073,0.91074,0.91086,1.50,2.25
2011.12.01 11:10:43.432,0.91072,0.91084,1.50,1.50
2011.12.01 11:10:45.104,0.91073,0.91085,1.50,1.50
2011.12.01 11:10:45.680,0.91074,0.91088,1.50,2.25
2011.12.01 11:10:45.926,0.91077,0.91089,1.50,1.13
2011.12.01 11:10:46.538,0.91074,0.91088,2.25,2.25
2011.12.01 11:10:46.661,0.91074,0.91088,1.50,2.25
2011.12.01 11:10:47.454,0.91074,0.91088,1.50,2.25
2011.12.01 11:10:48.030,0.91074,0.91088,1.50,2.25
2011.12.01 11:10:48.943,0.91074,0.91086,2.25,1.50
2011.12.01 11:10:49.531,0.91074,0.91088,1.50,2.25
2011.12.01 11:10:52.681,0.91074,0.91088,2.25,1.50
2011.12.01 11:10:53.166,0.91073,0.91087,1.50,2.25
2011.12.01 11:10:53.751,0.91074,0.91088,1.50,2.25
2011.12.01 11:10:54.472,0.91074,0.91088,1.50,2.25
2011.12.01 11:10:55.192,0.91074,0.91088,1.50,1.50
2011.12.01 11:10:55.823,0.91077,0.91089,1.50,1.13
2011.12.01 11:10:56.410,0.91077,0.91089,1.50,1.13
2011.12.01 11:11:00.095,0.91074,0.91088,1.50,2.25
2011.12.01 11:11:01.585,0.91074,0.91086,1.50,1.50
2011.12.01 11:11:02.476,0.91075,0.91087,1.50,2.25
2011.12.01 11:11:04.134,0.91073,0.91087,1.50,4.20
2011.12.01 11:11:04.263,0.9107,0.91082,2.25,1.50
2011.12.01 11:11:04.646,0.91065,0.91077,1.50,2.25
2011.12.01 11:11:05.135,0.91065,0.91079,1.88,1.58
2011.12.01 11:11:05.502,0.91068,0.9108,1.50,3.83
2011.12.01 11:11:06.102,0.91067,0.91079,1.50,2.25
2011.12.01 11:11:10.981,0.91067,0.91081,1.50,2.25
2011.12.01 11:11:11.577,0.91071,0.91082,1.50,2.25
2011.12.01 11:11:11.854,0.91085,0.91097,1.50,2.25
2011.12.01 11:11:11.978,0.91085,0.91097,1.50,1.50
2011.12.01 11:11:12.110,0.91086,0.911,1.50,3.00
2011.12.01 11:11:12.236,0.91088,0.91102,1.50,1.88
2011.12.01 11:11:12.846,0.91086,0.911,1.50,1.50
2011.12.01 11:11:14.560,0.91086,0.911,1.50,2.63
2011.12.01 11:11:15.915,0.91086,0.911,2.25,1.50
2011.12.01 11:11:16.597,0.91086,0.911,1.50,2.25
2011.12.01 11:11:18.133,0.91079,0.91091,2.25,1.50
2011.12.01 11:11:18.262,0.91078,0.91092,1.50,2.25
2011.12.01 11:11:18.387,0.91076,0.9109,2.25,2.25
2011.12.01 11:11:19.006,0.9108,0.91092,1.50,2.25
2011.12.01 11:11:19.157,0.91088,0.91102,1.50,2.55
2011.12.01 11:11:19.759,0.91089,0.91103,2.25,2.63
2011.12.01 11:11:19.883,0.91089,0.91103,1.50,2.63
2011.12.01 11:11:20.121,0.91089,0.91103,1.50,2.63
2011.12.01 11:11:21.049,0.91089,0.91103,2.25,1.88
2011.12.01 11:11:21.771,0.91089,0.91103,3.00,1.50
2011.12.01 11:11:22.019,0.91097,0.9111,1.50,1.28
2011.12.01 11:11:22.152,0.91097,0.9111,1.50,1.28
2011.12.01 11:11:22.401,0.91097,0.91111,4.88,2.03
2011.12.01 11:11:23.019,0.91103,0.91117,1.50,2.25
2011.12.01 11:11:23.153,0.91101,0.91115,2.25,2.25
2011.12.01 11:11:23.520,0.91105,0.91116,1.50,2.25
2011.12.01 11:11:24.129,0.91103,0.91117,1.50,2.25
2011.12.01 11:11:24.657,0.91101,0.91112,1.50,1.65
2011.12.01 11:11:24.791,0.91101,0.91115,1.50,3.75
2011.12.01 11:11:25.036,0.91099,0.91113,1.50,2.25
2011.12.01 11:11:25.404,0.91101,0.91113,1.50,2.25
2011.12.01 11:11:26.990,0.91102,0.91114,1.50,2.25
2011.12.01 11:11:27.591,0.91101,0.91113,1.50,2.25
2011.12.01 11:11:29.005,0.91101,0.91113,1.50,2.25
2011.12.01 11:11:29.245,0.91101,0.91113,1.50,2.25
2011.12.01 11:11:29.933,0.91101,0.91113,1.50,2.25
2011.12.01 11:11:30.535,0.91102,0.91114,1.50,2.25
2011.12.01 11:11:31.515,0.91102,0.91114,1.88,1.50
2011.12.01 11:11:32.055,0.91113,0.91124,1.50,1.50
2011.12.01 11:11:32.194,0.91112,0.91123,1.50,2.25
2011.12.01 11:11:32.444,0.91108,0.9112,1.50,1.50
2011.12.01 11:11:32.810,0.91112,0.91122,1.50,2.25
2011.12.01 11:11:33.056,0.91112,0.91124,1.50,2.25
2011.12.01 11:11:33.646,0.9111,0.91124,1.50,2.25
2011.12.01 11:11:34.374,0.91109,0.91121,1.50,2.25
2011.12.01 11:11:34.735,0.91109,0.91123,2.25,1.50
2011.12.01 11:11:34.869,0.91109,0.91123,1.50,2.25
2011.12.01 11:11:35.121,0.91112,0.91124,1.50,1.50
2011.12.01 11:11:35.984,0.91112,0.91124,2.25,1.50
2011.12.01 11:11:36.229,0.91114,0.91126,1.50,1.50
2011.12.01 11:11:36.359,0.91119,0.91131,1.50,2.25
2011.12.01 11:11:36.850,0.91116,0.91128,1.50,3.75
2011.12.01 11:11:37.215,0.91113,0.91127,3.00,2.25
2011.12.01 11:11:37.356,0.91117,0.91129,2.25,1.88
2011.12.01 11:11:37.898,0.91114,0.91126,1.50,1.50
2011.12.01 11:11:38.505,0.91113,0.91127,1.50,2.25
2011.12.01 11:11:38.626,0.91115,0.91129,1.50,2.25
2011.12.01 11:11:39.121,0.91115,0.91125,1.50,2.25
2011.12.01 11:11:39.250,0.91111,0.91123,2.25,1.50
2011.12.01 11:11:39.373,0.91109,0.91121,2.25,1.50
2011.12.01 11:11:39.975,0.9111,0.91124,2.25,1.50
2011.12.01 11:11:40.584,0.9111,0.91124,2.25,2.25
2011.12.01 11:11:43.273,0.9111,0.91124,2.25,1.50
2011.12.01 11:11:43.854,0.91111,0.91125,1.50,2.25
2011.12.01 11:11:44.501,0.91111,0.91123,1.50,1.50
2011.12.01 11:11:44.872,0.91114,0.91126,1.50,1.50
2011.12.01 11:11:45.474,0.91113,0.91125,1.50,2.25
2011.12.01 11:11:45.832,0.91111,0.91123,2.25,1.50
2011.12.01 11:11:47.737,0.91111,0.91125,2.25,2.25
2011.12.01 11:11:48.313,0.91111,0.91125,2.25,1.50
2011.12.01 11:11:48.905,0.91111,0.91125,2.25,2.25
2011.12.01 11:11:49.493,0.91111,0.91125,2.25,1.50
2011.12.01 11:11:50.084,0.91113,0.91126,1.50,2.25
2011.12.01 11:11:50.691,0.91113,0.91125,1.50,1.50
2011.12.01 11:11:51.233,0.91108,0.91121,1.13,1.50
2011.12.01 11:11:51.479,0.91108,0.91121,1.13,1.50
2011.12.01 11:11:51.963,0.91109,0.91123,2.25,1.50
2011.12.01 11:11:53.906,0.91111,0.91125,2.25,3.00
2011.12.01 11:11:56.129,0.91115,0.91128,1.50,1.13
2011.12.01 11:11:56.811,0.91119,0.91131,1.50,1.88
2011.12.01 11:11:57.174,0.91116,0.91128,2.25,1.50
2011.12.01 11:11:57.536,0.91116,0.91128,2.25,1.50
2011.12.01 11:11:57.655,0.91116,0.9113,2.25,1.50
2011.12.01 11:11:58.018,0.91116,0.9113,2.25,1.50
2011.12.01 11:11:59.596,0.91116,0.9113,2.25,1.50
2011.12.01 11:12:00.109,0.91115,0.91129,2.25,1.50
2011.12.01 11:12:00.355,0.91115,0.91129,2.25,3.00
2011.12.01 11:12:00.481,0.91113,0.91127,2.25,1.50
2011.12.01 11:12:00.966,0.91112,0.91126,2.25,1.50
2011.12.01 11:12:02.598,0.91112,0.91125,2.25,1.50
2011.12.01 11:12:02.844,0.9111,0.91124,2.25,2.25
2011.12.01 11:12:03.448,0.91112,0.91124,1.50,2.25
2011.12.01 11:12:03.813,0.91108,0.91122,2.25,1.50
2011.12.01 11:12:06.174,0.91108,0.91122,2.25,1.50
2011.12.01 11:12:08.927,0.91112,0.91122,2.25,1.50
2011.12.01 11:12:09.063,0.91112,0.91128,2.25,1.88
2011.12.01 11:12:09.310,0.91111,0.91127,1.50,1.13
2011.12.01 11:12:09.673,0.91109,0.91127,2.25,2.63
2011.12.01 11:12:10.276,0.9111,0.91127,1.50,1.13
2011.12.01 11:12:10.514,0.9111,0.91128,2.25,2.25
2011.12.01 11:12:11.066,0.91107,0.91121,2.25,1.50
2011.12.01 11:12:11.429,0.91103,0.91117,2.25,2.25
2011.12.01 11:12:11.924,0.91104,0.91118,2.25,1.50
2011.12.01 11:12:12.741,0.91107,0.91119,1.50,1.50
2011.12.01 11:12:12.880,0.91102,0.91116,2.25,1.50
2011.12.01 11:12:14.656,0.91102,0.91116,1.50,1.50
2011.12.01 11:12:15.182,0.91103,0.91117,3.75,1.50
2011.12.01 11:12:15.549,0.91105,0.91117,1.50,1.50
2011.12.01 11:12:16.156,0.91104,0.91116,1.50,1.50
2011.12.01 11:12:16.774,0.91104,0.91116,2.25,1.50
2011.12.01 11:12:17.485,0.91104,0.91116,2.25,1.50
2011.12.01 11:12:17.603,0.91104,0.91118,2.25,1.50
2011.12.01 11:12:18.127,0.91104,0.91118,2.25,1.50
2011.12.01 11:12:19.483,0.91104,0.91116,2.25,1.50
2011.12.01 11:12:20.076,0.91104,0.91116,1.50,1.50
2011.12.01 11:12:20.667,0.91101,0.91115,2.25,1.50
2011.12.01 11:12:22.941,0.911,0.91114,2.25,1.50
2011.12.01 11:12:23.414,0.911,0.91114,2.25,1.50
2011.12.01 11:12:25.826,0.911,0.91114,2.25,1.50
2011.12.01 11:12:26.065,0.91098,0.91109,1.88,1.50
2011.12.01 11:12:26.425,0.9109,0.91109,1.13,1.50
2011.12.01 11:12:27.677,0.91092,0.91106,1.13,1.50
2011.12.01 11:12:27.817,0.9109,0.91106,1.88,2.25
2011.12.01 11:12:28.070,0.9109,0.91108,3.00,1.13
2011.12.01 11:12:28.676,0.9109,0.91107,1.88,2.25
2011.12.01 11:12:29.265,0.9109,0.91107,1.88,1.50
2011.12.01 11:12:29.627,0.91094,0.91106,1.50,1.50
2011.12.01 11:12:30.355,0.91092,0.91105,2.25,1.50
2011.12.01 11:12:32.129,0.91093,0.91107,1.50,1.50
2011.12.01 11:12:32.856,0.91093,0.91107,2.25,1.50
2011.12.01 11:12:34.015,0.91095,0.91107,1.50,1.50
2011.12.01 11:12:34.501,0.91093,0.91107,2.25,1.50
2011.12.01 11:12:34.744,0.91095,0.91109,2.25,1.50
2011.12.01 11:12:35.336,0.91096,0.9111,1.50,3.00
2011.12.01 11:12:35.888,0.91096,0.9111,2.25,1.50
2011.12.01 11:12:36.994,0.91095,0.91109,2.25,1.50
2011.12.01 11:12:38.869,0.91094,0.91107,1.50,1.50
2011.12.01 11:12:39.005,0.91094,0.91107,1.50,1.50
2011.12.01 11:12:39.602,0.91094,0.91106,1.50,1.50
2011.12.01 11:12:43.384,0.91094,0.91108,1.50,1.50
2011.12.01 11:12:46.398,0.91092,0.91104,2.25,1.50
2011.12.01 11:12:46.529,0.91092,0.91104,1.50,1.50
2011.12.01 11:12:47.022,0.91089,0.911,2.25,2.25
2011.12.01 11:12:47.668,0.91084,0.91092,2.25,2.25
2011.12.01 11:12:47.809,0.91078,0.9109,1.88,2.25
2011.12.01 11:12:48.188,0.91081,0.91093,1.50,2.25
2011.12.01 11:12:48.438,0.91081,0.91095,1.50,2.25
2011.12.01 11:12:49.281,0.91082,0.91096,1.50,4.88
2011.12.01 11:12:49.810,0.91078,0.91088,1.88,1.50
2011.12.01 11:12:49.949,0.91076,0.91088,2.25,1.50
2011.12.01 11:12:50.556,0.91076,0.91088,2.25,1.50
2011.12.01 11:12:51.872,0.91076,0.91088,2.25,1.50
2011.12.01 11:12:51.998,0.91078,0.9109,1.50,1.50
2011.12.01 11:12:53.412,0.91079,0.91091,1.50,2.25
2011.12.01 11:12:54.617,0.91079,0.91091,1.50,1.50
2011.12.01 11:12:54.747,0.91076,0.9109,2.25,1.50
2011.12.01 11:12:56.407,0.91078,0.9109,2.25,1.50
2011.12.01 11:12:58.868,0.91077,0.91091,2.25,1.50
2011.12.01 11:13:00.868,0.91077,0.91091,2.25,1.50
2011.12.01 11:13:02.049,0.9108,0.91092,2.25,1.50
2011.12.01 11:13:02.183,0.91082,0.91096,1.50,2.63
2011.12.01 11:13:03.365,0.91085,0.91096,1.50,2.25
2011.12.01 11:13:03.505,0.91083,0.91097,3.00,1.50
2011.12.01 11:13:03.747,0.91087,0.91099,1.50,1.50
2011.12.01 11:13:04.118,0.9109,0.91104,1.50,4.50
2011.12.01 11:13:04.727,0.9109,0.91104,1.50,2.25
2011.12.01 11:13:06.046,0.91092,0.91104,1.50,2.25
2011.12.01 11:13:06.583,0.9109,0.91104,1.50,2.25
2011.12.01 11:13:07.345,0.91092,0.91104,1.50,2.25
2011.12.01 11:13:08.711,0.91094,0.91108,1.50,2.25
2011.12.01 11:13:08.952,0.91094,0.91108,1.50,2.25
2011.12.01 11:13:09.077,0.91094,0.91108,1.50,2.25
2011.12.01 11:13:09.666,0.91093,0.91107,1.50,2.25
2011.12.01 11:13:10.506,0.91094,0.91108,1.50,2.25
2011.12.01 11:13:13.794,0.91091,0.91105,2.25,1.50
2011.12.01 11:13:14.039,0.91089,0.91103,3.00,1.50
2011.12.01 11:13:14.285,0.91087,0.91101,2.25,1.50
2011.12.01 11:13:15.044,0.91087,0.911,1.50,1.50
2011.12.01 11:13:15.410,0.91086,0.91098,2.63,1.50
2011.12.01 11:13:15.780,0.91083,0.91094,1.50,1.50
2011.12.01 11:13:16.032,0.9108,0.91092,2.25,1.50
2011.12.01 11:13:16.955,0.91081,0.91095,2.25,2.25
2011.12.01 11:13:17.532,0.91081,0.91095,2.25,1.50
2011.12.01 11:13:18.901,0.91083,0.91095,1.50,1.50
2011.12.01 11:13:19.340,0.91078,0.91092,2.70,1.50
2011.12.01 11:13:19.955,0.9108,0.91092,2.25,1.50
2011.12.01 11:13:22.314,0.9108,0.91092,2.25,1.50
2011.12.01 11:13:24.345,0.91082,0.91094,2.25,1.50
2011.12.01 11:13:24.944,0.91083,0.91095,1.50,1.50
2011.12.01 11:13:29.322,0.91079,0.91093,3.00,2.63
2011.12.01 11:13:29.450,0.91079,0.91092,1.58,2.96
2011.12.01 11:13:30.054,0.91078,0.9109,1.20,1.50
2011.12.01 11:13:30.574,0.91078,0.91086,1.20,1.50
2011.12.01 11:13:30.943,0.91074,0.91086,1.50,1.50
2011.12.01 11:13:31.176,0.91074,0.91088,1.50,1.50
2011.12.01 11:13:31.415,0.91074,0.91086,1.50,1.50
2011.12.01 11:13:31.658,0.91078,0.91091,1.50,2.25
2011.12.01 11:13:31.787,0.91075,0.91089,2.25,1.50
2011.12.01 11:13:32.395,0.91077,0.91091,1.50,2.25
2011.12.01 11:13:32.983,0.91077,0.91089,1.50,1.50
2011.12.01 11:13:33.983,0.91077,0.91091,1.50,1.50
2011.12.01 11:13:35.529,0.91079,0.91093,1.50,3.34
2011.12.01 11:13:35.895,0.91077,0.91091,2.25,1.50
2011.12.01 11:13:36.577,0.91078,0.9109,2.25,1.50
2011.12.01 11:13:36.706,0.91085,0.91097,2.25,1.88
2011.12.01 11:13:36.825,0.91085,0.91097,2.25,1.50
2011.12.01 11:13:37.071,0.91087,0.91099,2.25,1.88
2011.12.01 11:13:37.194,0.91087,0.91099,2.25,1.50
2011.12.01 11:13:37.435,0.91088,0.91102,2.25,1.88
2011.12.01 11:13:37.795,0.91091,0.91104,2.25,1.50
2011.12.01 11:13:38.036,0.91091,0.91105,2.25,1.50
2011.12.01 11:13:38.637,0.91091,0.91105,2.25,1.50
2011.12.01 11:13:39.409,0.91091,0.91103,2.25,1.50
2011.12.01 11:13:39.654,0.91091,0.91105,2.25,1.50
2011.12.01 11:13:40.362,0.91091,0.91105,2.25,1.50
2011.12.01 11:13:44.171,0.91091,0.91105,2.25,1.50
2011.12.01 11:13:44.741,0.91094,0.91106,2.25,2.25
2011.12.01 11:13:45.105,0.91094,0.91108,2.25,1.50
2011.12.01 11:13:45.683,0.91094,0.91108,2.25,1.50
2011.12.01 11:13:45.844,0.91094,0.91108,2.25,1.50
2011.12.01 11:13:46.832,0.91096,0.9111,2.25,1.50
2011.12.01 11:13:48.106,0.91095,0.91109,2.25,1.50
2011.12.01 11:13:48.947,0.91093,0.91107,2.25,1.50
2011.12.01 11:13:49.075,0.91091,0.91105,2.25,1.50
2011.12.01 11:13:49.201,0.91093,0.91107,2.25,1.50
2011.12.01 11:13:49.327,0.91096,0.9111,2.25,1.50
2011.12.01 11:13:49.924,0.91096,0.9111,2.25,1.50
2011.12.01 11:13:51.374,0.91096,0.91108,2.25,1.50
2011.12.01 11:13:52.078,0.91096,0.91108,2.25,1.50
2011.12.01 11:13:52.327,0.91096,0.9111,2.25,1.50
2011.12.01 11:13:52.457,0.91095,0.91107,2.25,1.50
2011.12.01 11:13:54.284,0.91095,0.91107,2.25,1.50
2011.12.01 11:13:55.235,0.91095,0.91107,1.50,1.50
2011.12.01 11:13:55.575,0.91095,0.91109,2.25,1.50
2011.12.01 11:13:56.172,0.91095,0.91109,2.25,1.50
2011.12.01 11:13:57.794,0.91093,0.91107,2.25,1.50
2011.12.01 11:14:00.040,0.91091,0.91105,2.25,1.50
2011.12.01 11:14:00.406,0.91092,0.91104,2.25,1.50
2011.12.01 11:14:00.650,0.91092,0.91104,2.25,1.50
2011.12.01 11:14:00.777,0.91093,0.91107,2.25,3.00
2011.12.01 11:14:01.387,0.91093,0.91107,2.25,1.50
2011.12.01 11:14:01.986,0.91096,0.91108,2.25,1.50
2011.12.01 11:14:02.469,0.91094,0.91106,2.25,1.50
2011.12.01 11:14:02.591,0.91094,0.91106,2.25,1.50
2011.12.01 11:14:03.994,0.91092,0.91104,2.25,1.50
2011.12.01 11:14:05.814,0.91094,0.91106,2.25,1.50
2011.12.01 11:14:06.302,0.91092,0.91103,2.25,1.50
2011.12.01 11:14:06.789,0.91096,0.91106,1.50,1.50
2011.12.01 11:14:06.918,0.91097,0.91106,2.25,1.50
2011.12.01 11:14:07.050,0.91099,0.91111,2.25,1.09
2011.12.01 11:14:07.177,0.91099,0.91113,2.25,1.95
2011.12.01 11:14:07.680,0.91099,0.91111,2.25,1.50
2011.12.01 11:14:07.821,0.911,0.91112,2.25,1.50
2011.12.01 11:14:08.191,0.91099,0.91111,2.25,1.50
2011.12.01 11:14:08.439,0.91099,0.91111,2.25,1.50
2011.12.01 11:14:09.044,0.91099,0.91111,2.25,1.50
2011.12.01 11:14:09.292,0.91096,0.9111,3.75,1.50
2011.12.01 11:14:09.540,0.91097,0.91108,2.25,1.50
2011.12.01 11:14:10.024,0.91095,0.91109,2.25,1.50
2011.12.01 11:14:10.548,0.91095,0.91107,2.25,1.50
2011.12.01 11:14:11.146,0.91095,0.91107,2.25,1.50
2011.12.01 11:14:12.045,0.91096,0.9111,2.25,1.50
2011.12.01 11:14:12.272,0.91096,0.9111,2.25,1.50
2011.12.01 11:14:12.504,0.91096,0.9111,2.25,1.50
2011.12.01 11:14:12.855,0.91094,0.91106,3.75,1.50
2011.12.01 11:14:13.218,0.91092,0.91104,1.88,1.50
2011.12.01 11:14:13.344,0.91092,0.91104,1.13,1.50
2011.12.01 11:14:13.582,0.91092,0.91104,1.13,1.50
2011.12.01 11:14:14.054,0.91094,0.91106,2.25,3.00
2011.12.01 11:14:14.664,0.91093,0.91107,2.25,1.50
2011.12.01 11:14:15.507,0.91094,0.91106,2.25,1.50
2011.12.01 11:14:16.959,0.91094,0.91106,2.25,1.50
2011.12.01 11:14:17.095,0.9109,0.91102,2.63,1.50
2011.12.01 11:14:17.218,0.91089,0.911,2.25,1.50
2011.12.01 11:14:17.466,0.91086,0.911,2.25,1.50
2011.12.01 11:14:18.169,0.91086,0.911,2.25,1.50
2011.12.01 11:14:18.293,0.91088,0.91102,2.25,1.50
2011.12.01 11:14:18.535,0.91088,0.91102,2.25,1.50
2011.12.01 11:14:19.495,0.91088,0.91102,2.25,3.38
2011.12.01 11:14:19.843,0.91087,0.91099,2.25,1.50
2011.12.01 11:14:20.423,0.91086,0.91098,2.25,1.50
2011.12.01 11:14:20.544,0.91088,0.91102,1.50,1.50
2011.12.01 11:14:21.313,0.91089,0.91103,2.25,1.50
2011.12.01 11:14:21.555,0.91089,0.91103,3.00,1.50
2011.12.01 11:14:21.793,0.91089,0.91101,2.25,1.50
2011.12.01 11:14:22.986,0.91089,0.91104,2.25,1.88
2011.12.01 11:14:23.102,0.9109,0.91103,2.25,1.50
2011.12.01 11:14:23.226,0.91087,0.91101,2.25,1.50
2011.12.01 11:14:23.562,0.91087,0.91101,2.25,1.50
2011.12.01 11:14:24.303,0.91089,0.91103,1.50,1.50
2011.12.01 11:14:25.103,0.91089,0.91101,1.50,1.50
2011.12.01 11:14:25.229,0.91089,0.91103,2.25,1.50
2011.12.01 11:14:25.804,0.91092,0.91104,2.25,1.50
2011.12.01 11:14:26.402,0.91091,0.91105,2.25,1.50
2011.12.01 11:14:26.752,0.91091,0.91103,2.25,1.50
2011.12.01 11:14:28.175,0.91091,0.91105,2.25,3.00
2011.12.01 11:14:28.416,0.91091,0.91105,2.25,1.50
2011.12.01 11:14:28.656,0.91091,0.91105,2.25,1.50
2011.12.01 11:14:31.193,0.91091,0.91103,2.25,1.50
2011.12.01 11:14:31.313,0.91091,0.91105,2.25,3.00
2011.12.01 11:14:31.673,0.9109,0.91104,2.25,1.50
2011.12.01 11:14:31.914,0.91095,0.91107,2.25,1.88
2011.12.01 11:14:32.034,0.91095,0.91107,2.25,1.50
2011.12.01 11:14:32.629,0.91095,0.91107,2.25,1.50
2011.12.01 11:14:33.232,0.91093,0.91107,2.25,1.50
2011.12.01 11:14:34.982,0.91099,0.91113,2.25,2.25
2011.12.01 11:14:35.107,0.91098,0.9111,2.25,1.50
2011.12.01 11:14:35.474,0.91094,0.91108,2.25,2.10
2011.12.01 11:14:35.836,0.91094,0.91108,2.25,2.85
2011.12.01 11:14:35.955,0.91094,0.91103,2.25,1.50
2011.12.01 11:14:36.542,0.91094,0.91103,2.25,1.50
2011.12.01 11:14:37.167,0.91091,0.91102,2.25,1.50
2011.12.01 11:14:37.300,0.91091,0.91102,2.25,1.50
2011.12.01 11:14:39.480,0.9109,0.91103,2.25,1.50
2011.12.01 11:14:39.724,0.91089,0.91101,1.50,1.50
2011.12.01 11:14:40.314,0.91087,0.911,2.25,1.50
2011.12.01 11:14:40.675,0.91086,0.911,2.25,2.25
2011.12.01 11:14:44.624,0.91089,0.91102,2.25,1.50
2011.12.01 11:14:45.525,0.91089,0.91103,2.25,3.00
2011.12.01 11:14:46.019,0.91092,0.91103,2.25,1.50
2011.12.01 11:14:50.687,0.91092,0.91104,2.25,3.00
2011.12.01 11:14:51.298,0.9109,0.91104,2.25,3.00
2011.12.01 11:14:52.992,0.91092,0.91104,2.25,1.50
2011.12.01 11:14:53.571,0.91092,0.91104,2.25,1.50
2011.12.01 11:14:55.374,0.91092,0.91104,2.25,1.50
2011.12.01 11:15:07.404,0.91092,0.91103,2.25,1.50
2011.12.01 11:15:07.648,0.91094,0.91103,2.25,1.50
2011.12.01 11:15:08.269,0.91094,0.91106,1.50,2.10
2011.12.01 11:15:08.397,0.9109,0.91104,2.25,1.50
2011.12.01 11:15:08.755,0.9109,0.91104,2.25,1.50
2011.12.01 11:15:08.997,0.91091,0.91105,3.75,1.50
2011.12.01 11:15:09.361,0.91099,0.9111,2.25,1.50
2011.12.01 11:15:10.000,0.91099,0.91111,2.25,1.50
2011.12.01 11:15:10.489,0.91096,0.9111,2.25,1.50
2011.12.01 11:15:11.815,0.91096,0.9111,2.25,1.50
2011.12.01 11:15:12.926,0.91098,0.91112,2.25,1.50
2011.12.01 11:15:13.538,0.91098,0.91112,2.25,1.50
2011.12.01 11:15:13.668,0.91105,0.91115,1.50,1.50
2011.12.01 11:15:13.919,0.91107,0.91119,2.25,1.88
2011.12.01 11:15:16.185,0.91106,0.9112,2.25,1.50
2011.12.01 11:15:16.547,0.91105,0.91117,2.25,1.50
2011.12.01 11:15:16.678,0.91104,0.91116,2.25,1.50
2011.12.01 11:15:17.652,0.91104,0.91118,1.50,1.50
2011.12.01 11:15:17.883,0.91104,0.91116,1.50,1.50
2011.12.01 11:15:18.007,0.91104,0.91118,1.50,1.50
2011.12.01 11:15:18.123,0.91104,0.91116,1.50,1.50
2011.12.01 11:15:19.714,0.91105,0.91117,1.50,1.50
2011.12.01 11:15:22.511,0.91105,0.91117,2.25,1.50
2011.12.01 11:15:23.074,0.91105,0.91117,2.25,1.50
2011.12.01 11:15:23.632,0.91105,0.91117,2.25,1.50
2011.12.01 11:15:24.194,0.91105,0.91117,1.50,1.50
2011.12.01 11:15:24.978,0.91108,0.91119,1.35,1.50
2011.12.01 11:15:25.111,0.91116,0.91128,1.50,2.25
2011.12.01 11:15:25.240,0.91114,0.91126,1.50,2.25
2011.12.01 11:15:26.197,0.91116,0.91128,1.50,1.50
2011.12.01 11:15:26.689,0.91114,0.91126,1.50,1.50
2011.12.01 11:15:27.155,0.91115,0.91129,1.50,2.25
2011.12.01 11:15:28.226,0.91115,0.91129,1.50,2.25
2011.12.01 11:15:29.385,0.91115,0.91129,1.50,2.25
2011.12.01 11:15:30.370,0.91114,0.91126,1.50,1.50
2011.12.01 11:15:30.986,0.91113,0.91125,1.50,1.50
2011.12.01 11:15:32.458,0.91113,0.91127,1.50,2.25
2011.12.01 11:15:32.719,0.91115,0.91128,1.50,1.50
2011.12.01 11:15:33.319,0.91115,0.91129,1.50,1.50
2011.12.01 11:15:33.931,0.91115,0.91129,2.25,1.50
2011.12.01 11:15:34.923,0.91116,0.9113,2.25,2.25
2011.12.01 11:15:35.291,0.91118,0.91132,1.50,2.25
2011.12.01 11:15:35.777,0.9112,0.91134,1.50,1.50
2011.12.01 11:15:36.133,0.91118,0.91132,2.25,1.50
2011.12.01 11:15:36.496,0.91118,0.9113,2.25,1.50
2011.12.01 11:15:37.589,0.91118,0.91132,2.25,1.50
2011.12.01 11:15:37.756,0.91121,0.91133,1.50,1.50
2011.12.01 11:15:41.155,0.91118,0.91132,1.50,1.50
2011.12.01 11:15:41.522,0.91117,0.91131,1.50,2.25
2011.12.01 11:15:42.063,0.91116,0.91128,1.50,1.50
2011.12.01 11:15:42.192,0.91114,0.91128,1.50,2.25
2011.12.01 11:15:45.164,0.91117,0.91129,1.50,2.25
2011.12.01 11:15:45.728,0.91115,0.91129,1.50,2.25
2011.12.01 11:15:47.576,0.91113,0.91127,2.25,1.50
2011.12.01 11:15:47.936,0.91112,0.91124,1.50,1.50
2011.12.01 11:15:48.055,0.91113,0.91127,1.50,1.50
2011.12.01 11:15:48.178,0.91113,0.91125,1.50,1.50
2011.12.01 11:15:48.840,0.91113,0.91127,1.50,1.50
2011.12.01 11:15:49.452,0.91112,0.91126,1.50,1.50
2011.12.01 11:15:50.123,0.91112,0.91126,1.50,2.25
2011.12.01 11:15:50.243,0.91111,0.91123,1.50,1.50
2011.12.01 11:15:52.637,0.91113,0.91125,1.50,2.25
2011.12.01 11:15:53.174,0.91113,0.91127,2.25,1.50
2011.12.01 11:15:53.411,0.91113,0.91127,2.25,1.50
2011.12.01 11:15:53.659,0.91115,0.91129,1.50,1.50
2011.12.01 11:15:54.855,0.91113,0.91127,2.25,1.50
2011.12.01 11:15:56.874,0.91113,0.91125,2.25,1.50
2011.12.01 11:15:57.563,0.9111,0.91124,5.25,1.50
2011.12.01 11:15:57.920,0.9111,0.91124,4.88,1.50
2011.12.01 11:15:58.052,0.9111,0.91121,3.00,1.50
2011.12.01 11:15:58.831,0.91103,0.91117,2.70,1.50
2011.12.01 11:15:59.434,0.91104,0.91116,2.25,1.50
2011.12.01 11:15:59.557,0.91104,0.91116,1.50,1.50
2011.12.01 11:15:59.682,0.91104,0.91118,3.00,1.50
2011.12.01 11:16:00.173,0.91106,0.9112,1.50,1.50
2011.12.01 11:16:00.544,0.91109,0.91123,1.50,2.25
2011.12.01 11:16:01.167,0.9111,0.91123,1.50,1.50
2011.12.01 11:16:01.415,0.91112,0.91126,1.50,2.25
2011.12.01 11:16:01.895,0.91111,0.91123,1.50,1.50
2011.12.01 11:16:02.014,0.91111,0.91125,1.50,1.50
2011.12.01 11:16:03.444,0.91113,0.91126,1.50,1.50
2011.12.01 11:16:04.046,0.91112,0.91126,1.50,1.50
2011.12.01 11:16:05.483,0.91113,0.91127,1.50,1.50
2011.12.01 11:16:05.955,0.91111,0.91123,1.50,1.50
2011.12.01 11:16:06.437,0.91113,0.91126,1.50,2.25
2011.12.01 11:16:08.682,0.91113,0.91125,1.50,2.25
2011.12.01 11:16:09.057,0.91119,0.91131,1.50,2.25
2011.12.01 11:16:09.415,0.91117,0.91129,1.50,1.50
2011.12.01 11:16:10.253,0.91118,0.91132,1.50,2.25
2011.12.01 11:16:10.609,0.91116,0.91124,2.25,5.10
2011.12.01 11:16:11.084,0.91109,0.91116,1.50,2.25
2011.12.01 11:16:11.221,0.91107,0.91119,1.50,1.50
2011.12.01 11:16:11.589,0.91108,0.91122,1.50,2.25
2011.12.01 11:16:11.715,0.91107,0.91119,1.50,1.50
2011.12.01 11:16:12.076,0.91105,0.91119,2.25,1.50
2011.12.01 11:16:12.798,0.91106,0.9112,1.50,1.50
2011.12.01 11:16:14.014,0.91105,0.91119,3.75,1.50
2011.12.01 11:16:18.377,0.91106,0.9112,1.50,1.50
2011.12.01 11:16:18.949,0.91105,0.91119,2.25,1.50
2011.12.01 11:16:19.083,0.91103,0.91117,2.25,1.50
2011.12.01 11:16:19.662,0.91103,0.91117,2.25,1.50
2011.12.01 11:16:20.846,0.91104,0.91118,2.25,1.50
2011.12.01 11:16:25.172,0.91107,0.91119,1.50,1.50
2011.12.01 11:16:27.848,0.91105,0.91119,1.50,1.50
2011.12.01 11:16:28.461,0.91106,0.9112,1.50,1.50
2011.12.01 11:16:29.407,0.91107,0.9112,1.50,1.50
2011.12.01 11:16:29.899,0.91109,0.9112,1.50,1.50
2011.12.01 11:16:30.036,0.91111,0.91123,1.50,2.25
2011.12.01 11:16:30.279,0.91109,0.91121,1.50,1.50
2011.12.01 11:16:30.527,0.91107,0.91121,1.50,1.50
2011.12.01 11:16:31.952,0.91109,0.91121,1.50,1.50
2011.12.01 11:16:32.967,0.9111,0.91123,1.50,2.25
2011.12.01 11:16:33.761,0.91111,0.91123,1.50,2.25
2011.12.01 11:16:33.887,0.91108,0.91122,1.50,2.25
2011.12.01 11:16:34.124,0.91108,0.9112,1.50,1.50
2011.12.01 11:16:44.710,0.91105,0.91119,2.25,1.50
2011.12.01 11:16:45.318,0.91105,0.91119,1.50,1.50
2011.12.01 11:16:50.280,0.91103,0.91117,1.50,1.50
2011.12.01 11:16:52.737,0.91104,0.91118,1.50,1.50
2011.12.01 11:16:53.374,0.91103,0.91117,1.50,1.50
2011.12.01 11:16:53.734,0.91105,0.91117,1.50,1.50
2011.12.01 11:16:54.747,0.91107,0.91119,1.50,1.50
2011.12.01 11:16:55.352,0.91105,0.91119,1.50,1.50
2011.12.01 11:16:55.721,0.91104,0.91116,1.50,1.50
2011.12.01 11:16:56.084,0.91102,0.91114,3.75,1.50
2011.12.01 11:16:56.676,0.91101,0.91115,2.25,1.50
2011.12.01 11:16:59.275,0.91101,0.91113,2.25,1.50
2011.12.01 11:16:59.905,0.91101,0.91115,2.25,1.50
2011.12.01 11:17:00.144,0.91099,0.91113,4.88,1.50
2011.12.01 11:17:03.044,0.91102,0.91114,2.25,1.50
2011.12.01 11:17:04.756,0.91101,0.91113,2.25,1.50
2011.12.01 11:17:05.644,0.91101,0.91113,2.25,1.50
2011.12.01 11:17:06.245,0.91101,0.91113,2.25,1.50
2011.12.01 11:17:08.759,0.911,0.91111,1.13,1.50
2011.12.01 11:17:09.013,0.91096,0.91108,1.50,1.50
2011.12.01 11:17:09.669,0.91093,0.91107,2.63,1.50
2011.12.01 11:17:09.807,0.91094,0.91106,1.50,1.50
2011.12.01 11:17:10.854,0.91094,0.91106,2.25,1.50
2011.12.01 11:17:12.383,0.91094,0.91106,2.25,1.50
2011.12.01 11:17:12.510,0.91098,0.9111,1.50,2.25
2011.12.01 11:17:12.758,0.91099,0.91113,2.25,2.25
2011.12.01 11:17:13.292,0.91094,0.91106,2.25,1.50
2011.12.01 11:17:15.264,0.91095,0.91107,2.25,1.50
2011.12.01 11:17:16.695,0.91094,0.91106,2.25,1.50
2011.12.01 11:17:18.992,0.91095,0.91107,2.25,1.50
2011.12.01 11:17:22.059,0.91093,0.91107,2.25,1.50
2011.12.01 11:17:22.192,0.91092,0.91105,1.13,1.50
2011.12.01 11:17:22.438,0.91091,0.91103,1.50,1.50
2011.12.01 11:17:22.913,0.91091,0.91105,1.50,1.50
2011.12.01 11:17:23.642,0.91091,0.91103,1.50,1.50
2011.12.01 11:17:24.127,0.91089,0.91101,1.50,1.50
2011.12.01 11:17:24.705,0.9109,0.91102,1.50,1.50
2011.12.01 11:17:25.428,0.91092,0.91104,1.50,1.50
2011.12.01 11:17:28.820,0.91094,0.91106,2.25,1.50
2011.12.01 11:17:28.947,0.91096,0.91108,2.25,1.50
2011.12.01 11:17:29.555,0.91095,0.91108,1.50,2.25
2011.12.01 11:17:29.674,0.91093,0.91107,1.50,2.25
2011.12.01 11:17:30.143,0.91095,0.91107,1.50,1.50
2011.12.01 11:17:30.754,0.91097,0.91109,1.50,2.25
2011.12.01 11:17:31.229,0.91097,0.91109,2.25,1.50
2011.12.01 11:17:31.371,0.911,0.91114,1.50,3.38
2011.12.01 11:17:31.618,0.91104,0.91116,1.50,1.50
2011.12.01 11:17:31.866,0.91101,0.91115,3.75,1.50
2011.12.01 11:17:32.694,0.91103,0.91117,1.50,1.50
2011.12.01 11:17:34.782,0.91103,0.91117,1.50,3.00
2011.12.01 11:17:35.015,0.911,0.91114,3.00,1.50
2011.12.01 11:17:37.034,0.911,0.9111,1.50,1.88
2011.12.01 11:17:37.157,0.91096,0.9111,1.50,2.25
2011.12.01 11:17:37.275,0.91096,0.9111,2.25,1.50
2011.12.01 11:17:37.614,0.91099,0.91113,1.50,2.25
2011.12.01 11:17:38.192,0.911,0.91112,1.50,1.50
2011.12.01 11:17:38.960,0.91098,0.91112,1.50,1.50
2011.12.01 11:17:40.567,0.91098,0.91112,1.50,2.25
2011.12.01 11:17:40.703,0.91097,0.91109,3.75,1.50
2011.12.01 11:17:41.077,0.91094,0.91106,2.25,1.50
2011.12.01 11:17:41.673,0.91095,0.91107,1.50,1.50
2011.12.01 11:17:45.232,0.91093,0.91107,2.25,1.50
2011.12.01 11:17:45.961,0.91094,0.91108,2.25,2.25
2011.12.01 11:17:47.602,0.91094,0.91106,2.25,1.50
2011.12.01 11:17:47.965,0.91096,0.9111,1.50,1.50
2011.12.01 11:17:48.205,0.91098,0.91111,1.50,2.25
2011.12.01 11:17:48.446,0.91095,0.91109,2.25,1.50
2011.12.01 11:17:48.792,0.91097,0.91109,1.50,1.50
2011.12.01 11:17:49.287,0.91094,0.91108,2.25,1.50
2011.12.01 11:17:53.113,0.91097,0.91109,1.50,2.25
2011.12.01 11:17:54.945,0.91096,0.91108,1.50,1.50
2011.12.01 11:17:55.986,0.91096,0.9111,1.50,1.50
2011.12.01 11:18:01.079,0.91097,0.9111,1.50,1.50
2011.12.01 11:18:01.568,0.91098,0.91112,1.50,2.25
2011.12.01 11:18:02.546,0.91099,0.91113,1.50,2.25
2011.12.01 11:18:02.788,0.91099,0.91113,2.63,2.25
2011.12.01 11:18:03.162,0.91107,0.91119,1.50,1.50
2011.12.01 11:18:04.310,0.91105,0.91119,1.50,1.50
2011.12.01 11:18:04.891,0.91106,0.9112,1.50,2.25
2011.12.01 11:18:06.524,0.91106,0.9112,1.50,2.25
2011.12.01 11:18:07.126,0.91106,0.9112,2.25,2.25
2011.12.01 11:18:07.732,0.91108,0.91121,1.50,2.10
2011.12.01 11:18:08.108,0.9111,0.91124,1.50,7.73
2011.12.01 11:18:08.240,0.91108,0.91122,2.25,2.25
2011.12.01 11:18:11.521,0.91108,0.91122,2.25,2.25
2011.12.01 11:18:12.138,0.91108,0.9112,2.25,1.50
2011.12.01 11:18:12.624,0.9111,0.91122,1.50,1.50
2011.12.01 11:18:12.865,0.91108,0.9112,2.25,1.50
2011.12.01 11:18:13.226,0.91108,0.91122,2.25,1.50
2011.12.01 11:18:14.536,0.91108,0.91122,2.25,1.50
2011.12.01 11:18:14.669,0.91111,0.91124,1.50,1.88
2011.12.01 11:18:15.170,0.9111,0.91124,1.50,4.13
2011.12.01 11:18:15.778,0.91109,0.91121,2.25,1.50
2011.12.01 11:18:15.905,0.91109,0.91121,2.25,1.50
2011.12.01 11:18:16.794,0.91111,0.91123,1.50,1.50
2011.12.01 11:18:18.948,0.91112,0.91124,1.50,4.13
2011.12.01 11:18:19.555,0.91111,0.91124,1.50,2.63
2011.12.01 11:18:20.943,0.9111,0.91124,2.25,4.13
2011.12.01 11:18:21.546,0.91111,0.91125,2.25,4.13
2011.12.01 11:18:22.745,0.91111,0.91125,2.25,4.13
2011.12.01 11:18:24.014,0.91111,0.91125,1.50,4.13
2011.12.01 11:18:24.375,0.9111,0.91122,1.50,1.50
2011.12.01 11:18:27.727,0.91108,0.9112,1.50,1.50
2011.12.01 11:18:28.088,0.9111,0.91124,1.50,3.75
2011.12.01 11:18:29.053,0.91111,0.91125,1.50,1.50
2011.12.01 11:18:29.657,0.9111,0.91124,1.50,1.50
2011.12.01 11:18:31.528,0.9111,0.91123,1.50,1.50
2011.12.01 11:18:31.658,0.91109,0.9112,1.50,1.50
2011.12.01 11:18:31.792,0.91104,0.91118,2.25,1.50
2011.12.01 11:18:32.322,0.91107,0.91119,2.25,1.50
2011.12.01 11:18:32.936,0.91105,0.91119,1.50,1.50
2011.12.01 11:18:34.035,0.91105,0.91117,1.50,1.50
2011.12.01 11:18:35.237,0.91106,0.9112,1.50,3.00
2011.12.01 11:18:35.845,0.91105,0.91119,1.50,1.50
2011.12.01 11:18:36.087,0.91109,0.91121,1.50,1.50
2011.12.01 11:18:36.451,0.91112,0.91121,1.50,2.63
2011.12.01 11:18:36.968,0.91108,0.91121,1.50,1.50
2011.12.01 11:18:37.104,0.91109,0.91123,1.50,1.50
2011.12.01 11:18:39.346,0.91112,0.91126,1.50,1.50
2011.12.01 11:18:39.947,0.91113,0.91125,1.50,1.50
2011.12.01 11:18:40.511,0.91112,0.91126,1.50,1.50
2011.12.01 11:18:41.046,0.91113,0.91127,1.50,1.50
2011.12.01 11:18:41.517,0.91116,0.91128,1.50,1.50
2011.12.01 11:18:41.890,0.91118,0.91131,1.50,3.00
2011.12.01 11:18:42.022,0.9112,0.91131,1.50,2.25
2011.12.01 11:18:42.156,0.91122,0.91134,1.50,1.50
2011.12.01 11:18:42.821,0.91128,0.9114,1.50,2.25
2011.12.01 11:18:43.195,0.91126,0.9114,1.50,2.25
2011.12.01 11:18:48.016,0.9113,0.9114,1.50,1.50
2011.12.01 11:18:48.620,0.91132,0.91144,1.50,2.25
2011.12.01 11:18:48.757,0.9113,0.91142,1.50,1.50
2011.12.01 11:18:48.880,0.91128,0.9114,3.00,1.50
2011.12.01 11:18:49.486,0.91129,0.91141,1.50,1.50
2011.12.01 11:18:51.155,0.91131,0.91143,1.50,3.75
2011.12.01 11:18:51.516,0.91139,0.91151,1.50,3.75
2011.12.01 11:18:51.638,0.91139,0.91151,1.50,2.25
2011.12.01 11:18:52.124,0.91137,0.91151,3.00,2.25
2011.12.01 11:18:53.361,0.91135,0.91149,2.25,1.50
2011.12.01 11:18:53.493,0.91135,0.91147,2.25,1.50
2011.12.01 11:18:53.858,0.91135,0.91149,2.25,2.25
2011.12.01 11:18:54.225,0.91135,0.91147,2.25,1.50
2011.12.01 11:18:54.713,0.91135,0.91147,1.50,3.38
2011.12.01 11:18:55.223,0.91133,0.91143,1.50,2.25
2011.12.01 11:18:55.355,0.91123,0.91137,6.75,1.50
2011.12.01 11:18:55.834,0.91124,0.91136,1.50,1.50
2011.12.01 11:18:57.366,0.91123,0.91135,3.38,1.50
2011.12.01 11:18:57.484,0.91126,0.91138,1.50,1.50
2011.12.01 11:18:58.111,0.91123,0.91136,2.25,1.50
2011.12.01 11:18:58.482,0.91122,0.91131,1.50,1.50
2011.12.01 11:18:59.083,0.91119,0.91131,3.75,1.50
2011.12.01 11:19:00.093,0.91119,0.91132,1.13,1.50
2011.12.01 11:19:00.683,0.91119,0.91131,1.88,1.50
2011.12.01 11:19:02.846,0.91118,0.9113,4.50,1.50
2011.12.01 11:19:03.636,0.91119,0.9113,1.13,1.50
2011.12.01 11:19:03.757,0.91119,0.91133,2.63,1.50
2011.12.01 11:19:04.422,0.9112,0.91134,2.25,1.50
2011.12.01 11:19:05.718,0.91119,0.91132,1.13,1.50
2011.12.01 11:19:08.290,0.91119,0.91132,1.13,1.50
2011.12.01 11:19:08.653,0.91121,0.91133,1.50,1.50
2011.12.01 11:19:09.840,0.91119,0.91131,2.63,1.50
2011.12.01 11:19:11.370,0.91116,0.91128,2.25,1.50
2011.12.01 11:19:11.981,0.91116,0.9113,2.25,1.50
2011.12.01 11:19:17.873,0.91116,0.91128,2.25,1.50
2011.12.01 11:19:18.381,0.91115,0.91129,2.25,1.50
2011.12.01 11:19:20.872,0.91116,0.91128,2.25,1.50
2011.12.01 11:19:21.103,0.91116,0.9113,2.25,1.50
2011.12.01 11:19:21.897,0.91116,0.9113,2.25,1.50
2011.12.01 11:19:22.370,0.91119,0.91131,1.50,1.50
2011.12.01 11:19:22.734,0.91121,0.91133,1.50,1.50
2011.12.01 11:19:23.381,0.91119,0.91131,1.50,1.50
2011.12.01 11:19:28.204,0.91118,0.9113,1.50,1.50
2011.12.01 11:19:30.956,0.91119,0.91131,1.50,1.50
2011.12.01 11:19:31.433,0.9112,0.91134,1.50,1.50
2011.12.01 11:19:36.786,0.91121,0.91135,1.50,1.88
2011.12.01 11:19:38.557,0.91121,0.91133,1.50,1.50
2011.12.01 11:19:41.088,0.91121,0.91135,2.25,1.50
2011.12.01 11:19:41.216,0.91121,0.91133,2.25,1.50
2011.12.01 11:19:41.333,0.91121,0.91135,2.25,1.50
2011.12.01 11:19:41.453,0.91121,0.91135,1.50,2.25
2011.12.01 11:19:42.273,0.9112,0.91134,1.50,2.25
2011.12.01 11:19:44.413,0.91119,0.91131,1.50,1.50
2011.12.01 11:19:44.790,0.91119,0.91131,1.50,2.25
2011.12.01 11:19:44.918,0.91116,0.91128,3.00,2.25
2011.12.01 11:19:45.169,0.91119,0.91131,1.50,2.25
2011.12.01 11:19:45.297,0.91117,0.91131,1.50,2.25
2011.12.01 11:19:48.694,0.91116,0.91128,1.50,1.50
2011.12.01 11:19:49.642,0.91116,0.9113,1.50,2.25
2011.12.01 11:19:50.246,0.91114,0.91127,1.80,3.00
2011.12.01 11:19:50.620,0.91109,0.91123,1.50,2.25
2011.12.01 11:19:50.866,0.91105,0.91117,1.88,2.25
2011.12.01 11:19:51.585,0.91106,0.91118,1.88,2.25
2011.12.01 11:19:53.436,0.91102,0.91116,1.88,1.50
2011.12.01 11:19:53.911,0.91102,0.91115,1.50,2.25
2011.12.01 11:19:54.515,0.911,0.91114,1.88,2.25
2011.12.01 11:19:56.129,0.911,0.91114,1.88,2.25
2011.12.01 11:19:56.734,0.911,0.91114,1.50,2.25
2011.12.01 11:19:58.977,0.91098,0.91111,1.13,1.50
2011.12.01 11:19:59.707,0.91096,0.91108,1.88,1.50
2011.12.01 11:20:01.529,0.91099,0.91113,1.50,2.25
2011.12.01 11:20:02.282,0.911,0.91114,1.50,2.25
2011.12.01 11:20:02.647,0.91098,0.91112,1.50,2.25
2011.12.01 11:20:03.224,0.91099,0.91113,1.50,2.25
2011.12.01 11:20:04.203,0.91098,0.91112,1.50,2.25
2011.12.01 11:20:06.484,0.91099,0.91113,1.50,2.25
2011.12.01 11:20:08.338,0.91096,0.9111,1.50,2.25
2011.12.01 11:20:11.927,0.91099,0.91111,1.50,2.25
2011.12.01 11:20:16.722,0.91096,0.9111,1.50,2.25
2011.12.01 11:20:17.763,0.91093,0.91102,1.88,1.50
2011.12.01 11:20:17.891,0.91089,0.91103,4.13,2.25
2011.12.01 11:20:18.501,0.91091,0.91103,1.50,2.25
2011.12.01 11:20:19.794,0.91087,0.91096,3.00,1.50
2011.12.01 11:20:20.355,0.91086,0.91094,1.50,2.25
2011.12.01 11:20:20.491,0.91082,0.91096,1.50,2.25
2011.12.01 11:20:20.622,0.91085,0.91097,1.50,2.25
2011.12.01 11:20:21.220,0.91084,0.91096,1.50,2.25
2011.12.01 11:20:21.824,0.91084,0.91096,1.50,2.25
2011.12.01 11:20:22.365,0.91085,0.91097,1.50,2.25
2011.12.01 11:20:23.538,0.91087,0.91099,1.50,2.25
2011.12.01 11:20:23.667,0.91087,0.91099,1.50,2.25
2011.12.01 11:20:24.252,0.91088,0.91102,1.50,2.25
2011.12.01 11:20:27.965,0.91087,0.911,1.50,2.25
2011.12.01 11:20:29.025,0.91096,0.91106,1.50,2.25
2011.12.01 11:20:29.160,0.91096,0.9111,1.50,2.25
2011.12.01 11:20:29.293,0.91098,0.9111,1.50,2.25
2011.12.01 11:20:29.778,0.91098,0.9111,1.50,2.25
2011.12.01 11:20:30.032,0.91094,0.91106,1.50,2.25
2011.12.01 11:20:30.276,0.91092,0.91104,3.00,2.25
2011.12.01 11:20:30.990,0.91088,0.91102,1.50,2.85
2011.12.01 11:20:31.479,0.91088,0.91102,1.50,2.85
2011.12.01 11:20:31.846,0.91088,0.91101,1.50,1.35
2011.12.01 11:20:32.569,0.91089,0.91103,1.50,2.63
2011.12.01 11:20:33.531,0.91089,0.91101,1.50,2.25
2011.12.01 11:20:33.671,0.91082,0.91094,1.50,1.50
2011.12.01 11:20:33.803,0.91082,0.91096,1.50,1.50
2011.12.01 11:20:34.169,0.91084,0.91096,1.50,2.25
2011.12.01 11:20:34.540,0.91082,0.91094,1.50,1.50
2011.12.01 11:20:35.518,0.91085,0.91097,1.50,2.25
2011.12.01 11:20:36.057,0.91084,0.91098,1.50,2.25
2011.12.01 11:20:37.497,0.91082,0.91094,1.50,1.50
2011.12.01 11:20:38.519,0.91086,0.911,1.50,3.75
2011.12.01 11:20:38.880,0.91084,0.91096,1.50,2.25
2011.12.01 11:20:39.828,0.91087,0.91099,1.50,2.25
2011.12.01 11:20:41.847,0.91085,0.91097,1.50,2.25
2011.12.01 11:20:42.208,0.91083,0.91097,1.50,2.25
2011.12.01 11:20:42.448,0.91082,0.91094,1.50,1.50
2011.12.01 11:20:47.441,0.91083,0.91095,1.50,1.50
2011.12.01 11:20:47.808,0.91085,0.91097,1.50,1.50
2011.12.01 11:20:48.385,0.91086,0.91098,1.50,2.25
2011.12.01 11:20:50.653,0.91083,0.91097,1.50,2.25
2011.12.01 11:20:50.894,0.91085,0.91097,1.50,2.25
2011.12.01 11:20:51.877,0.91085,0.91097,1.50,3.75
2011.12.01 11:20:52.113,0.91084,0.91096,1.50,1.50
2011.12.01 11:20:52.694,0.91084,0.91096,1.50,2.25
2011.12.01 11:20:55.506,0.91086,0.91098,1.50,1.13
2011.12.01 11:20:56.094,0.91085,0.91099,1.50,2.25
2011.12.01 11:20:57.642,0.91087,0.91099,1.50,2.25
2011.12.01 11:20:59.853,0.91085,0.91099,1.50,2.25
2011.12.01 11:21:01.439,0.91086,0.911,1.50,4.13
2011.12.01 11:21:01.563,0.91086,0.911,1.50,2.63
2011.12.01 11:21:02.142,0.91087,0.91099,1.50,2.25
2011.12.01 11:21:02.751,0.91089,0.91101,1.50,3.23
2011.12.01 11:21:02.878,0.91089,0.91101,1.50,3.23
2011.12.01 11:21:03.485,0.9109,0.91101,1.50,1.73
2011.12.01 11:21:03.847,0.91088,0.91101,1.50,1.73
2011.12.01 11:21:06.218,0.91088,0.91101,1.50,1.73
2011.12.01 11:21:06.348,0.9109,0.91101,1.50,1.35
2011.12.01 11:21:06.966,0.91092,0.91104,3.00,2.25
2011.12.01 11:21:07.092,0.91094,0.91106,1.50,4.09
2011.12.01 11:21:07.217,0.91094,0.91105,1.50,1.46
2011.12.01 11:21:07.792,0.91094,0.91105,1.50,1.46
2011.12.01 11:21:09.322,0.91094,0.91106,1.50,5.89
2011.12.01 11:21:12.109,0.91092,0.91104,1.50,2.25
2011.12.01 11:21:12.243,0.9109,0.91104,1.50,2.25
2011.12.01 11:21:12.874,0.91093,0.91105,1.50,2.25
2011.12.01 11:21:13.551,0.91093,0.91105,1.50,2.25
2011.12.01 11:21:14.728,0.91093,0.91105,1.50,2.25
2011.12.01 11:21:14.979,0.9109,0.91104,1.50,2.25
2011.12.01 11:21:15.566,0.9109,0.91104,1.50,2.25
2011.12.01 11:21:17.324,0.9109,0.91104,1.50,2.25
2011.12.01 11:21:17.882,0.9109,0.91104,1.50,2.25
2011.12.01 11:21:18.463,0.91089,0.91101,1.50,1.50
2011.12.01 11:21:19.192,0.91089,0.91101,1.50,2.25
2011.12.01 11:21:19.814,0.91089,0.91101,1.50,2.25
2011.12.01 11:21:20.826,0.91086,0.911,3.75,2.25
2011.12.01 11:21:21.063,0.91086,0.911,1.50,2.25
2011.12.01 11:21:21.665,0.91085,0.91099,1.50,2.25
2011.12.01 11:21:22.944,0.91084,0.91096,2.25,1.50
2011.12.01 11:21:23.529,0.91084,0.91098,2.25,2.25
2011.12.01 11:21:24.125,0.91084,0.91098,1.50,2.25
2011.12.01 11:21:24.712,0.91085,0.91097,1.50,2.25
2011.12.01 11:21:26.335,0.91085,0.91097,2.25,1.50
2011.12.01 11:21:26.587,0.91089,0.91101,1.50,3.75
2011.12.01 11:21:27.305,0.91089,0.91101,1.50,2.25
2011.12.01 11:21:27.543,0.91086,0.911,3.00,2.25
2011.12.01 11:21:29.517,0.91089,0.91101,1.50,2.25
2011.12.01 11:21:29.879,0.91088,0.91102,1.50,2.25
2011.12.01 11:21:30.454,0.91087,0.91099,3.00,2.25
2011.12.01 11:21:32.708,0.91089,0.91101,1.50,2.25
2011.12.01 11:21:33.292,0.91089,0.91101,1.50,2.25
2011.12.01 11:21:34.562,0.91086,0.911,3.00,2.25
2011.12.01 11:21:36.776,0.91091,0.91105,1.50,5.55
2011.12.01 11:21:36.904,0.91092,0.91104,2.63,1.50
2011.12.01 11:21:37.035,0.91095,0.91107,1.50,2.55
2011.12.01 11:21:37.398,0.911,0.91112,1.50,3.00
2011.12.01 11:21:38.007,0.91099,0.91111,1.50,2.25
2011.12.01 11:21:38.569,0.91099,0.91111,1.50,2.25
2011.12.01 11:21:39.890,0.91096,0.9111,2.25,1.50
2011.12.01 11:21:40.019,0.91096,0.91108,1.50,1.50
2011.12.01 11:21:40.949,0.91097,0.91109,1.50,2.25
2011.12.01 11:21:41.075,0.91095,0.91109,1.50,2.25
2011.12.01 11:21:41.599,0.91097,0.91109,1.50,2.25
2011.12.01 11:21:41.976,0.91099,0.91113,1.50,2.25
2011.12.01 11:21:42.337,0.91096,0.9111,3.75,1.50
2011.12.01 11:21:42.576,0.91096,0.91108,3.00,1.50
2011.12.01 11:21:43.057,0.91093,0.91107,2.25,1.50
2011.12.01 11:21:43.655,0.91094,0.91106,1.50,1.50
2011.12.01 11:21:44.624,0.91095,0.91107,1.50,2.25
2011.12.01 11:21:45.115,0.91095,0.91109,1.50,2.25
2011.12.01 11:21:45.479,0.91098,0.91108,2.25,1.50
2011.12.01 11:21:45.728,0.91098,0.9111,2.25,1.50
2011.12.01 11:21:45.979,0.91099,0.91113,1.50,2.25
2011.12.01 11:21:46.464,0.91099,0.91111,1.50,1.50
2011.12.01 11:21:47.158,0.91097,0.91109,1.50,1.50
2011.12.01 11:21:48.177,0.91098,0.91112,1.50,1.50
2011.12.01 11:21:51.775,0.91095,0.91109,2.25,1.50
2011.12.01 11:21:52.256,0.91098,0.9111,1.50,1.50
2011.12.01 11:21:57.574,0.911,0.91112,1.50,1.50
2011.12.01 11:22:00.048,0.91102,0.91114,1.50,1.50
2011.12.01 11:22:01.604,0.911,0.91114,2.25,1.50
2011.12.01 11:22:03.421,0.91099,0.91111,2.25,1.50
2011.12.01 11:22:03.901,0.911,0.91114,1.50,3.00
2011.12.01 11:22:05.884,0.91099,0.91111,2.25,1.50
2011.12.01 11:22:06.488,0.911,0.91112,2.25,1.50
2011.12.01 11:22:06.854,0.911,0.91114,2.25,1.50
2011.12.01 11:22:07.100,0.91104,0.91116,1.50,1.50
2011.12.01 11:22:08.298,0.91102,0.91114,1.50,1.50
2011.12.01 11:22:08.836,0.911,0.91114,2.25,1.50
2011.12.01 11:22:09.497,0.91102,0.91114,1.50,1.50
2011.12.01 11:22:09.853,0.91099,0.91112,2.25,1.50
2011.12.01 11:22:11.143,0.91098,0.91112,2.25,1.50
2011.12.01 11:22:12.047,0.91097,0.91109,2.25,1.50
2011.12.01 11:22:12.873,0.91096,0.91108,3.00,1.50
2011.12.01 11:22:16.992,0.91096,0.91108,2.25,1.50
2011.12.01 11:22:17.684,0.91104,0.9111,1.50,1.50
2011.12.01 11:22:17.807,0.91102,0.91114,1.50,2.25
2011.12.01 11:22:17.927,0.91098,0.91112,3.00,1.50
2011.12.01 11:22:18.050,0.91098,0.9111,1.50,1.50
2011.12.01 11:22:18.291,0.91094,0.91108,2.63,1.50
2011.12.01 11:22:19.208,0.91096,0.9111,2.25,1.50
2011.12.01 11:22:19.575,0.91096,0.9111,2.25,1.50
2011.12.01 11:22:20.087,0.91096,0.91108,2.25,1.50
2011.12.01 11:22:23.629,0.91093,0.91107,2.25,3.00
2011.12.01 11:22:24.033,0.91078,0.91091,1.27,1.50
2011.12.01 11:22:24.160,0.91077,0.91091,2.85,1.50
2011.12.01 11:22:24.411,0.91076,0.91087,1.72,1.50
2011.12.01 11:22:24.660,0.91073,0.91087,1.88,1.50
2011.12.01 11:22:25.298,0.91071,0.91085,2.63,1.50
2011.12.01 11:22:26.046,0.91076,0.9109,2.25,1.50
2011.12.01 11:22:26.295,0.91078,0.91092,1.50,2.25
2011.12.01 11:22:26.424,0.9108,0.91092,1.50,2.25
2011.12.01 11:22:28.051,0.91078,0.91092,2.25,1.50
2011.12.01 11:22:30.634,0.91078,0.91092,2.25,1.50
2011.12.01 11:22:30.754,0.91078,0.91092,1.50,1.50
2011.12.01 11:22:32.499,0.91075,0.91089,1.50,1.50
2011.12.01 11:22:32.868,0.91072,0.91084,2.63,1.50
2011.12.01 11:22:33.235,0.91072,0.91082,1.13,1.50
2011.12.01 11:22:33.478,0.9107,0.91082,1.88,1.50
2011.12.01 11:22:34.442,0.91071,0.91085,1.50,1.50
2011.12.01 11:22:34.817,0.91072,0.91084,2.25,1.50
2011.12.01 11:22:34.941,0.91074,0.91086,1.50,1.50
2011.12.01 11:22:35.426,0.91075,0.91087,2.25,1.50
2011.12.01 11:22:36.026,0.91075,0.91087,2.25,1.50
2011.12.01 11:22:37.127,0.91074,0.91086,2.25,1.50
2011.12.01 11:22:37.494,0.91072,0.91082,1.50,1.50
2011.12.01 11:22:37.622,0.9107,0.91082,1.88,1.50
2011.12.01 11:22:38.725,0.91071,0.91084,1.50,1.50
2011.12.01 11:22:39.323,0.91071,0.91085,1.50,1.50
2011.12.01 11:22:40.863,0.91073,0.91087,2.25,1.50
2011.12.01 11:22:41.233,0.91076,0.9109,2.25,2.25
2011.12.01 11:22:41.596,0.91075,0.91087,3.00,1.50
2011.12.01 11:22:42.539,0.91077,0.91089,1.50,1.50
2011.12.01 11:22:43.145,0.91075,0.91087,1.50,1.50
2011.12.01 11:22:43.745,0.91074,0.91088,2.25,3.00
2011.12.01 11:22:44.295,0.91075,0.91087,1.50,1.50
2011.12.01 11:22:50.765,0.91074,0.91086,2.25,1.50
2011.12.01 11:22:53.566,0.91072,0.91084,1.50,1.50
2011.12.01 11:22:54.448,0.91073,0.91085,1.50,1.50
2011.12.01 11:22:58.220,0.91073,0.91087,2.25,1.50
2011.12.01 11:22:58.455,0.91075,0.91087,2.25,1.50
2011.12.01 11:22:59.195,0.91075,0.91087,2.25,1.50
2011.12.01 11:22:59.708,0.91077,0.91088,1.50,1.50
2011.12.01 11:22:59.963,0.91074,0.91088,2.25,1.50
2011.12.01 11:23:00.555,0.91074,0.91088,2.25,2.25
2011.12.01 11:23:01.178,0.91069,0.91083,2.25,1.50
2011.12.01 11:23:01.320,0.91073,0.91085,1.50,3.00
2011.12.01 11:23:01.805,0.91069,0.91083,2.25,1.50
2011.12.01 11:23:01.944,0.91066,0.91075,1.88,1.50
2011.12.01 11:23:02.211,0.91063,0.91075,1.50,2.25
2011.12.01 11:23:02.470,0.9106,0.91072,1.50,1.50
2011.12.01 11:23:02.837,0.91057,0.91071,1.50,1.50
2011.12.01 11:23:03.571,0.9106,0.91072,1.50,1.50
2011.12.01 11:23:04.766,0.91062,0.91074,1.50,2.25
2011.12.01 11:23:06.360,0.91066,0.91078,1.50,3.00
2011.12.01 11:23:07.220,0.91071,0.91081,1.50,2.35
2011.12.01 11:23:07.592,0.91073,0.91082,1.50,5.25
2011.12.01 11:23:08.160,0.91078,0.9109,1.50,1.50
2011.12.01 11:23:08.299,0.91083,0.91095,1.50,2.25
2011.12.01 11:23:10.510,0.91083,0.91095,2.25,1.50
2011.12.01 11:23:11.084,0.91089,0.91103,1.50,1.50
2011.12.01 11:23:11.210,0.91089,0.91101,1.50,1.50
2011.12.01 11:23:11.703,0.91089,0.91101,2.25,1.50
2011.12.01 11:23:11.951,0.91094,0.91106,1.50,1.50
2011.12.01 11:23:13.101,0.91094,0.91108,1.50,1.50
2011.12.01 11:23:14.419,0.91094,0.91106,1.50,1.50
2011.12.01 11:23:15.138,0.91095,0.91107,1.50,1.50
2011.12.01 11:23:15.507,0.91097,0.91109,1.50,1.50
2011.12.01 11:23:16.279,0.91096,0.91108,1.50,1.50
2011.12.01 11:23:21.217,0.91093,0.91107,3.00,1.50
2011.12.01 11:23:21.914,0.91094,0.91108,1.50,1.50
2011.12.01 11:23:22.914,0.91096,0.9111,1.50,1.50
2011.12.01 11:23:23.512,0.91095,0.91109,1.50,1.50
2011.12.01 11:23:24.051,0.91091,0.91103,1.50,1.50
2011.12.01 11:23:25.586,0.91088,0.91102,1.88,1.50
2011.12.01 11:23:26.233,0.91089,0.91103,1.50,3.00
2011.12.01 11:23:28.206,0.91088,0.91102,1.88,1.50
2011.12.01 11:23:28.446,0.9109,0.91102,1.50,1.50
2011.12.01 11:23:29.979,0.91088,0.91102,3.00,1.50
2011.12.01 11:23:30.563,0.91089,0.91103,1.50,3.00
2011.12.01 11:23:34.417,0.91088,0.91102,1.50,1.50
2011.12.01 11:23:34.544,0.91086,0.91099,1.13,1.50
2011.12.01 11:23:35.262,0.91085,0.91097,1.50,1.50
2011.12.01 11:23:35.644,0.91093,0.91105,1.50,1.88
2011.12.01 11:23:35.770,0.91093,0.91105,1.50,1.50
2011.12.01 11:23:35.900,0.91093,0.91105,1.50,2.25
2011.12.01 11:23:36.146,0.9109,0.91104,1.50,1.50
2011.12.01 11:23:36.388,0.91092,0.91104,1.50,1.50
2011.12.01 11:23:36.757,0.91094,0.91106,1.50,1.88
2011.12.01 11:23:37.372,0.91094,0.91108,1.50,1.88
2011.12.01 11:23:38.547,0.91096,0.9111,2.25,3.38
2011.12.01 11:23:39.258,0.91096,0.9111,2.25,1.50
2011.12.01 11:23:39.865,0.91097,0.91109,2.25,1.50
2011.12.01 11:23:40.927,0.91097,0.91109,2.25,1.50
2011.12.01 11:23:41.834,0.91097,0.91109,1.50,1.50
2011.12.01 11:23:47.110,0.91099,0.91111,1.50,1.50
2011.12.01 11:23:47.838,0.911,0.91112,1.50,1.50
2011.12.01 11:23:50.285,0.91098,0.91112,2.25,1.50
2011.12.01 11:23:50.888,0.91098,0.91112,1.50,2.25
2011.12.01 11:23:51.380,0.91096,0.9111,1.50,1.50
2011.12.01 11:23:51.864,0.91098,0.91112,1.50,2.25
2011.12.01 11:23:55.365,0.91099,0.91113,1.50,2.25
2011.12.01 11:23:55.604,0.91099,0.91113,1.50,1.50
2011.12.01 11:23:55.850,0.91099,0.91111,1.50,1.50
2011.12.01 11:23:57.579,0.911,0.91114,1.50,3.00
2011.12.01 11:23:57.727,0.91112,0.91119,1.50,1.50
2011.12.01 11:23:57.859,0.91108,0.91122,3.00,1.50
2011.12.01 11:23:58.000,0.91106,0.91118,2.63,1.50
2011.12.01 11:23:58.373,0.91104,0.91116,2.55,1.50
2011.12.01 11:23:58.502,0.91106,0.9112,2.25,1.50
2011.12.01 11:24:01.265,0.91105,0.91119,1.50,1.50
2011.12.01 11:24:01.386,0.91104,0.91117,1.50,1.50
2011.12.01 11:24:01.969,0.91105,0.91117,1.50,1.50
2011.12.01 11:24:02.100,0.91103,0.91117,3.00,1.50
2011.12.01 11:24:02.751,0.911,0.91114,3.75,1.50
2011.12.01 11:24:03.724,0.91101,0.91115,2.25,1.50
2011.12.01 11:24:13.653,0.91102,0.91115,1.50,1.50
2011.12.01 11:24:14.026,0.91105,0.91117,1.50,1.50
2011.12.01 11:24:14.638,0.91104,0.91116,1.50,1.50
2011.12.01 11:24:16.363,0.91104,0.91118,1.50,1.50
2011.12.01 11:24:16.609,0.91107,0.91119,1.50,1.50
2011.12.01 11:24:17.684,0.91107,0.91121,3.00,1.50
2011.12.01 11:24:29.533,0.91109,0.91121,1.50,1.50
2011.12.01 11:24:32.467,0.91106,0.91118,1.50,1.50
2011.12.01 11:24:34.494,0.91106,0.9112,1.50,2.25
2011.12.01 11:24:35.053,0.91105,0.91119,1.50,2.25
2011.12.01 11:24:37.205,0.91106,0.9112,1.50,2.25
2011.12.01 11:24:38.236,0.91105,0.91119,1.50,2.25
2011.12.01 11:24:39.228,0.91106,0.9112,1.50,2.25
2011.12.01 11:24:41.122,0.91106,0.9112,1.50,2.25
2011.12.01 11:24:43.733,0.91106,0.9112,2.25,1.50
2011.12.01 11:24:44.552,0.91106,0.9112,3.75,2.25
2011.12.01 11:24:44.927,0.91109,0.91121,1.50,2.25
2011.12.01 11:24:45.525,0.91109,0.91121,1.50,2.25
2011.12.01 11:24:46.125,0.91108,0.9112,2.25,1.50
2011.12.01 11:24:46.725,0.91109,0.91121,1.50,2.25
2011.12.01 11:24:48.811,0.91111,0.91123,1.50,2.25
2011.12.01 11:24:49.298,0.91112,0.91124,1.50,2.25
2011.12.01 11:24:49.883,0.91111,0.91123,1.50,2.25
2011.12.01 11:24:52.504,0.91111,0.91123,1.50,2.25
2011.12.01 11:24:53.104,0.91112,0.91124,1.50,2.25
2011.12.01 11:24:53.664,0.91112,0.91124,1.50,2.25
2011.12.01 11:24:54.015,0.91114,0.91126,1.50,2.25
2011.12.01 11:24:54.974,0.91112,0.91126,1.50,2.25
2011.12.01 11:24:55.323,0.91114,0.91126,1.50,2.25
2011.12.01 11:24:58.534,0.91114,0.91126,1.50,2.25
2011.12.01 11:24:59.123,0.91113,0.91127,1.50,2.25
2011.12.01 11:24:59.715,0.91113,0.91127,1.50,2.25
2011.12.01 11:25:00.414,0.91112,0.91126,1.50,2.25
2011.12.01 11:25:00.778,0.91114,0.91126,1.50,2.25
2011.12.01 11:25:01.013,0.91112,0.91126,1.50,2.25
2011.12.01 11:25:03.107,0.91114,0.91126,1.50,2.25
2011.12.01 11:25:03.998,0.91113,0.91124,1.50,1.20
2011.12.01 11:25:04.126,0.91111,0.91123,3.00,2.33
2011.12.01 11:25:04.371,0.91105,0.91117,2.25,1.50
2011.12.01 11:25:04.622,0.91103,0.91117,1.50,1.50
2011.12.01 11:25:05.393,0.91108,0.91122,1.50,2.25
2011.12.01 11:25:05.522,0.91108,0.91122,1.50,2.25
2011.12.01 11:25:05.650,0.9111,0.91124,1.50,3.75
2011.12.01 11:25:06.254,0.9111,0.91124,1.50,2.25
2011.12.01 11:25:06.856,0.91109,0.91121,1.50,2.25
2011.12.01 11:25:07.457,0.91108,0.91122,1.50,2.25
2011.12.01 11:25:08.053,0.91107,0.91121,2.25,2.25
2011.12.01 11:25:10.932,0.91109,0.91121,1.50,2.25
2011.12.01 11:25:11.484,0.91107,0.91119,2.25,1.50
2011.12.01 11:25:11.845,0.91109,0.91121,1.50,2.25
2011.12.01 11:25:13.429,0.91109,0.91121,1.50,2.25
2011.12.01 11:25:13.549,0.91109,0.91121,1.50,2.25
2011.12.01 11:25:17.797,0.91108,0.91122,1.50,2.25
2011.12.01 11:25:18.503,0.91107,0.91121,1.50,2.25
2011.12.01 11:25:19.318,0.91108,0.91122,1.50,2.25
2011.12.01 11:25:19.568,0.9111,0.91124,1.50,2.25
2011.12.01 11:25:20.494,0.9111,0.91124,1.50,2.25
2011.12.01 11:25:22.105,0.9111,0.91124,1.50,2.25
2011.12.01 11:25:23.384,0.9111,0.91124,1.50,2.25
2011.12.01 11:25:24.175,0.9111,0.91124,1.50,2.25
2011.12.01 11:25:25.735,0.91112,0.91124,1.50,2.25
2011.12.01 11:25:26.115,0.91119,0.91131,1.50,1.13
2011.12.01 11:25:26.239,0.91119,0.91133,1.50,2.25
2011.12.01 11:25:26.372,0.91121,0.91133,1.50,1.13
2011.12.01 11:25:26.741,0.91119,0.91133,1.50,2.25
2011.12.01 11:25:27.236,0.91113,0.91127,2.25,2.25
2011.12.01 11:25:27.845,0.91114,0.91126,1.50,1.50
2011.12.01 11:25:28.326,0.91116,0.91128,1.50,2.25
2011.12.01 11:25:29.038,0.91113,0.91127,1.50,2.25
2011.12.01 11:25:29.896,0.91111,0.91123,3.00,1.50
2011.12.01 11:25:30.255,0.91111,0.91125,3.00,3.00
2011.12.01 11:25:30.375,0.91114,0.91125,1.50,1.50
2011.12.01 11:25:30.618,0.91112,0.91126,1.50,2.25
2011.12.01 11:25:34.312,0.91111,0.91123,1.50,1.50
2011.12.01 11:25:34.694,0.91104,0.91116,2.25,1.50
2011.12.01 11:25:35.065,0.91101,0.91114,1.88,1.50
2011.12.01 11:25:36.099,0.91102,0.91113,1.50,1.50
2011.12.01 11:25:36.239,0.91105,0.91117,1.50,1.50
2011.12.01 11:25:36.486,0.91103,0.91117,1.50,1.50
2011.12.01 11:25:36.967,0.91101,0.91115,2.25,1.50
2011.12.01 11:25:37.315,0.91104,0.91116,1.50,1.50
2011.12.01 11:25:37.915,0.91103,0.91117,1.50,2.25
2011.12.01 11:25:41.078,0.91105,0.91117,1.50,2.25
2011.12.01 11:25:41.983,0.91106,0.91118,3.00,2.25
2011.12.01 11:25:42.120,0.91107,0.91121,1.50,2.63
2011.12.01 11:25:43.316,0.91107,0.91121,1.50,2.63
2011.12.01 11:25:45.902,0.91105,0.91119,2.25,2.25
2011.12.01 11:25:46.273,0.91103,0.91114,1.50,1.50
2011.12.01 11:25:46.652,0.91097,0.91109,1.50,1.50
2011.12.01 11:25:46.902,0.91099,0.91111,1.50,1.50
2011.12.01 11:25:47.318,0.911,0.91114,1.50,2.25
2011.12.01 11:25:47.441,0.91099,0.91111,1.50,1.50
2011.12.01 11:25:48.413,0.911,0.91112,1.50,1.50
2011.12.01 11:25:48.777,0.91102,0.91114,1.50,2.25
2011.12.01 11:25:49.363,0.91102,0.91114,1.50,1.50
2011.12.01 11:25:50.226,0.91101,0.91114,2.25,1.50
2011.12.01 11:25:50.836,0.91102,0.91114,1.50,1.50
2011.12.01 11:25:52.278,0.911,0.91114,2.25,1.50
2011.12.01 11:25:52.404,0.91102,0.91114,1.50,1.50
2011.12.01 11:25:53.005,0.91101,0.91115,1.50,1.50
2011.12.01 11:25:54.785,0.91105,0.91117,1.50,3.00
2011.12.01 11:25:55.133,0.91107,0.91119,1.50,3.00
2011.12.01 11:25:55.739,0.91106,0.91118,1.50,2.25
2011.12.01 11:25:55.993,0.91106,0.9112,1.50,2.25
2011.12.01 11:25:56.124,0.9111,0.91123,1.50,2.25
2011.12.01 11:25:56.253,0.91113,0.91124,1.50,1.13
2011.12.01 11:25:56.503,0.91111,0.91123,1.50,1.50
2011.12.01 11:25:57.242,0.91111,0.91123,1.50,2.25
2011.12.01 11:25:57.379,0.91108,0.91122,3.00,2.25
2011.12.01 11:25:57.510,0.91108,0.91122,3.00,1.50
2011.12.01 11:25:57.644,0.91112,0.91126,1.50,1.88
2011.12.01 11:25:57.766,0.91111,0.91123,2.25,1.50
2011.12.01 11:25:57.889,0.91111,0.91125,2.25,1.88
2011.12.01 11:25:58.387,0.91107,0.91121,3.00,2.96
2011.12.01 11:25:58.746,0.91106,0.91118,2.25,1.50
2011.12.01 11:25:59.317,0.91106,0.91118,1.50,2.25
2011.12.01 11:26:00.516,0.91103,0.91117,2.25,1.50
2011.12.01 11:26:01.114,0.91105,0.91117,1.50,1.50
2011.12.01 11:26:17.000,0.91103,0.91117,2.25,1.50
2011.12.01 11:26:17.137,0.91101,0.91115,3.00,1.50
2011.12.01 11:26:17.526,0.91093,0.91105,2.25,2.03
2011.12.01 11:26:18.274,0.91089,0.91102,2.25,1.50
2011.12.01 11:26:18.874,0.91089,0.91103,2.25,2.25
2011.12.01 11:26:21.665,0.91092,0.91104,1.50,1.50
2011.12.01 11:26:22.244,0.91091,0.91103,1.50,1.50
2011.12.01 11:26:22.604,0.91093,0.91107,1.50,2.25
2011.12.01 11:26:24.915,0.91094,0.91108,1.50,3.00
2011.12.01 11:26:27.773,0.91094,0.91108,2.25,2.25
2011.12.01 11:26:28.019,0.91096,0.9111,1.50,2.25
2011.12.01 11:26:28.385,0.91098,0.91111,1.50,1.50
2011.12.01 11:26:32.276,0.91098,0.91111,1.50,1.50
2011.12.01 11:26:32.864,0.91097,0.91109,1.50,1.50
2011.12.01 11:26:33.240,0.91099,0.91111,1.50,3.00
2011.12.01 11:26:33.717,0.91097,0.91109,1.50,1.50
2011.12.01 11:26:38.694,0.91099,0.91111,1.50,2.25
2011.12.01 11:26:38.943,0.91096,0.9111,2.25,1.50
2011.12.01 11:26:39.076,0.91101,0.91113,1.50,1.50
2011.12.01 11:26:39.441,0.91103,0.91116,1.50,1.13
2011.12.01 11:26:39.993,0.91104,0.91116,1.50,2.63
2011.12.01 11:26:40.129,0.91102,0.91114,1.50,1.88
2011.12.01 11:26:40.735,0.91101,0.91113,1.50,1.50
2011.12.01 11:26:41.675,0.91101,0.91115,1.50,1.50
2011.12.01 11:26:43.292,0.91103,0.91117,1.50,2.63
2011.12.01 11:26:43.946,0.91104,0.91118,1.50,2.63
2011.12.01 11:26:44.317,0.91106,0.9112,1.50,1.88
2011.12.01 11:26:44.906,0.91107,0.91121,1.50,2.63
2011.12.01 11:26:45.378,0.91107,0.91121,1.50,2.63
2011.12.01 11:26:47.618,0.91103,0.91117,4.50,1.50
2011.12.01 11:26:48.220,0.91103,0.91117,2.25,1.50
2011.12.01 11:26:48.767,0.91104,0.91118,1.50,1.50
2011.12.01 11:26:49.125,0.91104,0.91116,1.50,1.50
2011.12.01 11:26:49.611,0.91107,0.91119,1.50,4.13
2011.12.01 11:26:50.540,0.91106,0.91118,1.50,1.50
2011.12.01 11:26:51.144,0.91106,0.9112,1.50,3.75
2011.12.01 11:26:52.673,0.91106,0.91118,1.50,1.50
2011.12.01 11:26:53.034,0.91104,0.91116,1.50,1.50
2011.12.01 11:26:53.593,0.91105,0.91117,1.50,1.50
2011.12.01 11:26:53.824,0.91103,0.91117,1.50,1.50
2011.12.01 11:26:54.843,0.911,0.91112,2.25,1.50
2011.12.01 11:26:55.452,0.91101,0.91115,1.50,2.25
2011.12.01 11:26:55.817,0.91098,0.91112,4.50,1.50
2011.12.01 11:26:56.665,0.91101,0.91113,1.50,1.50
2011.12.01 11:26:57.206,0.91099,0.91113,2.25,1.50
2011.12.01 11:26:57.336,0.91101,0.91115,1.50,1.50
2011.12.01 11:26:57.579,0.91103,0.91116,1.50,3.00
2011.12.01 11:26:58.187,0.91103,0.91117,1.50,2.25
2011.12.01 11:26:59.543,0.91105,0.91117,1.50,2.25
2011.12.01 11:27:00.569,0.91103,0.91117,1.50,1.50
2011.12.01 11:27:00.831,0.91106,0.91119,1.50,1.13
2011.12.01 11:27:01.197,0.9111,0.9112,1.50,1.13
2011.12.01 11:27:01.443,0.91108,0.9112,1.50,2.25
2011.12.01 11:27:01.570,0.91111,0.91123,1.50,2.63
2011.12.01 11:27:01.699,0.91111,0.91122,1.50,1.13
2011.12.01 11:27:05.403,0.91112,0.91124,1.50,2.63
2011.12.01 11:27:07.167,0.91111,0.91123,1.50,2.25
2011.12.01 11:27:07.286,0.91109,0.91121,1.50,1.50
2011.12.01 11:27:08.805,0.9111,0.91124,1.50,3.75
2011.12.01 11:27:09.048,0.91109,0.91121,3.00,1.50
2011.12.01 11:27:09.420,0.91105,0.91119,2.25,1.50
2011.12.01 11:27:09.908,0.91104,0.91116,2.25,1.50
2011.12.01 11:27:10.387,0.91104,0.91118,1.50,1.50
2011.12.01 11:27:11.346,0.91104,0.91116,1.50,1.50
2011.12.01 11:27:11.949,0.91105,0.91117,1.50,1.50
2011.12.01 11:27:12.682,0.91107,0.91119,1.50,1.50
2011.12.01 11:27:13.053,0.91111,0.9112,1.50,1.50
2011.12.01 11:27:13.186,0.91111,0.91123,1.50,2.25
2011.12.01 11:27:13.432,0.91111,0.91125,1.50,1.50
2011.12.01 11:27:14.358,0.9111,0.91124,1.50,1.50
2011.12.01 11:27:14.945,0.91111,0.91125,1.50,1.50
2011.12.01 11:27:15.552,0.9111,0.91124,2.25,2.25
2011.12.01 11:27:15.798,0.91106,0.91119,1.50,1.50
2011.12.01 11:27:16.495,0.91111,0.91125,1.50,3.75
2011.12.01 11:27:16.629,0.91114,0.91128,3.38,1.50
2011.12.01 11:27:17.120,0.91112,0.91126,3.00,1.50
2011.12.01 11:27:17.606,0.91114,0.91126,1.50,1.50
2011.12.01 11:27:18.447,0.91112,0.91126,2.25,1.50
2011.12.01 11:27:22.521,0.9111,0.91124,4.13,1.50
2011.12.01 11:27:22.885,0.91109,0.91122,1.50,1.50
2011.12.01 11:27:24.399,0.9111,0.91124,2.25,1.50
2011.12.01 11:27:27.773,0.91111,0.91125,2.25,1.50
2011.12.01 11:27:28.438,0.91111,0.91123,2.25,1.50
2011.12.01 11:27:29.141,0.91108,0.91122,3.00,1.50
2011.12.01 11:27:29.270,0.91108,0.9112,3.00,1.50
2011.12.01 11:27:29.641,0.91103,0.91117,2.25,1.50
2011.12.01 11:27:29.770,0.91102,0.91115,1.13,1.50
2011.12.01 11:27:30.426,0.91101,0.91115,1.88,1.50
2011.12.01 11:27:31.017,0.91101,0.91115,1.50,1.50
2011.12.01 11:27:31.523,0.91101,0.91113,1.50,1.50
2011.12.01 11:27:32.208,0.91101,0.91115,1.50,1.50
2011.12.01 11:27:32.575,0.91101,0.91113,1.50,1.50
2011.12.01 11:27:33.056,0.91099,0.91111,2.25,1.50
2011.12.01 11:27:33.708,0.911,0.91112,1.50,1.50
2011.12.01 11:27:35.994,0.91099,0.91111,2.25,1.50
2011.12.01 11:27:36.674,0.911,0.91112,1.50,1.50
2011.12.01 11:27:37.252,0.91098,0.91112,2.25,1.50
2011.12.01 11:27:38.242,0.91098,0.91112,3.00,1.50
2011.12.01 11:27:38.800,0.91099,0.91111,2.25,1.50
2011.12.01 11:27:38.930,0.91099,0.91111,1.50,1.50
2011.12.01 11:27:45.784,0.91099,0.91111,2.25,1.50
2011.12.01 11:27:46.343,0.91099,0.91111,2.25,1.50
2011.12.01 11:27:55.764,0.91096,0.9111,2.55,1.50
2011.12.01 11:27:56.010,0.91094,0.91107,3.00,1.50
2011.12.01 11:27:56.364,0.91093,0.91107,2.25,1.50
2011.12.01 11:27:56.952,0.91091,0.91105,2.25,1.50
2011.12.01 11:27:57.199,0.91091,0.91105,2.25,1.50
2011.12.01 11:27:59.287,0.91088,0.91102,2.55,1.50
2011.12.01 11:27:59.410,0.91088,0.91101,1.50,1.13
2011.12.01 11:28:00.076,0.91084,0.91098,1.95,1.50
2011.12.01 11:28:00.200,0.91082,0.91095,3.38,1.50
2011.12.01 11:28:00.872,0.91088,0.911,2.25,1.50
2011.12.01 11:28:01.239,0.91086,0.91098,2.25,1.50
2011.12.01 11:28:03.788,0.91084,0.91096,2.25,1.50
2011.12.01 11:28:04.789,0.91085,0.91097,2.25,1.50
2011.12.01 11:28:05.376,0.91085,0.91097,2.25,1.50
2011.12.01 11:28:07.422,0.91087,0.91099,1.50,3.00
2011.12.01 11:28:07.904,0.91086,0.91098,2.25,1.50
2011.12.01 11:28:08.459,0.91087,0.91099,1.50,1.50
2011.12.01 11:28:09.857,0.91089,0.91101,1.50,1.50
2011.12.01 11:28:11.358,0.91086,0.91098,1.50,1.50
2011.12.01 11:28:11.724,0.91086,0.911,2.25,1.50
2011.12.01 11:28:12.204,0.91088,0.91102,1.50,3.00
2011.12.01 11:28:12.568,0.91089,0.91101,2.25,1.50
2011.12.01 11:28:13.102,0.91089,0.91101,1.50,1.50
2011.12.01 11:28:13.706,0.9109,0.91102,1.50,1.50
2011.12.01 11:28:14.615,0.91088,0.91102,1.50,1.50
2011.12.01 11:28:15.419,0.91091,0.91103,1.50,1.50
2011.12.01 11:28:15.940,0.91092,0.91104,1.50,1.50
2011.12.01 11:28:16.423,0.91094,0.91106,1.50,2.25
2011.12.01 11:28:18.496,0.91092,0.91104,1.50,1.50
2011.12.01 11:28:19.197,0.91091,0.91103,1.50,2.63
2011.12.01 11:28:19.326,0.91089,0.91103,1.50,2.63
2011.12.01 11:28:19.449,0.91089,0.91101,1.50,1.50
2011.12.01 11:28:22.569,0.91087,0.91099,1.50,1.50
2011.12.01 11:28:22.821,0.91083,0.91097,2.25,1.50
