2011.06.17 16:00:00.452,0.84628,0.84643,2.04,1.88
2011.06.17 16:00:00.563,0.84628,0.84643,3.54,1.50
2011.06.17 16:00:01.113,0.8463,0.84643,1.29,1.50
2011.06.17 16:00:01.650,0.84633,0.84646,1.13,1.13
2011.06.17 16:00:01.769,0.84632,0.84646,1.13,1.13
2011.06.17 16:00:02.655,0.84632,0.84647,1.13,3.98
2011.06.17 16:00:02.774,0.84631,0.84647,1.88,4.73
2011.06.17 16:00:02.995,0.8463,0.84644,1.50,1.13
2011.06.17 16:00:03.114,0.8463,0.84644,1.50,1.88
2011.06.17 16:00:03.442,0.84626,0.84642,1.88,3.38
2011.06.17 16:00:03.993,0.84624,0.8464,1.88,1.13
2011.06.17 16:00:05.009,0.84624,0.84639,1.88,1.13
2011.06.17 16:00:05.893,0.84624,0.8464,1.88,1.13
2011.06.17 16:00:06.442,0.84626,0.84642,1.13,1.13
2011.06.17 16:00:14.184,0.84626,0.84642,1.13,1.88
2011.06.17 16:00:18.842,0.84625,0.84639,1.13,1.13
2011.06.17 16:00:19.174,0.84618,0.84635,1.88,1.13
2011.06.17 16:00:19.613,0.84613,0.8463,1.88,1.13
2011.06.17 16:00:19.834,0.84612,0.84628,1.13,1.13
2011.06.17 16:00:20.432,0.84613,0.84628,1.29,1.13
2011.06.17 16:00:23.623,0.84616,0.84631,1.13,4.13
2011.06.17 16:00:24.062,0.84618,0.84633,2.04,1.13
2011.06.17 16:00:25.712,0.84619,0.84634,1.29,2.63
2011.06.17 16:00:26.357,0.8462,0.84635,1.29,1.13
2011.06.17 16:00:26.481,0.84617,0.84633,1.13,1.13
2011.06.17 16:00:26.591,0.84617,0.84633,1.13,1.88
2011.06.17 16:00:27.582,0.84617,0.84629,1.13,1.35
2011.06.17 16:00:27.692,0.84617,0.84633,1.13,2.63
2011.06.17 16:00:30.003,0.84619,0.84633,1.13,2.25
2011.06.17 16:00:30.550,0.8462,0.84633,1.13,1.50
2011.06.17 16:00:31.246,0.8462,0.84634,1.13,2.63
2011.06.17 16:00:31.924,0.8462,0.84633,1.13,1.50
2011.06.17 16:00:32.254,0.84621,0.84634,2.63,1.09
2011.06.17 16:00:32.804,0.84622,0.84634,1.50,1.13
2011.06.17 16:00:33.352,0.84621,0.84635,1.88,1.13
2011.06.17 16:00:33.902,0.84623,0.84636,2.25,3.00
2011.06.17 16:00:34.122,0.84624,0.84636,1.50,2.63
2011.06.17 16:00:34.672,0.84624,0.84636,1.50,2.55
2011.06.17 16:00:35.003,0.8462,0.84636,1.29,3.38
2011.06.17 16:00:35.222,0.8462,0.84636,1.29,3.38
2011.06.17 16:00:35.774,0.84619,0.84634,1.13,1.50
2011.06.17 16:00:36.346,0.84619,0.84633,1.13,1.50
2011.06.17 16:00:36.574,0.84616,0.84632,1.13,10.05
2011.06.17 16:00:36.694,0.84614,0.84631,1.13,1.35
2011.06.17 16:00:36.805,0.84613,0.84628,1.88,2.63
2011.06.17 16:00:37.362,0.84614,0.84629,1.13,2.63
2011.06.17 16:00:44.113,0.84614,0.84628,1.13,2.63
2011.06.17 16:00:44.222,0.84611,0.84627,1.88,1.13
2011.06.17 16:00:44.552,0.84611,0.84626,1.13,1.13
2011.06.17 16:00:55.702,0.8461,0.84625,1.50,1.88
2011.06.17 16:00:55.813,0.8461,0.84627,1.50,3.90
2011.06.17 16:00:59.961,0.84609,0.84625,2.79,1.13
2011.06.17 16:01:01.177,0.84614,0.84627,1.35,2.25
2011.06.17 16:01:01.294,0.84619,0.8463,1.29,1.50
2011.06.17 16:01:01.524,0.84623,0.84635,1.29,1.88
2011.06.17 16:01:01.645,0.84619,0.84635,3.91,1.13
2011.06.17 16:01:02.215,0.84621,0.84637,1.29,1.35
2011.06.17 16:01:05.772,0.8462,0.84637,1.29,2.48
2011.06.17 16:01:06.432,0.84619,0.84636,2.04,1.13
2011.06.17 16:01:11.202,0.8462,0.84636,1.29,1.13
2011.06.17 16:01:12.302,0.8462,0.84637,1.29,2.48
2011.06.17 16:01:14.127,0.8462,0.84637,1.29,2.48
2011.06.17 16:01:14.902,0.8462,0.84636,1.29,1.13
2011.06.17 16:01:15.451,0.8462,0.84637,1.29,2.48
2011.06.17 16:01:15.674,0.8462,0.84637,1.29,2.48
2011.06.17 16:01:16.112,0.8462,0.84637,1.29,2.48
2011.06.17 16:01:16.665,0.8462,0.84637,1.66,1.73
2011.06.17 16:01:17.002,0.8462,0.84636,1.66,1.50
2011.06.17 16:01:19.782,0.84619,0.84635,2.41,1.13
2011.06.17 16:01:20.552,0.84619,0.84635,2.79,1.13
2011.06.17 16:01:21.101,0.84619,0.84637,3.54,3.60
2011.06.17 16:01:21.651,0.84619,0.84637,2.79,4.35
2011.06.17 16:01:23.740,0.84619,0.84636,3.54,1.50
2011.06.17 16:01:28.364,0.84619,0.84636,2.79,2.25
2011.06.17 16:01:28.913,0.84622,0.84636,1.50,1.13
2011.06.17 16:01:29.025,0.84622,0.84636,2.41,1.13
2011.06.17 16:01:29.362,0.84621,0.84638,1.50,3.00
2011.06.17 16:01:29.472,0.8462,0.84637,1.66,1.13
2011.06.17 16:01:36.421,0.84618,0.84635,3.54,1.13
2011.06.17 16:01:36.974,0.84618,0.84633,1.88,1.13
2011.06.17 16:01:37.555,0.84618,0.84632,1.13,1.88
2011.06.17 16:01:46.202,0.84618,0.84632,1.13,1.88
2011.06.17 16:01:46.752,0.84618,0.84633,1.13,1.13
2011.06.17 16:01:59.974,0.84619,0.84633,2.25,1.13
2011.06.17 16:02:03.894,0.84619,0.84634,1.50,1.13
2011.06.17 16:02:06.653,0.84619,0.84634,1.66,1.13
2011.06.17 16:02:06.765,0.84619,0.84634,1.29,1.13
2011.06.17 16:02:07.895,0.84619,0.84634,1.88,1.13
2011.06.17 16:02:10.222,0.84616,0.84632,1.13,1.13
2011.06.17 16:02:10.554,0.84613,0.84629,1.50,1.13
2011.06.17 16:02:10.663,0.84612,0.84629,1.13,1.13
2011.06.17 16:02:11.435,0.84612,0.84628,1.13,1.13
2011.06.17 16:02:11.995,0.84612,0.84629,1.13,2.63
2011.06.17 16:02:13.151,0.84611,0.84626,1.13,1.13
2011.06.17 16:02:13.483,0.84609,0.84625,1.13,1.50
2011.06.17 16:02:13.705,0.84607,0.84623,4.35,1.13
2011.06.17 16:02:14.262,0.84608,0.84622,1.13,1.88
2011.06.17 16:02:16.021,0.84608,0.84622,1.13,1.13
2011.06.17 16:02:16.573,0.84608,0.84622,1.13,1.13
2011.06.17 16:02:17.608,0.84608,0.84622,1.13,1.88
2011.06.17 16:02:18.163,0.84608,0.84621,1.13,1.13
2011.06.17 16:02:19.923,0.84608,0.84621,1.13,1.13
2011.06.17 16:02:20.802,0.84607,0.84621,1.13,1.13
2011.06.17 16:02:28.324,0.84606,0.84622,1.29,1.88
2011.06.17 16:02:36.172,0.84605,0.84623,1.66,2.25
2011.06.17 16:02:36.725,0.84609,0.84624,2.04,1.50
2011.06.17 16:02:37.146,0.84611,0.84626,1.29,1.88
2011.06.17 16:02:37.263,0.84613,0.84627,1.29,1.13
2011.06.17 16:02:37.812,0.84613,0.84629,2.04,3.00
2011.06.17 16:02:38.362,0.84613,0.84629,2.04,3.00
2011.06.17 16:02:38.917,0.84614,0.84629,1.66,3.00
2011.06.17 16:02:39.257,0.84614,0.8463,1.29,1.35
2011.06.17 16:02:39.597,0.84618,0.84633,1.29,1.88
2011.06.17 16:02:40.043,0.84619,0.84634,2.04,1.88
2011.06.17 16:02:44.382,0.84617,0.84634,1.29,3.38
2011.06.17 16:02:44.932,0.84616,0.84634,2.04,3.38
2011.06.17 16:02:45.482,0.84618,0.84634,1.29,3.38
2011.06.17 16:02:46.363,0.84621,0.84634,2.10,2.63
2011.06.17 16:02:48.456,0.84621,0.8463,2.10,2.25
2011.06.17 16:02:48.575,0.84616,0.84628,2.10,1.50
2011.06.17 16:02:49.132,0.84616,0.84628,2.10,3.00
2011.06.17 16:02:49.463,0.84616,0.84628,2.10,1.50
2011.06.17 16:02:51.332,0.84616,0.84628,2.85,1.50
2011.06.17 16:02:51.663,0.84616,0.84629,3.23,1.13
2011.06.17 16:02:51.885,0.84613,0.8463,4.14,1.13
2011.06.17 16:02:52.003,0.84613,0.84628,4.14,1.13
2011.06.17 16:02:52.554,0.84613,0.84629,5.64,1.13
2011.06.17 16:02:52.887,0.84619,0.84631,1.29,2.25
2011.06.17 16:02:56.795,0.84619,0.84632,1.29,1.50
2011.06.17 16:03:02.856,0.84626,0.84633,2.10,1.50
2011.06.17 16:03:03.330,0.84622,0.84634,1.35,1.50
2011.06.17 16:03:03.443,0.84621,0.84634,2.10,1.50
2011.06.17 16:03:05.203,0.84621,0.84633,2.10,1.13
2011.06.17 16:03:05.314,0.84619,0.84632,1.73,1.13
2011.06.17 16:03:05.861,0.84618,0.8463,2.10,1.13
2011.06.17 16:03:06.083,0.84614,0.8463,1.13,1.13
2011.06.17 16:03:06.194,0.84613,0.84629,1.73,1.13
2011.06.17 16:03:07.515,0.84614,0.84629,1.13,1.13
2011.06.17 16:03:08.073,0.84614,0.84628,1.13,1.13
2011.06.17 16:03:08.624,0.84613,0.84628,1.73,1.13
2011.06.17 16:03:09.186,0.84613,0.84628,1.73,1.88
2011.06.17 16:03:09.742,0.84613,0.84628,1.73,1.88
2011.06.17 16:03:13.485,0.84613,0.84627,1.89,1.13
2011.06.17 16:03:13.822,0.84613,0.84629,3.39,1.13
2011.06.17 16:03:14.593,0.84613,0.84629,3.39,1.13
2011.06.17 16:03:16.594,0.84615,0.84629,2.10,1.13
2011.06.17 16:03:17.033,0.84613,0.84627,3.23,1.13
2011.06.17 16:03:18.682,0.84613,0.84627,4.73,1.13
2011.06.17 16:03:18.903,0.84615,0.84629,1.29,1.13
2011.06.17 16:03:19.012,0.84615,0.84629,1.13,1.13
2011.06.17 16:03:19.892,0.84615,0.8463,1.29,1.88
2011.06.17 16:03:20.663,0.84615,0.8463,1.29,1.88
2011.06.17 16:03:20.885,0.84615,0.8463,1.29,1.88
2011.06.17 16:03:21.444,0.84615,0.8463,1.13,1.88
2011.06.17 16:03:22.242,0.84615,0.8463,2.04,1.88
2011.06.17 16:03:23.012,0.84615,0.8463,2.04,1.88
2011.06.17 16:03:23.564,0.84615,0.8463,2.04,1.88
2011.06.17 16:03:24.111,0.84616,0.8463,1.13,1.13
2011.06.17 16:03:25.763,0.84615,0.8463,2.04,1.88
2011.06.17 16:03:25.872,0.84615,0.8463,1.88,1.88
2011.06.17 16:03:28.102,0.84614,0.84629,1.29,1.13
2011.06.17 16:03:28.324,0.84615,0.8463,2.04,1.13
2011.06.17 16:03:28.872,0.84615,0.8463,2.04,1.13
2011.06.17 16:03:29.421,0.84615,0.8463,2.04,1.13
2011.06.17 16:03:29.991,0.84615,0.8463,2.04,1.13
2011.06.17 16:03:30.601,0.84615,0.8463,2.04,1.13
2011.06.17 16:03:31.151,0.84615,0.8463,2.04,1.13
2011.06.17 16:03:31.702,0.84615,0.8463,1.29,1.13
2011.06.17 16:03:32.251,0.84615,0.8463,1.29,1.13
2011.06.17 16:03:35.773,0.84614,0.84629,2.04,1.13
2011.06.17 16:03:36.434,0.84613,0.84628,3.60,1.13
2011.06.17 16:03:38.495,0.84613,0.84627,2.10,1.88
2011.06.17 16:03:40.372,0.84613,0.84626,2.10,1.88
2011.06.17 16:03:40.702,0.84613,0.84626,2.10,1.13
2011.06.17 16:03:42.462,0.84613,0.84626,2.10,1.88
2011.06.17 16:03:46.234,0.84613,0.84627,2.48,1.13
2011.06.17 16:03:46.469,0.84614,0.84629,2.04,2.63
2011.06.17 16:03:46.591,0.84614,0.84629,4.29,1.88
2011.06.17 16:03:47.142,0.84615,0.84629,1.29,1.13
2011.06.17 16:03:47.691,0.84615,0.84629,1.29,1.13
2011.06.17 16:03:48.241,0.84615,0.84629,1.29,1.13
2011.06.17 16:03:48.793,0.84615,0.84629,1.13,1.13
2011.06.17 16:03:49.674,0.84615,0.84629,1.29,1.13
2011.06.17 16:03:50.459,0.84615,0.84629,1.29,1.13
2011.06.17 16:03:51.122,0.84615,0.84629,1.29,1.13
2011.06.17 16:03:51.671,0.84615,0.84629,1.29,1.13
2011.06.17 16:03:52.222,0.84615,0.84629,1.29,1.13
2011.06.17 16:03:52.835,0.84615,0.84629,1.29,1.13
2011.06.17 16:03:53.611,0.84615,0.84629,1.29,1.13
2011.06.17 16:03:54.164,0.84614,0.84629,2.79,1.13
2011.06.17 16:03:57.046,0.84614,0.84629,1.13,1.13
2011.06.17 16:03:57.384,0.84613,0.84628,2.26,1.13
2011.06.17 16:03:57.937,0.84613,0.84628,3.23,1.88
2011.06.17 16:03:59.267,0.84613,0.84628,3.01,1.88
2011.06.17 16:04:00.373,0.84613,0.84628,3.39,1.88
2011.06.17 16:04:00.921,0.84614,0.84628,1.29,1.13
2011.06.17 16:04:03.013,0.84614,0.84628,2.04,1.13
2011.06.17 16:04:03.563,0.84615,0.8463,1.29,2.25
2011.06.17 16:04:03.895,0.84616,0.8463,2.64,2.25
2011.06.17 16:04:04.363,0.84616,0.84631,3.39,1.88
2011.06.17 16:04:04.912,0.84616,0.84631,3.39,1.88
2011.06.17 16:04:05.463,0.84616,0.84631,2.64,1.88
2011.06.17 16:04:05.792,0.84616,0.84631,3.39,1.88
2011.06.17 16:04:06.344,0.84616,0.84631,3.39,1.88
2011.06.17 16:04:06.894,0.84616,0.84631,3.39,1.88
2011.06.17 16:04:07.443,0.84616,0.84631,2.64,1.88
2011.06.17 16:04:07.551,0.84616,0.84631,2.64,1.88
2011.06.17 16:04:08.215,0.84616,0.84632,3.39,1.13
2011.06.17 16:04:08.912,0.84617,0.84631,1.66,1.13
2011.06.17 16:04:10.232,0.84617,0.84631,1.66,1.13
2011.06.17 16:04:10.782,0.84617,0.84631,1.66,1.13
2011.06.17 16:04:10.892,0.84616,0.84631,4.14,1.13
2011.06.17 16:04:11.772,0.84616,0.84631,3.39,1.13
2011.06.17 16:04:12.322,0.84616,0.84631,4.14,1.13
2011.06.17 16:04:13.862,0.84616,0.84631,3.39,1.13
2011.06.17 16:04:14.754,0.84616,0.84631,1.89,1.13
2011.06.17 16:04:16.663,0.84615,0.84631,1.14,1.13
2011.06.17 16:04:18.972,0.84615,0.84629,1.35,1.13
2011.06.17 16:04:22.469,0.84615,0.84631,1.89,1.13
2011.06.17 16:04:22.805,0.84616,0.84631,1.89,1.13
2011.06.17 16:04:23.374,0.84618,0.84633,1.89,1.50
2011.06.17 16:04:23.485,0.84618,0.84633,2.64,1.13
2011.06.17 16:04:23.716,0.84618,0.84632,2.64,1.13
2011.06.17 16:04:23.834,0.84617,0.84632,1.13,1.88
2011.06.17 16:04:24.383,0.84615,0.84631,1.73,1.88
2011.06.17 16:04:27.263,0.84615,0.84629,1.35,1.88
2011.06.17 16:04:27.485,0.84613,0.84628,1.73,1.13
2011.06.17 16:04:31.682,0.84611,0.84627,3.23,1.13
2011.06.17 16:04:31.904,0.84611,0.84624,1.35,1.13
2011.06.17 16:04:32.808,0.84609,0.84624,1.73,2.63
2011.06.17 16:04:34.023,0.84608,0.84623,2.48,1.88
2011.06.17 16:04:34.903,0.84608,0.84621,2.48,1.50
2011.06.17 16:04:36.662,0.84608,0.84622,1.73,1.88
2011.06.17 16:04:36.882,0.84608,0.84623,2.64,2.25
2011.06.17 16:04:36.993,0.84608,0.84623,3.39,2.25
2011.06.17 16:04:37.542,0.84608,0.84623,2.64,1.50
2011.06.17 16:04:38.202,0.84608,0.84623,2.64,1.50
2011.06.17 16:04:39.014,0.84608,0.84622,1.89,1.13
2011.06.17 16:04:39.783,0.84606,0.84621,1.89,1.50
2011.06.17 16:04:40.332,0.84606,0.84621,1.89,2.25
2011.06.17 16:04:42.643,0.84607,0.8462,1.35,1.50
2011.06.17 16:04:42.974,0.8461,0.8462,1.50,1.50
2011.06.17 16:04:43.522,0.8461,0.84622,1.50,1.88
2011.06.17 16:04:44.822,0.8461,0.84622,1.50,1.50
2011.06.17 16:04:45.264,0.84609,0.84621,1.13,1.13
2011.06.17 16:04:45.811,0.84609,0.84623,1.88,1.88
2011.06.17 16:04:49.393,0.84609,0.84621,1.13,1.13
2011.06.17 16:04:55.002,0.84608,0.84621,2.10,1.13
2011.06.17 16:04:55.774,0.84609,0.84621,1.73,1.13
2011.06.17 16:04:56.544,0.84609,0.8462,1.35,1.13
2011.06.17 16:04:56.763,0.84607,0.8462,1.13,1.13
2011.06.17 16:04:57.281,0.84609,0.84621,1.73,1.13
2011.06.17 16:05:00.142,0.84609,0.84621,1.35,1.13
2011.06.17 16:05:06.315,0.84609,0.84624,2.26,1.88
2011.06.17 16:05:11.588,0.84609,0.84623,1.51,1.13
2011.06.17 16:05:12.253,0.84609,0.84623,1.51,1.13
2011.06.17 16:05:13.242,0.84609,0.84623,1.51,1.13
2011.06.17 16:05:13.904,0.84609,0.84623,1.51,1.13
2011.06.17 16:05:14.453,0.84609,0.84623,1.51,1.13
2011.06.17 16:05:15.120,0.84609,0.84623,1.51,1.13
2011.06.17 16:05:15.672,0.84609,0.84623,3.01,1.13
2011.06.17 16:05:16.772,0.84609,0.84623,1.51,1.13
2011.06.17 16:05:23.152,0.84609,0.84623,3.01,1.13
2011.06.17 16:05:23.702,0.84609,0.84623,3.01,1.13
2011.06.17 16:05:24.692,0.84609,0.84623,3.01,1.13
2011.06.17 16:05:25.241,0.84609,0.84623,1.51,1.13
2011.06.17 16:05:25.981,0.84609,0.84623,1.51,1.13
2011.06.17 16:05:26.531,0.84609,0.84623,3.01,1.13
2011.06.17 16:05:27.966,0.84609,0.84622,1.35,1.13
2011.06.17 16:05:34.445,0.84609,0.84623,2.26,1.13
2011.06.17 16:05:38.493,0.84609,0.84621,1.35,1.50
2011.06.17 16:05:39.593,0.84609,0.84622,1.35,1.13
2011.06.17 16:05:45.004,0.84609,0.84622,1.35,2.63
2011.06.17 16:05:45.226,0.84609,0.8462,1.35,1.88
2011.06.17 16:05:45.346,0.84603,0.84618,2.48,1.13
2011.06.17 16:05:45.902,0.84602,0.84617,2.48,1.13
2011.06.17 16:05:47.343,0.84604,0.84619,1.13,1.88
2011.06.17 16:05:47.456,0.84606,0.8462,1.13,1.50
2011.06.17 16:05:48.014,0.84607,0.8462,1.13,1.13
2011.06.17 16:05:48.952,0.84605,0.8462,3.23,1.88
2011.06.17 16:05:49.394,0.84605,0.84617,2.10,1.13
2011.06.17 16:05:49.505,0.84602,0.84617,2.48,1.13
2011.06.17 16:05:52.817,0.84602,0.84616,1.73,2.63
2011.06.17 16:05:53.153,0.84599,0.84612,2.10,1.50
2011.06.17 16:05:53.773,0.84599,0.84613,1.13,1.13
2011.06.17 16:05:55.643,0.84599,0.84614,1.13,1.50
2011.06.17 16:05:56.192,0.84599,0.84614,1.13,3.38
2011.06.17 16:05:56.524,0.84597,0.84612,1.13,1.50
2011.06.17 16:05:57.402,0.84597,0.84612,1.13,1.88
2011.06.17 16:06:08.587,0.84598,0.84612,2.79,1.13
2011.06.17 16:06:08.949,0.84609,0.84621,1.13,1.13
2011.06.17 16:06:09.067,0.84609,0.84624,1.29,3.75
2011.06.17 16:06:09.623,0.84611,0.84626,1.13,2.25
2011.06.17 16:06:10.394,0.84609,0.84625,2.48,1.13
2011.06.17 16:06:11.266,0.84607,0.84621,1.13,1.13
2011.06.17 16:06:11.392,0.84606,0.84621,1.13,1.88
2011.06.17 16:06:12.383,0.84605,0.8462,1.13,1.13
2011.06.17 16:06:13.593,0.84605,0.8462,1.88,1.13
2011.06.17 16:06:14.363,0.84604,0.84621,2.04,1.13
2011.06.17 16:06:16.122,0.84603,0.84621,3.39,1.13
2011.06.17 16:06:16.726,0.84605,0.84622,1.88,1.88
2011.06.17 16:06:16.849,0.84609,0.84622,1.13,1.50
2011.06.17 16:06:17.077,0.84609,0.84625,1.89,1.50
2011.06.17 16:06:18.075,0.84609,0.84626,2.48,2.25
2011.06.17 16:06:18.635,0.84609,0.84625,2.48,1.13
2011.06.17 16:06:19.196,0.84609,0.84624,1.13,1.88
2011.06.17 16:06:24.363,0.84611,0.84626,1.13,3.00
2011.06.17 16:06:25.684,0.84611,0.84626,1.13,1.50
2011.06.17 16:06:27.334,0.84611,0.84627,1.13,1.88
2011.06.17 16:06:27.445,0.84611,0.84627,1.13,1.13
2011.06.17 16:06:29.214,0.84611,0.84627,1.29,1.13
2011.06.17 16:06:29.435,0.84612,0.84627,1.13,1.13
2011.06.17 16:06:29.774,0.84612,0.84626,1.88,1.13
2011.06.17 16:06:31.204,0.84611,0.84626,1.13,1.13
2011.06.17 16:06:32.088,0.8461,0.84625,1.88,1.13
2011.06.17 16:06:34.643,0.84609,0.84625,1.13,1.13
2011.06.17 16:06:35.192,0.84608,0.84625,1.73,1.88
2011.06.17 16:06:36.624,0.84611,0.84625,1.13,1.13
2011.06.17 16:06:38.267,0.84609,0.84624,1.13,1.13
2011.06.17 16:06:40.375,0.84609,0.84625,1.13,1.13
2011.06.17 16:06:40.813,0.84607,0.84621,1.13,1.13
2011.06.17 16:06:41.036,0.84605,0.8462,1.88,1.13
2011.06.17 16:06:42.365,0.84606,0.8462,1.73,1.13
2011.06.17 16:06:42.903,0.8461,0.84625,1.13,1.88
2011.06.17 16:06:44.335,0.8461,0.84625,1.13,1.88
2011.06.17 16:06:46.215,0.84609,0.84625,1.13,1.13
2011.06.17 16:06:46.764,0.84608,0.84625,1.13,1.88
2011.06.17 16:06:47.313,0.84607,0.84624,1.88,1.20
2011.06.17 16:06:47.754,0.84605,0.8462,1.88,1.13
2011.06.17 16:06:48.175,0.84605,0.84619,1.13,1.13
2011.06.17 16:06:48.406,0.84604,0.84619,1.88,1.20
2011.06.17 16:06:48.961,0.84605,0.84621,1.29,1.20
2011.06.17 16:06:49.512,0.84605,0.8462,1.13,1.20
2011.06.17 16:06:50.393,0.84604,0.8462,1.13,1.88
2011.06.17 16:06:50.942,0.84604,0.8462,1.13,1.13
2011.06.17 16:06:52.264,0.84604,0.84619,1.13,1.13
2011.06.17 16:06:52.812,0.84605,0.84619,1.13,1.13
2011.06.17 16:06:54.362,0.84605,0.84619,1.13,1.20
2011.06.17 16:06:56.452,0.84602,0.84617,1.88,1.20
2011.06.17 16:06:56.893,0.84602,0.84617,1.88,1.20
2011.06.17 16:06:58.824,0.84602,0.84618,1.13,1.95
2011.06.17 16:06:58.945,0.84602,0.84618,1.13,1.95
2011.06.17 16:06:59.502,0.84601,0.84616,1.50,1.95
2011.06.17 16:07:00.864,0.84602,0.84616,1.13,1.20
2011.06.17 16:07:04.304,0.84602,0.84616,1.13,1.13
2011.06.17 16:07:07.892,0.84599,0.84615,3.60,1.13
2011.06.17 16:07:08.222,0.84599,0.84616,4.89,1.88
2011.06.17 16:07:14.333,0.84601,0.84618,1.13,2.70
2011.06.17 16:07:18.184,0.84601,0.84616,1.13,1.95
2011.06.17 16:07:18.404,0.84598,0.84614,1.88,1.95
2011.06.17 16:07:18.524,0.84598,0.84614,1.13,1.95
2011.06.17 16:07:20.014,0.84598,0.84614,1.13,1.88
2011.06.17 16:07:25.138,0.84601,0.84618,2.04,2.25
2011.06.17 16:07:25.692,0.84602,0.84618,1.89,2.25
2011.06.17 16:07:27.893,0.84604,0.84619,1.13,3.38
2011.06.17 16:07:28.442,0.84604,0.8462,1.13,1.88
2011.06.17 16:07:29.873,0.84603,0.8462,1.88,2.63
2011.06.17 16:07:30.974,0.84603,0.84619,1.13,1.50
2011.06.17 16:07:31.302,0.84604,0.84619,1.13,1.88
2011.06.17 16:07:32.765,0.84601,0.84617,1.73,1.50
2011.06.17 16:07:33.324,0.846,0.84616,2.85,1.50
2011.06.17 16:07:33.872,0.84601,0.84615,1.13,1.13
2011.06.17 16:07:38.712,0.84599,0.84615,1.13,2.63
2011.06.17 16:07:39.359,0.84596,0.84613,1.88,1.50
2011.06.17 16:07:39.911,0.84596,0.84613,1.88,1.58
2011.06.17 16:07:42.114,0.84596,0.84613,1.88,1.58
2011.06.17 16:07:46.454,0.84595,0.84612,3.60,2.25
2011.06.17 16:07:47.003,0.84595,0.84611,2.85,1.50
2011.06.17 16:07:47.772,0.84595,0.84611,2.10,1.50
2011.06.17 16:07:48.102,0.84595,0.84611,2.10,1.50
2011.06.17 16:07:48.323,0.84595,0.84611,2.10,1.50
2011.06.17 16:07:48.653,0.84595,0.84611,2.10,2.25
2011.06.17 16:07:49.312,0.84595,0.84611,2.10,2.25
2011.06.17 16:07:49.752,0.84595,0.84611,1.35,3.00
2011.06.17 16:07:49.974,0.84595,0.84611,1.35,3.00
2011.06.17 16:07:50.522,0.84595,0.84611,2.10,3.00
2011.06.17 16:07:51.185,0.84595,0.84611,2.10,2.25
2011.06.17 16:07:51.529,0.84596,0.84609,1.13,1.13
2011.06.17 16:07:52.106,0.84593,0.84609,1.50,2.03
2011.06.17 16:07:52.223,0.84594,0.84609,1.13,2.86
2011.06.17 16:07:52.884,0.84594,0.84609,1.13,2.03
2011.06.17 16:07:52.994,0.84595,0.8461,1.13,1.88
2011.06.17 16:07:53.324,0.84596,0.84611,1.13,2.25
2011.06.17 16:07:54.423,0.84597,0.84613,1.13,1.13
2011.06.17 16:07:56.622,0.84597,0.84613,1.13,1.13
2011.06.17 16:07:57.172,0.84599,0.84613,1.13,1.13
2011.06.17 16:07:58.825,0.84599,0.84613,1.13,1.13
2011.06.17 16:07:59.055,0.84597,0.84613,1.88,1.13
2011.06.17 16:07:59.801,0.84603,0.84616,1.13,1.50
2011.06.17 16:07:59.922,0.84604,0.84619,1.13,1.88
2011.06.17 16:08:00.255,0.84605,0.84619,1.13,1.88
2011.06.17 16:08:00.814,0.84605,0.84621,1.13,3.00
2011.06.17 16:08:02.464,0.84604,0.84621,1.13,3.00
2011.06.17 16:08:02.573,0.84604,0.84619,1.88,1.13
2011.06.17 16:08:04.223,0.84605,0.8462,1.13,1.13
2011.06.17 16:08:06.223,0.84604,0.84619,1.13,1.13
2011.06.17 16:08:06.333,0.84604,0.84619,1.13,1.13
2011.06.17 16:08:06.443,0.84605,0.8462,1.13,1.13
2011.06.17 16:08:08.424,0.84605,0.84619,1.88,1.88
2011.06.17 16:08:08.973,0.84606,0.84621,1.88,2.63
2011.06.17 16:08:12.273,0.84604,0.84621,1.13,1.88
2011.06.17 16:08:15.942,0.84604,0.84619,2.63,1.13
2011.06.17 16:08:16.493,0.84605,0.8462,1.88,1.13
2011.06.17 16:08:18.142,0.84604,0.8462,1.13,1.88
2011.06.17 16:08:18.694,0.84606,0.8462,1.13,1.88
2011.06.17 16:08:20.594,0.84604,0.84619,1.13,1.88
2011.06.17 16:08:20.923,0.84605,0.84619,1.13,1.88
2011.06.17 16:08:21.583,0.84605,0.8462,2.63,1.13
2011.06.17 16:08:22.358,0.84607,0.84621,1.13,1.88
2011.06.17 16:08:22.695,0.8461,0.84623,1.13,1.88
2011.06.17 16:08:23.252,0.8461,0.84624,1.88,1.13
2011.06.17 16:08:33.204,0.84608,0.84623,1.73,1.13
2011.06.17 16:08:33.534,0.84604,0.84618,1.88,1.13
2011.06.17 16:08:34.082,0.84605,0.8462,1.88,1.13
2011.06.17 16:08:34.413,0.84605,0.8462,1.88,1.13
2011.06.17 16:08:36.504,0.84604,0.84619,1.88,1.13
2011.06.17 16:08:38.083,0.84603,0.84619,1.13,1.13
2011.06.17 16:08:38.303,0.84603,0.84619,1.13,1.88
2011.06.17 16:08:39.294,0.84603,0.84616,1.13,1.50
2011.06.17 16:08:39.954,0.84604,0.84616,1.13,1.50
2011.06.17 16:08:44.524,0.84602,0.84615,1.13,1.50
2011.06.17 16:08:44.745,0.84601,0.84615,1.13,1.88
2011.06.17 16:08:45.964,0.84601,0.84614,1.13,1.20
2011.06.17 16:08:46.513,0.84601,0.84614,1.13,1.13
2011.06.17 16:08:47.062,0.84601,0.84613,1.13,1.13
2011.06.17 16:08:51.632,0.846,0.84612,1.13,1.50
2011.06.17 16:08:52.293,0.846,0.84613,1.13,1.88
2011.06.17 16:08:52.516,0.846,0.84612,1.13,2.85
2011.06.17 16:08:52.750,0.84593,0.84607,1.13,1.13
2011.06.17 16:08:58.503,0.84593,0.84606,1.13,2.25
2011.06.17 16:08:59.604,0.8459,0.84602,1.13,2.25
2011.06.17 16:08:59.720,0.84589,0.84601,1.50,4.35
2011.06.17 16:08:59.836,0.84586,0.84595,1.50,1.35
2011.06.17 16:09:00.072,0.84575,0.84587,1.50,2.37
2011.06.17 16:09:00.185,0.84574,0.84587,2.10,2.37
2011.06.17 16:09:00.733,0.84572,0.84587,1.35,1.50
2011.06.17 16:09:01.613,0.84574,0.84589,1.35,1.50
2011.06.17 16:09:03.811,0.84571,0.84587,3.98,1.13
2011.06.17 16:09:04.473,0.84572,0.84589,3.23,3.38
2011.06.17 16:09:06.013,0.84573,0.84589,1.73,1.88
2011.06.17 16:09:07.882,0.84573,0.84588,1.73,1.13
2011.06.17 16:09:08.543,0.84574,0.84589,1.73,2.63
2011.06.17 16:09:10.295,0.84574,0.84584,1.35,1.13
2011.06.17 16:09:10.635,0.84576,0.84589,1.35,1.50
2011.06.17 16:09:10.863,0.84577,0.84592,1.73,2.63
2011.06.17 16:09:11.306,0.84575,0.84591,2.64,1.13
2011.06.17 16:09:12.416,0.84574,0.8459,1.73,2.63
2011.06.17 16:09:12.756,0.84573,0.84589,1.50,4.50
2011.06.17 16:09:13.313,0.84571,0.84586,1.35,1.13
2011.06.17 16:09:15.540,0.84571,0.84585,1.35,1.13
2011.06.17 16:09:16.107,0.84573,0.84587,1.13,1.13
2011.06.17 16:09:16.665,0.84575,0.84589,1.13,1.13
2011.06.17 16:09:17.323,0.84574,0.84588,1.73,1.88
2011.06.17 16:09:17.542,0.84575,0.8459,1.13,1.13
2011.06.17 16:09:18.534,0.84575,0.84588,1.13,1.13
2011.06.17 16:09:18.864,0.84569,0.84581,3.39,1.13
2011.06.17 16:09:19.087,0.84568,0.84579,1.13,1.50
2011.06.17 16:09:19.315,0.84565,0.84579,1.13,1.13
2011.06.17 16:09:19.426,0.84565,0.84581,1.50,1.50
2011.06.17 16:09:21.172,0.84569,0.84583,1.13,1.88
2011.06.17 16:09:21.502,0.84568,0.84582,1.13,1.13
2011.06.17 16:09:24.255,0.8457,0.84584,1.13,3.00
2011.06.17 16:09:24.595,0.84572,0.84585,1.13,1.50
2011.06.17 16:09:24.936,0.84572,0.84587,1.29,3.00
2011.06.17 16:09:25.391,0.84574,0.84588,1.88,1.13
2011.06.17 16:09:27.165,0.84578,0.8459,1.13,1.50
2011.06.17 16:09:28.493,0.84578,0.84593,1.13,1.88
2011.06.17 16:09:29.483,0.84576,0.84592,1.29,2.63
2011.06.17 16:09:29.924,0.84578,0.84593,1.13,1.13
2011.06.17 16:09:31.890,0.84578,0.84592,1.13,1.88
2011.06.17 16:09:32.443,0.84578,0.84592,1.88,1.13
2011.06.17 16:09:33.434,0.84578,0.84592,1.88,3.38
2011.06.17 16:09:33.984,0.84578,0.84592,1.13,1.13
2011.06.17 16:09:34.754,0.84577,0.84592,1.13,1.88
2011.06.17 16:09:35.086,0.84574,0.8459,1.88,2.63
2011.06.17 16:09:35.882,0.84573,0.84588,1.13,1.13
2011.06.17 16:09:39.615,0.84572,0.84587,1.13,2.25
2011.06.17 16:09:42.346,0.84574,0.84588,1.13,1.13
2011.06.17 16:09:42.683,0.84575,0.84589,1.13,1.13
2011.06.17 16:09:47.192,0.84575,0.8459,1.13,1.14
2011.06.17 16:09:47.524,0.84573,0.84588,1.50,1.17
2011.06.17 16:09:47.744,0.84573,0.84586,1.50,1.02
2011.06.17 16:09:48.293,0.84571,0.84586,1.88,1.76
2011.06.17 16:09:56.743,0.84571,0.84583,1.13,1.20
2011.06.17 16:09:57.073,0.84563,0.84576,1.88,1.13
2011.06.17 16:09:58.666,0.8456,0.84574,3.38,1.13
2011.06.17 16:09:59.222,0.84559,0.84575,1.50,2.10
2011.06.17 16:10:00.876,0.84558,0.84573,1.50,1.13
2011.06.17 16:10:03.301,0.84558,0.84575,1.50,3.60
2011.06.17 16:10:05.097,0.8456,0.84575,1.50,2.85
2011.06.17 16:10:05.218,0.84563,0.84576,1.88,1.13
2011.06.17 16:10:05.336,0.84567,0.84577,1.13,1.88
2011.06.17 16:10:05.454,0.84567,0.84581,1.13,1.50
2011.06.17 16:10:05.676,0.8457,0.84584,1.13,2.25
2011.06.17 16:10:05.903,0.8457,0.84584,1.13,2.25
2011.06.17 16:10:10.108,0.84572,0.84586,1.13,1.50
2011.06.17 16:10:10.444,0.84574,0.84589,1.88,2.25
2011.06.17 16:10:10.665,0.84574,0.84589,1.88,2.25
2011.06.17 16:10:11.436,0.84574,0.84589,1.88,1.13
2011.06.17 16:10:12.212,0.84574,0.84589,1.88,1.88
2011.06.17 16:10:12.763,0.84574,0.84588,1.50,1.13
2011.06.17 16:10:14.303,0.84574,0.84587,1.50,1.13
2011.06.17 16:10:14.742,0.84572,0.84586,1.13,1.13
2011.06.17 16:10:16.285,0.84571,0.84584,1.50,1.13
2011.06.17 16:10:16.833,0.84571,0.84585,1.50,1.20
2011.06.17 16:10:16.942,0.84571,0.84585,1.50,1.95
2011.06.17 16:10:17.274,0.8457,0.8458,1.50,1.50
2011.06.17 16:10:17.385,0.84566,0.84583,2.63,2.63
2011.06.17 16:10:17.507,0.84567,0.84583,1.88,1.88
2011.06.17 16:10:18.187,0.84569,0.84585,1.88,1.73
2011.06.17 16:10:18.300,0.84571,0.84585,1.13,1.13
2011.06.17 16:10:19.756,0.84572,0.84586,1.88,1.20
2011.06.17 16:10:20.204,0.84572,0.84586,1.88,1.20
2011.06.17 16:10:20.753,0.84572,0.84586,1.88,1.20
2011.06.17 16:10:21.413,0.84572,0.84586,1.88,1.20
2011.06.17 16:10:21.963,0.84572,0.84586,1.88,1.20
2011.06.17 16:10:24.394,0.84572,0.84586,1.88,1.13
2011.06.17 16:10:24.613,0.84572,0.84587,1.88,1.20
2011.06.17 16:10:25.273,0.84572,0.84587,1.13,1.20
2011.06.17 16:10:25.606,0.84572,0.84584,1.50,1.13
2011.06.17 16:10:25.834,0.8457,0.84584,1.50,1.13
2011.06.17 16:10:26.387,0.84568,0.84581,1.88,1.88
2011.06.17 16:10:26.727,0.84565,0.84578,2.25,1.13
2011.06.17 16:10:26.846,0.84564,0.84576,1.13,1.13
2011.06.17 16:10:26.965,0.84563,0.84575,1.50,1.13
2011.06.17 16:10:27.193,0.84561,0.84575,1.13,1.88
2011.06.17 16:10:27.742,0.84561,0.84573,1.13,1.13
2011.06.17 16:10:29.905,0.84558,0.84569,1.73,1.13
2011.06.17 16:10:30.452,0.84558,0.84573,1.50,6.75
2011.06.17 16:10:31.334,0.84558,0.84573,1.50,1.88
2011.06.17 16:10:31.557,0.84559,0.84574,1.50,1.73
2011.06.17 16:10:31.675,0.8456,0.84575,2.25,1.13
2011.06.17 16:10:32.013,0.84563,0.84578,1.50,2.25
2011.06.17 16:10:33.486,0.84563,0.84578,1.50,2.25
2011.06.17 16:10:34.264,0.84564,0.8458,1.13,2.25
2011.06.17 16:10:35.034,0.84563,0.84577,1.13,1.13
2011.06.17 16:10:35.805,0.84563,0.84578,1.13,1.13
2011.06.17 16:10:36.354,0.84563,0.84578,1.13,1.13
2011.06.17 16:11:02.224,0.84567,0.8458,1.13,2.25
2011.06.17 16:11:02.445,0.84568,0.84582,2.63,1.50
2011.06.17 16:11:02.567,0.84568,0.84578,1.50,1.13
2011.06.17 16:11:02.795,0.84563,0.84577,1.50,1.35
2011.06.17 16:11:02.903,0.84563,0.84577,1.50,1.35
2011.06.17 16:11:03.122,0.8456,0.84575,2.41,1.13
2011.06.17 16:11:04.446,0.84563,0.84576,1.13,1.35
2011.06.17 16:11:04.558,0.84566,0.84581,1.13,1.13
2011.06.17 16:11:05.886,0.84566,0.84577,1.50,2.48
2011.06.17 16:11:06.010,0.84561,0.84577,2.25,1.88
2011.06.17 16:11:06.233,0.84561,0.84577,2.25,2.63
2011.06.17 16:11:06.343,0.84561,0.84577,2.25,3.00
2011.06.17 16:11:14.843,0.84562,0.84577,1.88,3.75
2011.06.17 16:11:15.285,0.84569,0.84584,1.13,2.63
2011.06.17 16:11:15.833,0.84571,0.84584,1.13,1.88
2011.06.17 16:11:20.072,0.84569,0.84583,1.13,1.13
2011.06.17 16:11:22.013,0.84571,0.84584,1.50,1.50
2011.06.17 16:11:34.045,0.8457,0.84583,1.13,1.13
2011.06.17 16:11:34.593,0.84569,0.84583,1.13,1.13
2011.06.17 16:11:38.226,0.8457,0.84584,1.13,1.13
2011.06.17 16:11:38.976,0.84569,0.84583,1.88,1.13
2011.06.17 16:11:39.532,0.84569,0.84583,1.88,1.13
2011.06.17 16:11:43.494,0.84569,0.84583,1.13,2.10
2011.06.17 16:11:43.826,0.84561,0.84577,2.25,6.23
2011.06.17 16:11:45.374,0.8456,0.84574,1.88,1.13
2011.06.17 16:11:54.184,0.84563,0.84575,1.13,1.35
2011.06.17 16:11:54.514,0.84565,0.8458,1.13,2.63
2011.06.17 16:11:55.836,0.84564,0.84578,1.13,1.13
2011.06.17 16:11:56.392,0.84563,0.84576,1.13,1.13
2011.06.17 16:11:56.872,0.84563,0.84579,1.50,2.25
2011.06.17 16:11:57.204,0.84569,0.84581,1.13,2.25
2011.06.17 16:11:57.753,0.84569,0.84581,1.13,1.50
2011.06.17 16:11:59.195,0.8457,0.84581,1.13,1.50
2011.06.17 16:12:01.335,0.84566,0.8458,1.88,1.13
2011.06.17 16:12:01.445,0.84566,0.8458,1.88,1.13
2011.06.17 16:12:07.893,0.84566,0.84581,1.13,1.88
2011.06.17 16:12:08.993,0.84566,0.84581,1.13,1.13
2011.06.17 16:12:10.097,0.84564,0.8458,1.88,1.35
2011.06.17 16:12:10.215,0.84563,0.84577,1.66,2.47
2011.06.17 16:12:10.326,0.84562,0.84577,2.25,2.48
2011.06.17 16:12:10.444,0.84561,0.84577,2.25,1.88
2011.06.17 16:12:12.203,0.84562,0.84577,1.50,2.25
2011.06.17 16:12:12.537,0.84567,0.84579,1.13,1.50
2011.06.17 16:12:12.764,0.84567,0.84581,1.88,1.13
2011.06.17 16:12:14.803,0.84567,0.84583,1.88,1.73
2011.06.17 16:12:17.003,0.84567,0.84583,1.88,1.73
2011.06.17 16:12:17.553,0.84567,0.84583,1.88,1.13
2011.06.17 16:12:30.072,0.84567,0.84583,1.88,1.13
2011.06.17 16:12:37.154,0.84564,0.84577,2.10,2.63
2011.06.17 16:12:37.380,0.8456,0.84572,1.50,1.88
2011.06.17 16:12:37.608,0.84558,0.84573,1.13,1.88
2011.06.17 16:12:38.385,0.84558,0.84573,1.13,1.50
2011.06.17 16:12:39.206,0.8456,0.84573,1.13,1.13
2011.06.17 16:12:39.984,0.84556,0.84573,2.64,2.25
2011.06.17 16:12:40.097,0.84554,0.84569,3.31,1.88
2011.06.17 16:12:40.325,0.84553,0.84567,1.28,1.88
2011.06.17 16:12:41.107,0.8455,0.84564,1.50,1.13
2011.06.17 16:12:41.663,0.84551,0.84565,1.13,1.13
2011.06.17 16:12:42.655,0.84549,0.84564,2.41,1.88
2011.06.17 16:12:42.875,0.84549,0.84564,2.04,2.63
2011.06.17 16:12:44.154,0.84551,0.84561,1.50,1.13
2011.06.17 16:12:44.488,0.84546,0.84562,2.63,1.73
2011.06.17 16:12:44.603,0.84546,0.84562,1.88,1.73
2011.06.17 16:12:45.153,0.84546,0.84562,1.88,1.73
2011.06.17 16:12:45.703,0.84547,0.84562,1.13,1.13
2011.06.17 16:12:46.474,0.84548,0.84562,1.13,1.13
2011.06.17 16:12:46.584,0.84551,0.84563,1.13,1.13
2011.06.17 16:12:47.134,0.84553,0.84567,2.25,2.25
2011.06.17 16:12:47.356,0.84553,0.84565,1.50,1.13
2011.06.17 16:12:47.577,0.84551,0.84565,1.13,1.13
2011.06.17 16:12:48.154,0.84551,0.84565,1.13,3.38
2011.06.17 16:12:48.703,0.8455,0.84564,1.13,2.63
2011.06.17 16:12:56.212,0.84549,0.84561,1.13,1.13
2011.06.17 16:13:02.597,0.84549,0.84563,2.41,1.88
2011.06.17 16:13:02.938,0.84552,0.84566,1.13,1.13
2011.06.17 16:13:12.152,0.84549,0.84565,1.13,1.13
2011.06.17 16:13:12.374,0.84549,0.84566,1.88,2.63
2011.06.17 16:13:13.253,0.8455,0.84565,1.13,1.88
2011.06.17 16:13:22.093,0.8455,0.84565,1.13,1.88
2011.06.17 16:13:28.194,0.84549,0.84564,1.88,1.50
2011.06.17 16:13:29.077,0.84547,0.84564,2.10,1.50
2011.06.17 16:13:30.514,0.84548,0.84565,2.48,1.88
2011.06.17 16:13:31.469,0.84548,0.84565,1.88,2.63
2011.06.17 16:13:33.895,0.84548,0.84563,1.13,1.50
2011.06.17 16:13:38.656,0.84547,0.84561,1.13,1.13
2011.06.17 16:13:39.215,0.84545,0.8456,1.13,1.88
2011.06.17 16:13:39.765,0.84542,0.84558,1.50,1.13
2011.06.17 16:13:41.747,0.8454,0.84555,1.29,2.63
2011.06.17 16:13:42.304,0.84539,0.84554,2.04,1.13
2011.06.17 16:13:42.637,0.84536,0.84546,1.50,2.10
2011.06.17 16:13:42.755,0.84531,0.84546,5.25,1.88
2011.06.17 16:13:43.210,0.84533,0.84547,1.13,2.63
2011.06.17 16:13:43.796,0.84531,0.84546,1.13,1.13
2011.06.17 16:13:45.565,0.84531,0.84547,1.13,1.50
2011.06.17 16:13:46.003,0.84532,0.84548,1.13,1.13
2011.06.17 16:13:47.214,0.84532,0.84548,1.13,1.13
2011.06.17 16:13:48.204,0.84534,0.84549,1.88,1.88
2011.06.17 16:13:53.534,0.84536,0.84551,1.13,1.13
2011.06.17 16:13:59.423,0.84536,0.84552,1.13,1.88
2011.06.17 16:13:59.757,0.84538,0.84555,3.39,1.13
2011.06.17 16:14:00.096,0.84542,0.84556,1.13,1.50
2011.06.17 16:14:00.424,0.84544,0.84559,1.13,4.35
2011.06.17 16:14:00.534,0.84544,0.84559,1.88,1.88
2011.06.17 16:14:03.985,0.84546,0.84561,1.88,1.88
2011.06.17 16:14:04.096,0.84546,0.84561,1.88,1.50
2011.06.17 16:14:22.634,0.84548,0.84562,1.13,1.88
2011.06.17 16:14:25.324,0.84546,0.8456,1.50,1.13
2011.06.17 16:14:25.655,0.84543,0.84557,1.50,1.13
2011.06.17 16:14:26.203,0.84542,0.84558,1.13,2.63
2011.06.17 16:14:32.024,0.84542,0.84558,1.13,1.13
2011.06.17 16:14:55.192,0.84544,0.84559,1.13,1.50
2011.06.17 16:14:55.308,0.84544,0.8456,1.88,1.50
2011.06.17 16:14:57.514,0.84546,0.84561,1.13,1.88
2011.06.17 16:14:57.624,0.84546,0.84561,1.13,1.88
2011.06.17 16:14:59.494,0.84545,0.84561,1.13,1.88
2011.06.17 16:14:59.715,0.84546,0.84562,1.88,1.88
2011.06.17 16:15:03.054,0.84548,0.84563,1.13,1.13
2011.06.17 16:15:05.037,0.84547,0.84563,1.13,1.13
2011.06.17 16:15:05.593,0.84546,0.84561,1.13,1.13
2011.06.17 16:15:06.365,0.84546,0.8456,1.13,1.13
2011.06.17 16:15:09.204,0.84545,0.8456,2.63,1.13
2011.06.17 16:15:12.286,0.84545,0.84556,1.13,2.25
2011.06.17 16:15:12.620,0.84535,0.84549,1.13,1.88
2011.06.17 16:15:12.737,0.84534,0.84549,1.13,1.13
2011.06.17 16:15:13.326,0.84533,0.84549,1.13,1.88
2011.06.17 16:15:14.983,0.84533,0.84549,1.13,2.63
2011.06.17 16:15:15.534,0.84533,0.84549,1.13,2.63
2011.06.17 16:15:15.864,0.84533,0.84547,1.13,1.13
2011.06.17 16:15:16.194,0.84529,0.84545,1.13,1.13
2011.06.17 16:15:18.176,0.84527,0.84543,1.88,1.13
2011.06.17 16:15:18.733,0.84527,0.84542,1.13,1.88
2011.06.17 16:15:23.534,0.84527,0.84541,1.13,1.50
2011.06.17 16:15:23.644,0.84525,0.8454,1.88,1.88
2011.06.17 16:15:42.175,0.84527,0.84541,2.63,3.23
2011.06.17 16:15:42.724,0.84527,0.84541,1.88,1.88
2011.06.17 16:15:43.820,0.84527,0.84541,1.50,1.88
2011.06.17 16:15:44.058,0.84532,0.84545,1.13,1.13
2011.06.17 16:15:44.614,0.84532,0.84545,1.13,1.13
2011.06.17 16:15:45.165,0.84531,0.84543,1.13,1.13
2011.06.17 16:15:45.507,0.84525,0.84536,1.13,1.50
2011.06.17 16:15:45.626,0.84523,0.84538,1.35,2.25
2011.06.17 16:15:45.745,0.84522,0.84537,2.85,1.50
2011.06.17 16:15:46.515,0.84522,0.84536,1.50,1.50
2011.06.17 16:15:47.173,0.84521,0.84536,1.35,3.00
2011.06.17 16:15:47.854,0.84521,0.84536,1.73,3.38
2011.06.17 16:15:47.965,0.84521,0.84536,1.89,1.88
2011.06.17 16:15:48.575,0.84521,0.84536,2.48,1.13
2011.06.17 16:15:50.224,0.84521,0.84535,1.73,1.88
2011.06.17 16:15:50.558,0.84521,0.84528,1.35,2.85
2011.06.17 16:15:50.898,0.84509,0.84525,1.50,1.50
2011.06.17 16:15:51.018,0.8451,0.84524,1.73,1.13
2011.06.17 16:15:51.357,0.84507,0.84519,1.50,1.13
2011.06.17 16:15:51.693,0.84507,0.84521,1.50,1.13
2011.06.17 16:15:54.334,0.84506,0.84516,1.35,1.47
2011.06.17 16:15:54.666,0.84498,0.84514,1.74,1.47
2011.06.17 16:15:54.995,0.84503,0.84517,1.95,1.47
2011.06.17 16:15:55.459,0.84505,0.84519,1.29,1.50
2011.06.17 16:15:56.233,0.84504,0.84519,1.13,1.50
2011.06.17 16:15:56.784,0.84504,0.84519,1.88,1.50
2011.06.17 16:15:56.893,0.84504,0.84519,1.88,2.22
2011.06.17 16:15:57.116,0.84504,0.84517,1.50,1.47
2011.06.17 16:15:57.675,0.84504,0.84517,1.13,1.47
2011.06.17 16:15:58.774,0.84503,0.84516,1.88,7.08
2011.06.17 16:15:58.884,0.84503,0.84514,1.50,2.07
2011.06.17 16:15:59.215,0.84493,0.8451,1.29,1.47
2011.06.17 16:15:59.325,0.84493,0.8451,1.13,3.00
2011.06.17 16:15:59.655,0.84493,0.84507,1.13,2.22
2011.06.17 16:15:59.984,0.84492,0.84505,1.13,1.47
2011.06.17 16:16:00.315,0.84488,0.84502,1.88,1.62
2011.06.17 16:16:00.425,0.84488,0.845,1.13,1.47
2011.06.17 16:16:00.866,0.84487,0.84495,1.50,1.47
2011.06.17 16:16:01.294,0.84485,0.84498,2.25,1.47
2011.06.17 16:16:01.867,0.84491,0.84504,1.50,1.47
2011.06.17 16:16:02.537,0.84492,0.84506,1.13,2.22
2011.06.17 16:16:03.206,0.84489,0.845,1.13,1.13
2011.06.17 16:16:03.329,0.84488,0.84501,1.13,1.50
2011.06.17 16:16:03.448,0.84485,0.845,1.50,1.13
2011.06.17 16:16:03.786,0.84488,0.84502,1.13,3.98
2011.06.17 16:16:04.343,0.84489,0.84502,1.13,1.13
2011.06.17 16:16:05.670,0.84488,0.84502,1.13,1.13
2011.06.17 16:16:07.328,0.84487,0.84503,1.88,1.50
2011.06.17 16:16:07.883,0.84485,0.84503,1.13,4.35
2011.06.17 16:16:08.985,0.84485,0.84501,1.35,1.13
2011.06.17 16:16:09.206,0.84485,0.84501,1.73,1.13
2011.06.17 16:16:09.901,0.84484,0.84501,1.13,2.25
2011.06.17 16:16:11.224,0.8448,0.84501,1.88,2.25
2011.06.17 16:16:11.775,0.84483,0.84498,1.50,1.13
2011.06.17 16:16:12.216,0.84476,0.84496,1.88,1.88
2011.06.17 16:16:14.306,0.84482,0.84496,1.13,1.50
2011.06.17 16:16:14.535,0.84484,0.84498,1.13,2.25
2011.06.17 16:16:15.083,0.84484,0.84499,1.88,1.50
2011.06.17 16:16:15.417,0.84481,0.84496,1.13,1.73
2011.06.17 16:16:15.866,0.84479,0.84495,1.13,1.88
2011.06.17 16:16:16.461,0.84476,0.84493,2.63,2.85
2011.06.17 16:16:16.795,0.84475,0.84491,3.00,1.35
2011.06.17 16:16:17.234,0.84473,0.84488,1.50,1.73
2011.06.17 16:16:17.894,0.84473,0.84487,1.50,1.88
2011.06.17 16:16:18.446,0.84473,0.84488,1.50,1.73
2011.06.17 16:16:19.003,0.84472,0.84487,1.50,1.13
2011.06.17 16:16:22.314,0.84471,0.84485,1.50,1.46
2011.06.17 16:16:22.426,0.8447,0.84485,1.50,1.13
2011.06.17 16:16:22.647,0.8447,0.84484,1.13,1.13
2011.06.17 16:16:24.655,0.8447,0.84485,1.29,1.13
2011.06.17 16:16:26.854,0.84469,0.84483,1.50,1.13
2011.06.17 16:16:27.075,0.84468,0.84483,1.88,1.88
2011.06.17 16:16:27.295,0.84468,0.84482,1.50,1.50
2011.06.17 16:16:27.407,0.84468,0.84481,1.50,3.60
2011.06.17 16:16:27.637,0.84464,0.84478,1.13,1.13
2011.06.17 16:16:27.760,0.84462,0.84478,2.63,2.48
2011.06.17 16:16:28.098,0.84469,0.84476,1.47,1.13
2011.06.17 16:16:28.215,0.84469,0.84479,1.47,1.13
2011.06.17 16:16:28.680,0.84468,0.84482,1.47,1.13
2011.06.17 16:16:29.344,0.84468,0.84482,1.47,1.13
2011.06.17 16:16:30.006,0.84467,0.84482,1.13,1.13
2011.06.17 16:16:30.225,0.84467,0.84482,1.13,1.13
2011.06.17 16:16:31.326,0.84469,0.84484,4.59,2.63
2011.06.17 16:16:31.655,0.84468,0.84484,1.13,1.50
2011.06.17 16:16:31.765,0.84468,0.84484,1.13,1.13
2011.06.17 16:16:32.977,0.84471,0.84484,1.13,2.25
2011.06.17 16:16:33.205,0.84471,0.84485,2.04,1.88
2011.06.17 16:16:33.545,0.84469,0.84484,1.50,1.13
2011.06.17 16:16:33.765,0.84467,0.84485,1.50,1.73
2011.06.17 16:16:34.377,0.84466,0.84485,1.13,3.98
2011.06.17 16:16:35.044,0.84468,0.84485,1.50,5.10
2011.06.17 16:16:35.153,0.84468,0.84485,1.88,3.98
2011.06.17 16:16:38.124,0.84468,0.84485,1.88,2.85
2011.06.17 16:16:40.004,0.84468,0.84484,1.88,1.50
2011.06.17 16:16:40.554,0.84465,0.84485,2.79,3.23
2011.06.17 16:16:41.103,0.84465,0.84484,1.88,2.10
2011.06.17 16:16:41.948,0.84466,0.84483,1.13,1.35
2011.06.17 16:16:44.163,0.84465,0.84484,2.63,1.35
2011.06.17 16:16:44.713,0.84465,0.84483,1.88,1.73
2011.06.17 16:16:44.825,0.84465,0.84481,1.13,3.38
2011.06.17 16:16:44.937,0.84465,0.84479,1.13,1.13
2011.06.17 16:16:45.165,0.84468,0.84483,1.13,1.50
2011.06.17 16:16:45.494,0.84467,0.84483,1.88,1.13
2011.06.17 16:16:47.333,0.84467,0.84485,2.63,2.25
2011.06.17 16:16:47.665,0.84467,0.84484,1.13,1.73
2011.06.17 16:16:48.406,0.84467,0.84483,1.13,1.13
2011.06.17 16:16:49.090,0.84465,0.84481,1.29,1.13
2011.06.17 16:16:51.737,0.84461,0.84476,1.89,1.13
2011.06.17 16:16:52.075,0.84457,0.84471,1.29,1.88
2011.06.17 16:16:52.623,0.84456,0.84471,1.13,1.88
2011.06.17 16:16:53.241,0.84456,0.84473,1.13,2.48
2011.06.17 16:16:55.024,0.84456,0.84473,1.13,2.85
2011.06.17 16:16:58.655,0.84456,0.84473,1.13,3.60
2011.06.17 16:17:01.564,0.84455,0.84473,1.29,1.73
2011.06.17 16:17:09.045,0.84454,0.84471,1.88,5.10
2011.06.17 16:17:09.593,0.84452,0.8447,2.63,1.13
2011.06.17 16:17:12.427,0.84456,0.8447,1.29,1.50
2011.06.17 16:17:12.983,0.84456,0.84473,1.13,1.13
2011.06.17 16:17:17.437,0.84454,0.8447,1.88,1.88
2011.06.17 16:17:17.560,0.84453,0.84469,1.88,1.88
2011.06.17 16:17:17.908,0.8445,0.84466,1.88,2.48
2011.06.17 16:17:18.030,0.84448,0.84465,1.88,1.13
2011.06.17 16:17:19.620,0.84448,0.84465,1.88,1.13
2011.06.17 16:17:20.726,0.84448,0.84466,1.88,1.73
2011.06.17 16:17:22.163,0.84448,0.84466,2.63,1.73
2011.06.17 16:17:22.496,0.84453,0.84472,1.13,2.10
2011.06.17 16:17:23.043,0.84453,0.8447,1.13,1.13
2011.06.17 16:17:23.155,0.84451,0.84462,1.35,1.50
2011.06.17 16:17:23.376,0.8444,0.84454,1.13,3.75
2011.06.17 16:17:23.485,0.84436,0.84451,1.13,1.35
2011.06.17 16:17:23.603,0.84434,0.84448,1.66,1.35
2011.06.17 16:17:23.715,0.84434,0.84448,1.13,2.10
2011.06.17 16:17:23.826,0.84432,0.84445,1.50,1.73
2011.06.17 16:17:24.057,0.84428,0.84444,3.38,1.13
2011.06.17 16:17:24.783,0.84428,0.84445,3.00,2.10
2011.06.17 16:17:24.906,0.84434,0.84449,1.29,1.50
2011.06.17 16:17:27.227,0.84432,0.84448,1.50,1.13
2011.06.17 16:17:27.566,0.84431,0.84443,1.13,1.13
2011.06.17 16:17:28.116,0.84429,0.84443,1.13,1.13
2011.06.17 16:17:28.447,0.84428,0.8444,1.88,1.13
2011.06.17 16:17:28.785,0.84422,0.84434,1.50,1.13
2011.06.17 16:17:29.226,0.84425,0.84439,1.88,2.48
2011.06.17 16:17:29.345,0.84427,0.84439,1.13,1.35
2011.06.17 16:17:29.456,0.84427,0.84441,2.63,1.50
2011.06.17 16:17:29.577,0.8443,0.84442,1.29,2.63
2011.06.17 16:17:29.697,0.8443,0.84444,1.89,1.88
2011.06.17 16:17:30.254,0.8443,0.84444,1.73,1.88
2011.06.17 16:17:30.712,0.84428,0.8444,2.63,1.13
2011.06.17 16:17:30.830,0.84427,0.84441,1.13,1.88
2011.06.17 16:17:32.043,0.84427,0.84441,1.13,1.88
2011.06.17 16:17:32.266,0.84426,0.84438,1.13,1.13
2011.06.17 16:17:32.605,0.84424,0.84438,1.13,1.13
2011.06.17 16:17:32.825,0.84424,0.84436,1.13,1.13
2011.06.17 16:17:33.374,0.84424,0.84436,1.13,1.88
2011.06.17 16:17:34.814,0.84422,0.84436,1.13,1.13
2011.06.17 16:17:35.364,0.84422,0.84436,1.88,1.88
2011.06.17 16:17:36.243,0.84422,0.84436,1.88,1.88
2011.06.17 16:17:36.463,0.84422,0.84441,1.88,1.50
2011.06.17 16:17:37.014,0.84422,0.84441,2.63,4.31
2011.06.17 16:17:37.897,0.84427,0.84442,1.50,2.59
2011.06.17 16:17:38.766,0.84426,0.84442,1.13,1.35
2011.06.17 16:17:39.865,0.84425,0.84441,1.13,1.35
2011.06.17 16:17:40.304,0.84426,0.84443,1.88,1.95
2011.06.17 16:17:40.854,0.84426,0.84443,1.88,2.70
2011.06.17 16:17:40.963,0.84428,0.84443,1.13,2.10
2011.06.17 16:17:41.734,0.84431,0.84447,1.13,1.73
2011.06.17 16:17:41.846,0.84433,0.84448,1.50,4.88
2011.06.17 16:17:42.076,0.84432,0.84448,2.04,2.25
2011.06.17 16:17:42.293,0.84432,0.84448,2.04,2.25
2011.06.17 16:17:43.215,0.84432,0.84451,2.04,4.95
2011.06.17 16:17:44.424,0.84434,0.84449,1.88,1.13
2011.06.17 16:17:45.024,0.84434,0.8445,1.88,1.50
2011.06.17 16:17:50.211,0.84434,0.84449,1.13,1.13
2011.06.17 16:17:50.334,0.84432,0.84447,1.13,1.73
2011.06.17 16:17:56.774,0.84433,0.84448,2.10,3.00
2011.06.17 16:17:57.875,0.84433,0.84448,3.98,2.25
2011.06.17 16:17:58.424,0.84433,0.8445,3.98,1.50
2011.06.17 16:17:58.974,0.84435,0.84451,1.13,1.50
2011.06.17 16:17:59.743,0.84435,0.8445,1.13,1.13
2011.06.17 16:18:01.115,0.84434,0.8445,1.13,1.13
2011.06.17 16:18:01.665,0.84434,0.84451,1.88,1.95
2011.06.17 16:18:02.215,0.84435,0.84452,1.13,3.45
2011.06.17 16:18:03.205,0.84435,0.84452,1.88,3.08
2011.06.17 16:18:03.645,0.84434,0.84451,1.50,1.58
2011.06.17 16:18:06.080,0.84434,0.8445,1.88,1.13
2011.06.17 16:18:06.858,0.84434,0.84451,1.13,1.13
2011.06.17 16:18:07.417,0.84434,0.84452,3.38,1.50
2011.06.17 16:18:07.542,0.84436,0.84452,2.48,1.13
2011.06.17 16:18:08.094,0.84435,0.8445,1.73,1.13
2011.06.17 16:18:08.204,0.84435,0.8445,1.35,1.13
2011.06.17 16:18:09.245,0.84433,0.8445,2.48,1.13
2011.06.17 16:18:09.793,0.84433,0.84451,2.48,1.13
2011.06.17 16:18:10.234,0.84436,0.84451,1.13,1.13
2011.06.17 16:18:10.783,0.84438,0.84454,3.23,1.13
2011.06.17 16:18:12.877,0.84439,0.84455,2.48,3.75
2011.06.17 16:18:25.734,0.84439,0.84455,2.48,1.13
2011.06.17 16:18:26.284,0.84439,0.84455,3.23,1.46
2011.06.17 16:18:28.044,0.84439,0.84455,2.48,1.13
2011.06.17 16:19:04.954,0.84439,0.84452,1.73,1.13
2011.06.17 16:19:05.503,0.84437,0.84452,2.48,1.88
2011.06.17 16:19:11.803,0.84437,0.84451,2.48,1.39
2011.06.17 16:19:21.165,0.84438,0.84453,1.35,1.13
2011.06.17 16:19:21.294,0.84443,0.84454,2.10,1.13
2011.06.17 16:19:21.516,0.84438,0.84453,3.23,1.13
2011.06.17 16:19:23.713,0.84438,0.84451,2.48,1.13
2011.06.17 16:19:31.314,0.84438,0.84452,2.48,1.13
2011.06.17 16:19:39.309,0.84438,0.84454,3.23,1.13
2011.06.17 16:19:39.864,0.84438,0.84451,2.10,1.13
2011.06.17 16:19:47.056,0.84438,0.84451,2.85,1.13
2011.06.17 16:19:47.634,0.84438,0.84451,2.85,1.13
2011.06.17 16:19:51.818,0.84441,0.84455,1.88,1.13
2011.06.17 16:19:52.156,0.84442,0.84456,4.51,1.35
2011.06.17 16:19:52.276,0.84444,0.84457,2.25,1.24
2011.06.17 16:19:52.387,0.84446,0.84458,4.14,1.24
2011.06.17 16:19:54.709,0.84447,0.84459,1.13,1.13
2011.06.17 16:19:55.400,0.84447,0.8446,1.88,1.13
2011.06.17 16:19:56.525,0.84447,0.84459,1.88,1.13
2011.06.17 16:19:57.075,0.84447,0.84459,1.88,1.13
2011.06.17 16:19:58.503,0.84448,0.84459,3.00,1.13
2011.06.17 16:19:59.054,0.84449,0.84459,3.00,1.13
2011.06.17 16:20:02.379,0.8445,0.84461,2.25,1.13
2011.06.17 16:20:02.934,0.8445,0.84461,2.25,1.13
2011.06.17 16:20:04.915,0.8445,0.84461,3.00,1.13
2011.06.17 16:20:06.894,0.8445,0.84461,3.00,1.13
2011.06.17 16:20:07.443,0.8445,0.84461,3.00,1.13
2011.06.17 16:20:07.994,0.8445,0.84461,3.00,1.13
2011.06.17 16:20:08.111,0.84451,0.84464,1.50,1.13
2011.06.17 16:20:08.228,0.84455,0.84466,3.00,1.50
2011.06.17 16:20:08.456,0.84455,0.84469,3.38,1.13
2011.06.17 16:20:08.675,0.84456,0.84469,2.25,1.13
2011.06.17 16:20:09.229,0.84458,0.84469,2.25,1.50
2011.06.17 16:20:10.017,0.84459,0.84469,2.25,1.13
2011.06.17 16:20:10.576,0.84458,0.84469,2.25,1.13
2011.06.17 16:20:11.245,0.84458,0.84468,2.25,1.13
2011.06.17 16:20:12.345,0.84458,0.84468,2.25,1.13
2011.06.17 16:20:12.894,0.84458,0.84472,4.50,1.50
2011.06.17 16:20:13.229,0.84464,0.84476,3.00,1.20
2011.06.17 16:20:14.447,0.84464,0.84478,3.75,1.20
2011.06.17 16:20:15.005,0.84466,0.84478,2.25,1.20
2011.06.17 16:20:17.826,0.84466,0.84481,3.00,1.58
2011.06.17 16:20:19.365,0.84466,0.8448,2.25,1.13
2011.06.17 16:20:19.695,0.84468,0.84482,1.50,3.38
2011.06.17 16:20:19.917,0.8447,0.84482,3.75,2.25
2011.06.17 16:20:20.800,0.84472,0.84486,2.25,1.50
2011.06.17 16:20:22.126,0.84472,0.84486,2.25,2.25
2011.06.17 16:20:23.126,0.84473,0.84486,1.73,1.50
2011.06.17 16:20:23.675,0.84474,0.84487,2.25,1.13
2011.06.17 16:20:23.895,0.84474,0.84487,2.25,1.13
2011.06.17 16:20:24.338,0.84474,0.84486,1.13,1.13
2011.06.17 16:20:24.565,0.84472,0.84486,2.10,1.13
2011.06.17 16:20:32.254,0.84471,0.84486,2.25,1.13
2011.06.17 16:20:38.675,0.84477,0.84491,2.25,2.25
2011.06.17 16:20:38.800,0.84479,0.84492,3.98,1.13
2011.06.17 16:20:41.004,0.8448,0.84493,2.85,1.13
2011.06.17 16:20:42.428,0.8448,0.84494,2.85,1.13
2011.06.17 16:20:55.425,0.84478,0.84489,2.25,1.13
2011.06.17 16:20:55.974,0.84477,0.84488,2.85,1.88
2011.06.17 16:20:56.196,0.84475,0.84487,2.25,1.13
2011.06.17 16:20:58.087,0.84475,0.84486,2.25,1.13
2011.06.17 16:20:58.207,0.84475,0.84485,2.25,1.13
2011.06.17 16:20:58.326,0.84475,0.84485,2.25,1.13
2011.06.17 16:20:58.874,0.84474,0.84487,2.85,1.13
2011.06.17 16:20:59.424,0.84474,0.84487,2.85,1.13
2011.06.17 16:21:01.075,0.84473,0.84485,2.25,1.13
2011.06.17 16:21:02.605,0.84473,0.84485,2.25,1.13
2011.06.17 16:21:02.825,0.84471,0.84485,2.25,1.13
2011.06.17 16:21:05.135,0.84471,0.84487,3.60,2.25
2011.06.17 16:21:05.574,0.84471,0.84486,1.35,1.88
2011.06.17 16:21:16.194,0.84472,0.84486,2.25,1.13
2011.06.17 16:21:26.288,0.84474,0.84487,2.25,2.25
2011.06.17 16:21:26.845,0.84473,0.84488,1.50,3.71
2011.06.17 16:21:27.837,0.84475,0.84488,3.00,2.21
2011.06.17 16:21:28.276,0.84476,0.84492,3.38,1.46
2011.06.17 16:21:29.018,0.84477,0.84493,1.50,1.46
2011.06.17 16:21:29.691,0.84478,0.84493,1.50,1.46
2011.06.17 16:21:29.805,0.8448,0.84493,2.25,1.46
2011.06.17 16:21:31.235,0.8448,0.84495,3.00,8.96
2011.06.17 16:21:32.116,0.84478,0.84492,3.00,1.83
2011.06.17 16:21:34.707,0.84479,0.84491,3.00,1.46
2011.06.17 16:21:36.385,0.84479,0.84491,2.25,2.21
2011.06.17 16:21:36.934,0.84479,0.84491,2.25,2.63
2011.06.17 16:21:37.814,0.84476,0.84491,1.50,1.13
2011.06.17 16:21:38.584,0.84477,0.84491,1.13,1.13
2011.06.17 16:21:38.696,0.84477,0.84493,1.35,2.40
2011.06.17 16:21:39.027,0.84478,0.84493,1.50,2.25
2011.06.17 16:21:39.147,0.84476,0.84493,2.63,2.25
2011.06.17 16:21:39.265,0.84478,0.84492,1.50,1.13
2011.06.17 16:21:39.487,0.84477,0.84492,1.50,1.13
2011.06.17 16:21:40.048,0.84476,0.84492,1.50,1.88
2011.06.17 16:21:40.825,0.84476,0.84492,1.50,1.13
2011.06.17 16:21:40.936,0.84477,0.84493,1.50,1.50
2011.06.17 16:21:41.527,0.84478,0.84495,1.50,7.50
2011.06.17 16:21:41.977,0.84478,0.84493,1.50,1.50
2011.06.17 16:21:42.536,0.84477,0.84492,2.25,1.88
2011.06.17 16:21:43.525,0.84476,0.8449,1.50,1.13
2011.06.17 16:21:44.074,0.84475,0.8449,5.10,1.13
2011.06.17 16:21:48.617,0.84476,0.84491,2.25,1.88
2011.06.17 16:21:49.175,0.84477,0.84492,2.25,1.13
2011.06.17 16:21:49.727,0.84476,0.84492,1.88,1.88
2011.06.17 16:21:50.509,0.84477,0.84494,1.50,1.50
2011.06.17 16:21:51.399,0.84477,0.84493,1.50,1.50
2011.06.17 16:21:51.515,0.84477,0.84493,1.50,1.13
2011.06.17 16:21:52.692,0.84477,0.84492,1.50,1.13
2011.06.17 16:21:55.336,0.84478,0.84492,2.48,1.13
2011.06.17 16:21:55.668,0.84486,0.84494,1.50,1.13
2011.06.17 16:21:55.785,0.8448,0.84496,2.48,1.13
2011.06.17 16:21:55.895,0.8448,0.84495,2.48,1.13
2011.06.17 16:21:57.455,0.84481,0.84496,1.50,1.88
2011.06.17 16:21:59.555,0.8448,0.84495,2.48,1.13
2011.06.17 16:22:04.865,0.8448,0.84495,3.98,1.13
2011.06.17 16:22:05.414,0.84482,0.84497,1.50,1.88
2011.06.17 16:22:06.597,0.84482,0.84497,3.01,1.88
2011.06.17 16:22:07.706,0.84482,0.84497,3.23,1.13
2011.06.17 16:22:08.254,0.84484,0.84499,1.50,1.46
2011.06.17 16:22:15.105,0.84484,0.845,2.25,1.99
2011.06.17 16:22:15.327,0.84487,0.84501,1.13,2.40
2011.06.17 16:22:15.448,0.84489,0.84503,1.88,4.88
2011.06.17 16:22:15.786,0.84492,0.84506,3.60,3.00
2011.06.17 16:22:15.898,0.84493,0.84506,1.88,2.25
2011.06.17 16:22:17.325,0.84494,0.84509,1.13,1.13
2011.06.17 16:22:17.435,0.84493,0.84509,1.50,3.00
2011.06.17 16:22:19.304,0.84494,0.84508,1.13,1.13
2011.06.17 16:22:21.186,0.84493,0.84509,2.25,2.70
2011.06.17 16:22:21.516,0.84492,0.84507,2.10,2.63
2011.06.17 16:22:23.500,0.84492,0.84505,2.10,1.13
2011.06.17 16:22:24.957,0.84499,0.84507,1.13,1.50
2011.06.17 16:22:25.285,0.845,0.84511,1.13,1.50
2011.06.17 16:22:25.401,0.845,0.84515,1.88,1.13
2011.06.17 16:22:26.396,0.84499,0.84514,3.60,2.25
2011.06.17 16:22:26.726,0.84499,0.84512,2.10,1.13
2011.06.17 16:22:27.057,0.84494,0.84507,1.50,1.50
2011.06.17 16:22:27.286,0.84492,0.84505,1.35,1.13
2011.06.17 16:22:27.847,0.84491,0.84505,2.10,1.13
2011.06.17 16:22:34.027,0.84491,0.84505,1.35,1.20
2011.06.17 16:22:34.365,0.84492,0.84505,1.35,1.46
2011.06.17 16:22:36.678,0.84492,0.84508,3.23,1.13
2011.06.17 16:22:37.150,0.84494,0.8451,2.85,2.25
2011.06.17 16:22:37.704,0.84494,0.8451,2.85,2.25
2011.06.17 16:22:39.245,0.84495,0.8451,2.25,1.13
2011.06.17 16:22:41.224,0.84495,0.8451,2.63,1.20
2011.06.17 16:22:41.773,0.84495,0.8451,2.63,1.20
2011.06.17 16:22:42.104,0.84496,0.8451,1.50,1.58
2011.06.17 16:22:42.544,0.84493,0.84507,3.00,2.47
2011.06.17 16:22:46.089,0.84491,0.84506,2.25,3.38
2011.06.17 16:22:46.319,0.84492,0.84505,1.35,2.25
2011.06.17 16:22:46.657,0.84491,0.84504,2.10,1.13
2011.06.17 16:22:47.213,0.84491,0.84505,2.85,1.50
2011.06.17 16:22:47.766,0.84491,0.84505,2.85,3.00
2011.06.17 16:22:48.616,0.84491,0.84505,2.85,3.00
2011.06.17 16:22:49.736,0.84489,0.84504,1.88,4.50
2011.06.17 16:22:49.848,0.84488,0.84502,1.13,1.13
2011.06.17 16:22:50.404,0.84487,0.845,2.25,1.13
2011.06.17 16:22:51.288,0.84487,0.845,1.50,1.13
2011.06.17 16:22:52.174,0.84486,0.845,1.50,1.13
2011.06.17 16:22:52.726,0.84485,0.84501,2.63,3.00
2011.06.17 16:22:53.275,0.84485,0.845,2.63,1.50
2011.06.17 16:22:53.391,0.84485,0.84501,2.63,3.75
2011.06.17 16:22:54.497,0.84485,0.845,1.50,1.13
2011.06.17 16:22:56.044,0.84487,0.84501,1.50,4.13
2011.06.17 16:22:57.586,0.84489,0.84502,2.85,2.25
2011.06.17 16:22:58.574,0.84489,0.84501,2.85,1.88
2011.06.17 16:22:59.234,0.84489,0.84501,2.85,1.88
2011.06.17 16:22:59.894,0.84489,0.84501,2.85,1.50
2011.06.17 16:23:00.445,0.84489,0.84502,2.85,2.25
2011.06.17 16:23:00.986,0.84489,0.84501,2.85,1.88
2011.06.17 16:23:01.437,0.8449,0.84505,1.50,1.13
2011.06.17 16:23:01.557,0.84491,0.84505,1.13,1.13
2011.06.17 16:23:02.114,0.84491,0.84506,1.88,1.88
2011.06.17 16:23:02.336,0.84492,0.84506,1.13,1.13
2011.06.17 16:23:02.884,0.84493,0.84508,2.10,1.13
2011.06.17 16:23:03.215,0.84493,0.84508,1.35,1.13
2011.06.17 16:23:04.536,0.84491,0.84506,1.50,1.88
2011.06.17 16:23:05.306,0.8449,0.84505,3.23,1.13
2011.06.17 16:23:05.974,0.8449,0.84505,2.48,1.13
2011.06.17 16:23:06.306,0.84494,0.84505,2.85,1.13
2011.06.17 16:23:06.526,0.84496,0.84509,1.88,1.13
2011.06.17 16:23:07.038,0.84496,0.84512,2.25,1.50
2011.06.17 16:23:07.377,0.84495,0.84511,1.50,1.13
2011.06.17 16:23:09.364,0.84496,0.8451,1.50,1.13
2011.06.17 16:23:09.914,0.84496,0.84513,2.25,2.25
2011.06.17 16:23:10.466,0.84496,0.84513,2.25,1.50
2011.06.17 16:23:11.014,0.84496,0.84512,2.25,1.50
2011.06.17 16:23:11.677,0.84498,0.84513,2.10,1.13
2011.06.17 16:23:21.337,0.84499,0.84514,1.50,2.25
2011.06.17 16:23:21.897,0.84499,0.84514,1.50,1.13
2011.06.17 16:23:22.125,0.84499,0.84514,1.50,3.90
2011.06.17 16:23:22.674,0.84498,0.84515,1.50,9.00
2011.06.17 16:23:23.337,0.84499,0.84514,1.50,3.15
2011.06.17 16:23:24.086,0.845,0.84515,1.50,6.90
2011.06.17 16:23:27.609,0.845,0.84512,1.13,1.13
2011.06.17 16:23:27.728,0.84502,0.84512,1.50,1.13
2011.06.17 16:23:27.958,0.84507,0.84521,1.88,1.13
2011.06.17 16:23:28.515,0.84508,0.84523,1.50,1.13
2011.06.17 16:23:30.627,0.84508,0.84523,3.00,1.13
2011.06.17 16:23:32.724,0.8451,0.84525,1.50,1.13
2011.06.17 16:23:33.275,0.8451,0.84525,2.25,1.13
2011.06.17 16:23:33.825,0.84509,0.84524,2.85,1.13
2011.06.17 16:23:34.374,0.84509,0.84524,3.98,1.13
2011.06.17 16:23:35.945,0.8451,0.84525,1.50,1.20
2011.06.17 16:23:36.385,0.84509,0.84522,1.50,1.13
2011.06.17 16:23:36.935,0.84509,0.84523,1.73,1.13
2011.06.17 16:23:41.736,0.8451,0.84526,2.25,1.50
2011.06.17 16:23:42.311,0.84511,0.84527,1.50,4.50
2011.06.17 16:23:42.866,0.84512,0.84527,1.50,1.84
2011.06.17 16:23:45.834,0.84512,0.84528,1.50,3.60
2011.06.17 16:23:46.384,0.84512,0.84528,1.50,1.61
2011.06.17 16:23:47.738,0.84512,0.84528,1.50,3.37
2011.06.17 16:23:54.148,0.84512,0.84527,3.00,1.46
2011.06.17 16:23:54.818,0.84514,0.84529,2.63,1.13
2011.06.17 16:23:54.939,0.84516,0.84531,1.50,1.13
2011.06.17 16:23:55.494,0.84516,0.8453,1.50,1.13
2011.06.17 16:23:57.510,0.84515,0.84532,2.25,6.08
2011.06.17 16:23:57.627,0.84514,0.84529,6.98,1.13
2011.06.17 16:23:59.285,0.84514,0.84529,5.10,1.13
2011.06.17 16:24:00.938,0.84514,0.84529,3.60,2.33
2011.06.17 16:24:01.276,0.84514,0.84525,1.50,1.88
2011.06.17 16:24:01.499,0.84509,0.84525,1.50,5.70
2011.06.17 16:24:03.318,0.84508,0.84524,2.63,1.13
2011.06.17 16:24:04.207,0.84508,0.84524,1.50,1.13
2011.06.17 16:24:04.771,0.8451,0.84525,1.50,1.50
2011.06.17 16:24:05.114,0.8451,0.84527,2.25,1.09
2011.06.17 16:24:05.336,0.8451,0.84528,2.25,5.36
2011.06.17 16:24:05.884,0.84511,0.84528,1.50,1.09
2011.06.17 16:24:06.437,0.84511,0.84528,1.50,2.36
2011.06.17 16:24:06.557,0.84511,0.84528,1.50,3.37
2011.06.17 16:24:07.965,0.84512,0.84527,1.50,1.13
2011.06.17 16:24:08.515,0.84511,0.84526,2.25,1.20
2011.06.17 16:24:08.846,0.8451,0.84524,1.50,1.20
2011.06.17 16:24:09.287,0.8451,0.84521,1.50,3.75
2011.06.17 16:24:09.515,0.84507,0.8452,1.35,1.88
2011.06.17 16:24:10.726,0.84505,0.8452,3.60,1.13
2011.06.17 16:24:10.947,0.84506,0.84519,2.10,1.88
2011.06.17 16:24:11.176,0.84506,0.84519,1.35,1.88
2011.06.17 16:24:13.535,0.84501,0.84513,1.88,1.13
2011.06.17 16:24:13.659,0.84498,0.84513,3.60,1.13
2011.06.17 16:24:14.215,0.84498,0.84512,2.10,1.13
2011.06.17 16:24:15.315,0.84498,0.84511,1.35,2.25
2011.06.17 16:24:15.535,0.84496,0.84511,1.88,1.50
2011.06.17 16:24:16.306,0.84494,0.84509,2.25,1.13
2011.06.17 16:24:16.636,0.84494,0.84511,1.88,1.50
2011.06.17 16:24:16.860,0.84497,0.84512,1.50,1.46
2011.06.17 16:24:20.296,0.84498,0.84511,1.50,1.88
2011.06.17 16:24:20.844,0.84497,0.84511,2.85,2.63
2011.06.17 16:24:22.056,0.84497,0.84511,1.73,1.88
2011.06.17 16:24:23.715,0.84497,0.8451,1.35,5.78
2011.06.17 16:24:23.945,0.84495,0.84511,1.50,1.50
2011.06.17 16:24:24.057,0.84495,0.84511,1.50,1.13
2011.06.17 16:24:25.605,0.84496,0.84512,1.13,4.88
2011.06.17 16:24:26.264,0.84496,0.84512,1.13,4.88
2011.06.17 16:24:27.503,0.84496,0.84512,2.63,1.46
2011.06.17 16:24:27.618,0.84496,0.84512,2.63,1.46
2011.06.17 16:24:28.395,0.84497,0.84512,1.50,1.46
2011.06.17 16:24:28.944,0.84498,0.84512,1.50,1.46
2011.06.17 16:24:29.166,0.84498,0.84512,1.50,1.46
2011.06.17 16:24:29.718,0.84498,0.84512,1.50,1.13
2011.06.17 16:24:30.275,0.84499,0.84513,1.13,1.09
2011.06.17 16:24:31.082,0.84503,0.84514,1.50,2.47
2011.06.17 16:24:31.204,0.84517,0.84526,1.13,5.40
2011.06.17 16:24:31.426,0.84518,0.84531,3.60,2.63
2011.06.17 16:24:31.548,0.84518,0.84534,3.60,2.25
2011.06.17 16:24:31.667,0.84518,0.84534,3.60,1.50
2011.06.17 16:24:32.116,0.84519,0.84534,1.50,1.50
2011.06.17 16:24:32.226,0.84516,0.84531,2.63,2.55
2011.06.17 16:24:32.336,0.84516,0.84527,2.25,1.42
2011.06.17 16:24:32.448,0.84514,0.84527,1.50,1.42
2011.06.17 16:24:33.005,0.84513,0.84526,1.13,1.50
2011.06.17 16:24:38.605,0.84512,0.84526,1.50,3.00
2011.06.17 16:24:39.154,0.84512,0.84526,1.50,2.25
2011.06.17 16:24:41.665,0.84512,0.84526,1.50,3.75
2011.06.17 16:24:42.214,0.84512,0.84526,1.50,2.25
2011.06.17 16:24:43.203,0.84511,0.84526,2.10,3.75
2011.06.17 16:24:43.755,0.84511,0.84526,2.10,1.50
2011.06.17 16:24:44.307,0.84511,0.84526,1.35,6.75
2011.06.17 16:24:44.856,0.8451,0.84525,2.63,4.50
2011.06.17 16:24:45.080,0.84513,0.84528,1.50,2.17
2011.06.17 16:24:45.415,0.84512,0.84527,1.50,1.80
2011.06.17 16:24:46.200,0.84512,0.84528,4.13,2.92
2011.06.17 16:24:47.200,0.84514,0.84528,1.13,2.55
2011.06.17 16:24:47.427,0.84518,0.8453,3.60,1.13
2011.06.17 16:24:47.986,0.8452,0.84535,1.50,2.25
2011.06.17 16:24:48.537,0.84518,0.84533,3.23,1.13
2011.06.17 16:24:49.207,0.84518,0.84534,3.23,3.00
2011.06.17 16:24:51.425,0.84518,0.84534,3.23,1.88
2011.06.17 16:24:51.540,0.84518,0.84534,3.98,1.88
2011.06.17 16:24:51.767,0.84518,0.84533,3.98,1.13
2011.06.17 16:24:52.874,0.84518,0.84533,3.60,1.88
2011.06.17 16:24:53.649,0.84518,0.84532,2.85,3.38
2011.06.17 16:24:53.986,0.84517,0.84532,1.13,2.25
2011.06.17 16:24:54.099,0.84518,0.84532,1.13,1.13
2011.06.17 16:24:54.624,0.84519,0.84532,1.50,1.13
2011.06.17 16:24:57.706,0.8452,0.84534,1.88,1.88
2011.06.17 16:25:03.456,0.8452,0.84533,1.50,1.13
2011.06.17 16:25:05.875,0.84519,0.84534,1.50,3.38
2011.06.17 16:25:06.755,0.84519,0.84534,1.88,1.13
2011.06.17 16:25:09.995,0.8452,0.84533,1.50,1.13
2011.06.17 16:25:10.326,0.84524,0.84536,2.63,3.75
2011.06.17 16:25:10.558,0.84525,0.84539,1.50,1.13
2011.06.17 16:25:10.787,0.84528,0.8454,1.13,1.88
2011.06.17 16:25:11.239,0.84528,0.84537,1.50,1.13
2011.06.17 16:25:11.468,0.84525,0.84538,1.13,1.13
2011.06.17 16:25:11.694,0.84523,0.84536,1.88,1.13
2011.06.17 16:25:12.245,0.84523,0.84536,3.38,1.13
2011.06.17 16:25:12.659,0.84524,0.84536,1.13,1.13
2011.06.17 16:25:13.318,0.84525,0.84538,1.88,1.88
2011.06.17 16:25:13.875,0.84525,0.84538,1.88,1.13
2011.06.17 16:25:15.197,0.84525,0.84538,1.50,1.13
2011.06.17 16:25:15.427,0.84524,0.84538,1.88,1.13
2011.06.17 16:25:15.974,0.84524,0.84538,1.13,1.13
2011.06.17 16:25:17.186,0.84524,0.84538,1.13,1.88
2011.06.17 16:25:17.624,0.84521,0.84536,3.75,1.13
2011.06.17 16:25:19.717,0.84522,0.84536,1.50,1.13
2011.06.17 16:25:19.838,0.84522,0.84536,1.50,1.13
2011.06.17 16:25:24.064,0.84522,0.84539,2.85,1.88
2011.06.17 16:25:24.615,0.84524,0.84539,1.50,1.88
2011.06.17 16:25:26.045,0.84524,0.84539,1.50,1.88
2011.06.17 16:25:26.623,0.84523,0.84539,1.13,2.63
2011.06.17 16:25:27.406,0.84522,0.84538,2.10,2.25
2011.06.17 16:25:27.627,0.8452,0.84534,1.50,1.13
2011.06.17 16:25:29.176,0.8452,0.84535,1.50,1.35
2011.06.17 16:25:29.402,0.84522,0.84535,1.13,1.88
2011.06.17 16:25:29.520,0.84522,0.84536,1.88,1.88
2011.06.17 16:25:29.746,0.84523,0.84537,1.50,1.73
2011.06.17 16:25:30.185,0.84523,0.84537,1.50,1.13
2011.06.17 16:25:41.125,0.84522,0.84537,1.13,1.13
2011.06.17 16:25:42.315,0.84522,0.84538,1.13,1.13
2011.06.17 16:25:42.645,0.84522,0.84538,1.13,1.13
2011.06.17 16:25:43.085,0.84522,0.84538,1.13,1.13
2011.06.17 16:25:50.717,0.84521,0.84538,2.25,2.63
2011.06.17 16:25:51.499,0.84521,0.84538,2.25,1.13
2011.06.17 16:25:52.055,0.84521,0.84537,2.25,1.13
2011.06.17 16:25:54.677,0.84521,0.84535,1.13,1.13
2011.06.17 16:25:55.019,0.84513,0.84526,1.50,1.88
2011.06.17 16:25:55.465,0.84513,0.8453,1.13,2.85
2011.06.17 16:25:55.795,0.84515,0.84529,1.13,1.13
2011.06.17 16:25:56.483,0.84515,0.84532,1.13,2.10
2011.06.17 16:25:57.055,0.84515,0.84532,1.13,2.85
2011.06.17 16:25:57.386,0.84514,0.8453,1.88,1.13
2011.06.17 16:25:57.935,0.84516,0.84532,1.88,1.73
2011.06.17 16:25:59.145,0.84514,0.8453,2.25,1.13
2011.06.17 16:25:59.476,0.84516,0.84533,1.13,2.10
2011.06.17 16:26:00.855,0.84516,0.84533,1.88,1.73
2011.06.17 16:26:01.404,0.84516,0.84534,2.25,3.23
2011.06.17 16:26:03.166,0.84516,0.8453,2.25,1.13
2011.06.17 16:26:03.606,0.84514,0.8453,3.23,1.13
2011.06.17 16:26:05.078,0.84515,0.84531,1.73,1.88
2011.06.17 16:26:05.306,0.84514,0.8453,2.85,1.88
2011.06.17 16:26:06.736,0.84513,0.8453,4.35,1.88
2011.06.17 16:26:07.067,0.84514,0.84531,1.73,1.13
2011.06.17 16:26:07.735,0.84515,0.84532,2.48,1.88
2011.06.17 16:26:08.395,0.84517,0.84532,1.13,1.88
2011.06.17 16:26:09.277,0.84517,0.84532,1.88,1.13
2011.06.17 16:26:10.206,0.84517,0.84532,1.13,1.13
2011.06.17 16:26:10.755,0.84516,0.84533,3.75,1.13
2011.06.17 16:26:11.304,0.84517,0.84533,1.50,1.13
2011.06.17 16:26:12.185,0.84516,0.84533,3.75,1.13
2011.06.17 16:26:14.165,0.84517,0.84534,1.88,1.46
2011.06.17 16:26:19.106,0.84517,0.84533,1.88,1.13
2011.06.17 16:26:19.655,0.84517,0.84533,1.50,3.38
2011.06.17 16:26:21.308,0.84516,0.84533,1.50,7.50
2011.06.17 16:26:22.304,0.84516,0.84533,1.88,1.88
2011.06.17 16:26:24.174,0.84516,0.84533,1.50,1.88
2011.06.17 16:26:28.085,0.84517,0.84533,1.50,1.13
2011.06.17 16:26:29.955,0.84516,0.84533,1.88,2.25
2011.06.17 16:26:30.066,0.84517,0.84533,1.50,1.88
2011.06.17 16:26:31.934,0.84516,0.84531,2.10,1.13
2011.06.17 16:26:32.155,0.84516,0.84531,1.50,1.50
2011.06.17 16:26:32.265,0.84516,0.84531,2.25,1.13
2011.06.17 16:26:36.266,0.84517,0.84532,1.13,1.13
2011.06.17 16:26:38.345,0.84516,0.84532,1.88,1.13
2011.06.17 16:26:40.106,0.84516,0.84531,1.50,1.13
2011.06.17 16:26:42.195,0.84516,0.84531,1.88,1.13
2011.06.17 16:26:42.746,0.84517,0.84531,1.13,1.13
2011.06.17 16:26:44.287,0.84516,0.84531,1.50,1.13
2011.06.17 16:26:46.275,0.84515,0.84532,2.25,2.85
2011.06.17 16:26:48.695,0.84516,0.84532,1.50,2.10
2011.06.17 16:26:50.495,0.84516,0.84531,2.63,1.13
2011.06.17 16:26:52.398,0.84516,0.84531,2.25,1.50
2011.06.17 16:26:52.516,0.84516,0.84531,2.25,1.13
2011.06.17 16:26:54.826,0.84516,0.84532,2.63,1.73
2011.06.17 16:26:56.255,0.84517,0.84532,1.13,1.73
2011.06.17 16:26:59.137,0.84518,0.84532,1.88,1.73
2011.06.17 16:26:59.246,0.84519,0.84532,1.13,1.13
2011.06.17 16:27:00.571,0.84518,0.84534,2.25,1.13
2011.06.17 16:27:01.125,0.84516,0.84532,5.63,1.13
2011.06.17 16:27:01.674,0.84516,0.8453,4.50,1.13
2011.06.17 16:27:04.332,0.84516,0.84531,2.25,1.13
2011.06.17 16:27:04.774,0.84515,0.8453,1.13,1.13
2011.06.17 16:27:06.427,0.84516,0.8453,1.13,1.13
2011.06.17 16:27:06.764,0.84516,0.8453,1.88,1.13
2011.06.17 16:27:17.216,0.84516,0.8453,1.13,1.13
2011.06.17 16:27:17.327,0.84516,0.8453,1.13,1.13
2011.06.17 16:27:17.884,0.84516,0.8453,1.13,1.13
2011.06.17 16:27:22.124,0.84516,0.8453,1.88,1.13
2011.06.17 16:27:23.337,0.84516,0.8453,2.25,1.13
2011.06.17 16:27:23.894,0.84516,0.84532,1.88,1.73
2011.06.17 16:27:24.116,0.84516,0.84532,1.88,1.73
2011.06.17 16:27:24.445,0.84516,0.84532,1.88,1.73
2011.06.17 16:27:24.994,0.84516,0.84532,1.88,1.73
2011.06.17 16:27:26.023,0.84516,0.84532,1.88,1.73
2011.06.17 16:27:26.575,0.84516,0.84532,3.38,1.73
2011.06.17 16:27:31.720,0.84517,0.84532,1.50,2.48
2011.06.17 16:27:40.988,0.84517,0.84531,1.50,1.88
2011.06.17 16:27:42.316,0.84516,0.8453,1.50,1.13
2011.06.17 16:27:42.878,0.84513,0.8453,4.50,1.88
2011.06.17 16:27:42.997,0.84513,0.8453,4.50,1.88
2011.06.17 16:27:44.646,0.84514,0.84529,1.50,1.88
2011.06.17 16:27:50.686,0.84514,0.84528,1.50,3.23
2011.06.17 16:27:50.906,0.84513,0.84528,1.50,1.88
2011.06.17 16:27:51.454,0.84511,0.84526,3.75,1.13
2011.06.17 16:27:52.446,0.84513,0.84527,2.25,1.13
2011.06.17 16:28:09.375,0.84512,0.84527,1.88,2.63
2011.06.17 16:28:09.925,0.84512,0.84527,1.88,2.63
2011.06.17 16:28:12.345,0.84512,0.84526,1.88,1.13
2011.06.17 16:28:15.685,0.84511,0.84528,2.25,2.25
2011.06.17 16:28:16.018,0.8451,0.84524,1.88,1.13
2011.06.17 16:28:17.655,0.8451,0.84523,1.88,1.13
2011.06.17 16:28:20.626,0.8451,0.84521,1.50,1.88
2011.06.17 16:28:20.958,0.84507,0.84516,1.50,1.88
2011.06.17 16:28:21.077,0.84504,0.84516,1.50,2.63
2011.06.17 16:28:21.635,0.84502,0.84516,1.88,1.13
2011.06.17 16:28:22.375,0.84501,0.84514,2.63,1.88
2011.06.17 16:28:23.735,0.84501,0.84514,1.50,1.13
2011.06.17 16:28:24.516,0.84495,0.84509,1.50,1.88
2011.06.17 16:28:25.065,0.84494,0.84509,2.25,1.13
2011.06.17 16:28:27.565,0.84495,0.8451,1.50,1.88
2011.06.17 16:28:31.545,0.84495,0.8451,1.50,1.13
2011.06.17 16:28:31.984,0.84495,0.8451,1.50,1.13
2011.06.17 16:28:32.977,0.84495,0.8451,1.50,1.13
2011.06.17 16:28:33.751,0.84498,0.84514,1.50,5.10
2011.06.17 16:28:34.136,0.845,0.84516,2.25,6.00
2011.06.17 16:28:34.250,0.845,0.84516,2.25,1.88
2011.06.17 16:28:37.006,0.845,0.84516,2.25,2.25
2011.06.17 16:28:37.555,0.845,0.84516,2.25,2.25
2011.06.17 16:28:38.217,0.845,0.84516,3.38,1.50
2011.06.17 16:28:38.776,0.84504,0.84518,1.50,1.13
2011.06.17 16:28:38.887,0.84504,0.84518,1.88,1.13
2011.06.17 16:28:39.006,0.84505,0.84518,1.50,1.13
2011.06.17 16:28:39.338,0.84508,0.84522,1.50,2.25
2011.06.17 16:28:39.676,0.84509,0.84524,1.50,1.73
2011.06.17 16:28:40.328,0.84508,0.84523,2.25,1.13
2011.06.17 16:28:40.447,0.84508,0.84523,2.25,1.13
2011.06.17 16:28:41.326,0.84508,0.84524,2.63,1.35
2011.06.17 16:28:42.319,0.8451,0.84525,1.88,3.75
2011.06.17 16:28:42.875,0.84512,0.84527,1.50,2.63
2011.06.17 16:28:44.425,0.84512,0.84527,1.88,3.38
2011.06.17 16:28:44.977,0.84513,0.84527,1.88,1.13
2011.06.17 16:28:45.317,0.84512,0.84527,2.25,1.13
2011.06.17 16:28:46.450,0.84513,0.84527,2.63,1.13
2011.06.17 16:28:46.995,0.84514,0.84529,1.50,1.88
2011.06.17 16:28:49.638,0.84514,0.8453,2.25,2.48
2011.06.17 16:28:49.975,0.84519,0.84536,1.50,2.85
2011.06.17 16:28:50.085,0.84518,0.84533,3.00,1.13
2011.06.17 16:28:50.804,0.84518,0.84535,1.50,1.73
2011.06.17 16:28:50.916,0.84517,0.84532,2.63,1.13
2011.06.17 16:28:51.575,0.84518,0.84534,1.50,1.35
2011.06.17 16:28:51.904,0.84518,0.84534,2.25,1.35
2011.06.17 16:28:52.127,0.84519,0.84534,1.50,1.35
2011.06.17 16:28:52.787,0.84519,0.84534,2.25,1.35
2011.06.17 16:28:52.910,0.84521,0.84535,1.50,1.73
2011.06.17 16:28:53.136,0.84523,0.84537,1.50,1.73
2011.06.17 16:28:53.977,0.84521,0.84534,1.50,1.20
2011.06.17 16:28:54.100,0.84519,0.84533,1.88,1.35
2011.06.17 16:28:54.549,0.84519,0.84534,1.88,1.20
2011.06.17 16:28:56.096,0.84519,0.84534,1.88,1.95
2011.06.17 16:28:56.436,0.84516,0.8453,1.50,1.13
2011.06.17 16:28:56.985,0.84513,0.8453,3.75,1.13
2011.06.17 16:28:57.315,0.84514,0.8453,1.50,1.13
2011.06.17 16:28:58.086,0.84513,0.84529,3.75,1.13
2011.06.17 16:28:58.415,0.84514,0.84529,1.50,1.13
2011.06.17 16:29:09.650,0.84515,0.8453,1.50,1.13
2011.06.17 16:29:11.525,0.84517,0.84532,2.25,2.85
2011.06.17 16:29:14.278,0.84517,0.84532,1.50,2.10
2011.06.17 16:29:14.511,0.8452,0.84534,1.13,1.09
2011.06.17 16:29:14.740,0.84521,0.84538,1.88,3.60
2011.06.17 16:29:14.965,0.84521,0.84538,2.25,3.60
2011.06.17 16:29:15.294,0.84521,0.84538,2.25,3.60
2011.06.17 16:29:15.753,0.84521,0.84538,2.25,3.60
2011.06.17 16:29:16.203,0.84521,0.84531,1.13,1.13
2011.06.17 16:29:16.323,0.84517,0.84531,1.50,1.13
2011.06.17 16:29:16.444,0.84516,0.84528,1.29,1.13
2011.06.17 16:29:16.780,0.84515,0.84528,1.50,1.13
2011.06.17 16:29:17.338,0.84515,0.84532,1.50,2.48
2011.06.17 16:29:17.457,0.84515,0.84532,1.50,2.48
2011.06.17 16:29:18.445,0.84515,0.8453,1.88,1.13
2011.06.17 16:29:19.165,0.84517,0.84531,1.50,1.13
2011.06.17 16:29:19.726,0.84516,0.84531,2.25,1.13
2011.06.17 16:29:21.709,0.84517,0.84532,2.63,1.73
2011.06.17 16:29:22.048,0.8452,0.84535,1.50,2.25
2011.06.17 16:29:22.166,0.84521,0.84535,1.50,1.50
2011.06.17 16:29:23.049,0.8452,0.84535,2.25,1.50
2011.06.17 16:29:23.607,0.84521,0.84536,1.50,1.13
2011.06.17 16:29:24.297,0.84521,0.84534,1.50,1.13
2011.06.17 16:29:25.178,0.8452,0.84534,2.63,1.13
2011.06.17 16:29:25.737,0.8452,0.84533,2.63,1.13
2011.06.17 16:29:26.067,0.8452,0.84529,1.50,1.13
2011.06.17 16:29:26.296,0.84515,0.84529,1.88,1.13
2011.06.17 16:29:30.282,0.84516,0.84532,1.50,3.75
2011.06.17 16:29:30.616,0.84516,0.84531,1.50,1.13
2011.06.17 16:29:31.164,0.84516,0.84532,1.50,2.25
2011.06.17 16:29:32.154,0.84516,0.84532,1.50,3.00
2011.06.17 16:29:34.025,0.84516,0.84532,1.50,2.25
2011.06.17 16:29:39.669,0.84515,0.84529,1.13,1.13
2011.06.17 16:29:41.101,0.84514,0.84531,1.13,3.00
2011.06.17 16:29:41.821,0.84514,0.84529,1.50,1.13
2011.06.17 16:29:43.592,0.84514,0.8453,1.88,1.88
2011.06.17 16:29:44.150,0.84514,0.84531,2.63,1.13
2011.06.17 16:29:46.130,0.84513,0.8453,1.13,1.13
2011.06.17 16:29:46.675,0.84514,0.8453,1.13,1.13
2011.06.17 16:29:54.251,0.8451,0.84525,1.13,1.88
2011.06.17 16:29:57.118,0.84509,0.84524,1.13,1.13
2011.06.17 16:29:57.231,0.84509,0.84524,1.13,1.88
2011.06.17 16:29:57.560,0.84506,0.84522,1.50,1.88
2011.06.17 16:29:57.893,0.84504,0.84518,1.13,1.13
2011.06.17 16:29:58.557,0.84503,0.84519,1.88,1.13
2011.06.17 16:29:59.109,0.84503,0.8452,1.88,1.13
2011.06.17 16:30:00.319,0.84504,0.8452,1.13,1.13
2011.06.17 16:30:00.872,0.84505,0.84521,1.88,1.73
2011.06.17 16:30:01.429,0.84505,0.84521,1.13,1.73
2011.06.17 16:30:01.983,0.84506,0.8452,1.13,1.13
2011.06.17 16:30:04.042,0.84507,0.84523,1.50,3.75
2011.06.17 16:30:06.249,0.84509,0.84525,1.50,2.10
2011.06.17 16:30:07.459,0.84509,0.84524,1.50,1.73
2011.06.17 16:30:07.901,0.84507,0.84521,1.50,1.13
2011.06.17 16:30:08.399,0.84505,0.84522,1.13,1.88
2011.06.17 16:30:14.930,0.84504,0.84522,1.88,1.88
2011.06.17 16:30:15.920,0.84504,0.84521,1.88,1.13
2011.06.17 16:30:16.360,0.84504,0.84521,1.97,1.13
2011.06.17 16:30:24.299,0.84504,0.84521,1.97,1.13
2011.06.17 16:30:25.404,0.84506,0.84524,1.50,4.73
2011.06.17 16:30:25.630,0.84506,0.84523,1.50,1.50
2011.06.17 16:30:26.729,0.84506,0.84522,2.25,1.13
2011.06.17 16:30:27.278,0.84506,0.84522,1.50,1.13
2011.06.17 16:30:28.598,0.84506,0.84522,2.25,1.13
2011.06.17 16:30:29.148,0.84506,0.84521,2.25,1.13
2011.06.17 16:30:31.831,0.84506,0.84524,2.25,5.48
2011.06.17 16:30:32.061,0.84506,0.84524,2.25,3.98
2011.06.17 16:30:32.609,0.84506,0.84524,2.25,2.10
2011.06.17 16:30:40.079,0.84507,0.84525,2.25,1.35
2011.06.17 16:30:41.953,0.84508,0.84524,1.50,1.73
2011.06.17 16:30:43.320,0.84508,0.84524,1.50,1.73
2011.06.17 16:30:43.543,0.84509,0.84524,1.50,1.73
2011.06.17 16:30:45.201,0.84508,0.84522,1.50,1.13
2011.06.17 16:30:45.420,0.84508,0.84522,1.50,1.13
2011.06.17 16:30:46.960,0.84508,0.84522,1.50,1.13
2011.06.17 16:30:47.509,0.84508,0.84522,1.50,1.13
2011.06.17 16:30:49.313,0.84507,0.84522,2.25,1.13
2011.06.17 16:30:53.790,0.84507,0.84522,1.50,1.73
2011.06.17 16:30:53.902,0.84507,0.84525,2.25,4.73
2011.06.17 16:30:54.239,0.84507,0.84525,2.25,2.10
2011.06.17 16:31:00.568,0.84507,0.84525,2.25,3.60
2011.06.17 16:31:08.341,0.84507,0.84525,2.25,2.10
2011.06.17 16:31:08.559,0.84507,0.84525,2.25,2.10
2011.06.17 16:31:11.779,0.84507,0.84525,2.25,1.73
2011.06.17 16:31:12.256,0.84513,0.84526,1.13,4.88
2011.06.17 16:31:12.705,0.84514,0.84531,2.25,2.48
2011.06.17 16:31:12.822,0.84516,0.84531,1.50,2.48
2011.06.17 16:31:12.941,0.84517,0.84531,1.13,1.88
2011.06.17 16:31:14.050,0.84518,0.84532,1.50,3.75
2011.06.17 16:31:20.101,0.84519,0.84534,1.13,2.85
2011.06.17 16:31:20.430,0.84521,0.84535,1.13,1.13
2011.06.17 16:31:21.314,0.84521,0.84535,1.88,1.88
2011.06.17 16:31:21.650,0.8452,0.84535,1.50,2.63
2011.06.17 16:31:22.200,0.84519,0.84535,1.88,1.13
2011.06.17 16:31:22.310,0.84519,0.84535,1.88,1.13
2011.06.17 16:31:28.399,0.84519,0.84535,1.13,1.50
2011.06.17 16:31:28.729,0.84519,0.84535,1.13,2.48
2011.06.17 16:31:28.951,0.8452,0.84535,1.88,1.73
2011.06.17 16:31:29.763,0.84521,0.84536,1.50,1.13
2011.06.17 16:31:30.983,0.84519,0.84536,2.63,1.13
2011.06.17 16:31:31.541,0.84522,0.84537,1.50,1.13
2011.06.17 16:31:34.180,0.8452,0.84538,1.88,1.35
2011.06.17 16:31:34.729,0.84521,0.84538,1.13,1.35
2011.06.17 16:31:35.171,0.84524,0.84539,1.13,3.60
2011.06.17 16:31:35.609,0.84526,0.84544,1.50,2.85
2011.06.17 16:31:36.100,0.84528,0.84544,1.13,1.13
2011.06.17 16:31:37.642,0.84529,0.84545,1.13,2.25
2011.06.17 16:31:39.630,0.84529,0.84545,1.50,2.63
2011.06.17 16:31:40.785,0.84528,0.84543,1.50,1.73
2011.06.17 16:31:42.440,0.84527,0.84544,1.88,1.35
2011.06.17 16:31:42.662,0.84529,0.84544,1.50,1.35
2011.06.17 16:31:43.440,0.84529,0.84546,1.50,3.60
2011.06.17 16:31:46.542,0.84529,0.84546,1.50,4.35
2011.06.17 16:31:47.650,0.84529,0.84544,1.50,1.35
2011.06.17 16:31:48.091,0.84528,0.84543,1.50,1.73
2011.06.17 16:31:48.310,0.84526,0.84543,1.50,1.73
2011.06.17 16:31:49.630,0.84525,0.84542,2.63,1.73
2011.06.17 16:31:50.949,0.84525,0.84542,2.63,1.73
2011.06.17 16:31:51.390,0.84526,0.84542,1.50,1.73
2011.06.17 16:31:52.106,0.84527,0.84545,1.50,2.48
2011.06.17 16:31:52.440,0.84527,0.84545,1.50,2.10
2011.06.17 16:31:52.880,0.84527,0.84543,1.50,1.35
2011.06.17 16:31:53.101,0.84526,0.84543,3.38,2.10
2011.06.17 16:31:53.322,0.84528,0.84544,1.50,1.35
2011.06.17 16:31:53.880,0.8453,0.84545,1.50,1.35
2011.06.17 16:31:56.812,0.8453,0.84544,1.50,1.35
2011.06.17 16:32:01.021,0.84529,0.84546,1.88,3.60
2011.06.17 16:32:02.352,0.84529,0.84545,1.88,1.13
2011.06.17 16:32:03.033,0.84529,0.84547,2.63,3.98
2011.06.17 16:32:03.375,0.84529,0.8454,1.88,2.10
2011.06.17 16:32:03.603,0.84525,0.84539,1.13,3.00
2011.06.17 16:32:03.724,0.84524,0.84539,1.50,3.38
2011.06.17 16:32:05.271,0.84523,0.84539,1.50,2.25
2011.06.17 16:32:05.825,0.84525,0.84539,1.50,1.73
2011.06.17 16:32:06.053,0.84526,0.8454,1.50,2.48
2011.06.17 16:32:06.283,0.84526,0.84542,2.25,1.35
2011.06.17 16:32:06.836,0.84526,0.84543,1.50,2.48
2011.06.17 16:32:07.391,0.84526,0.8454,2.25,1.13
2011.06.17 16:32:07.940,0.84524,0.8454,2.63,1.88
2011.06.17 16:32:08.490,0.84524,0.8454,2.63,1.88
2011.06.17 16:32:09.374,0.84525,0.8454,1.50,1.13
2011.06.17 16:32:09.604,0.8453,0.84542,1.50,1.13
2011.06.17 16:32:09.724,0.8453,0.84546,2.25,1.35
2011.06.17 16:32:12.310,0.8453,0.84546,2.25,1.35
2011.06.17 16:32:12.859,0.84532,0.84546,1.50,1.35
2011.06.17 16:32:14.511,0.8453,0.84542,1.50,2.63
2011.06.17 16:32:14.622,0.84528,0.84542,1.50,2.63
2011.06.17 16:32:15.952,0.84527,0.84539,1.50,1.13
2011.06.17 16:32:16.073,0.84523,0.84537,1.50,1.88
2011.06.17 16:32:16.580,0.84523,0.84536,1.50,1.88
2011.06.17 16:32:16.709,0.84516,0.84533,2.63,4.13
2011.06.17 16:32:16.821,0.84516,0.8453,1.13,1.13
2011.06.17 16:32:17.042,0.84516,0.8453,1.88,1.13
2011.06.17 16:32:18.029,0.84518,0.84532,1.88,1.13
2011.06.17 16:32:18.581,0.8452,0.84534,1.50,1.88
2011.06.17 16:32:18.911,0.84524,0.84541,2.25,1.35
2011.06.17 16:32:19.459,0.84526,0.84541,1.50,1.31
2011.06.17 16:32:21.444,0.84527,0.84542,1.50,1.35
2011.06.17 16:32:21.563,0.84529,0.84544,1.88,1.13
2011.06.17 16:32:21.681,0.84532,0.84547,1.50,1.35
2011.06.17 16:32:22.347,0.84532,0.84547,1.50,1.35
2011.06.17 16:32:22.577,0.84531,0.84547,2.25,1.35
2011.06.17 16:32:23.130,0.84531,0.84546,1.50,1.73
2011.06.17 16:32:25.220,0.84531,0.84547,1.50,3.00
2011.06.17 16:32:26.650,0.84531,0.84546,1.50,1.13
2011.06.17 16:32:26.869,0.84532,0.84546,1.50,1.13
2011.06.17 16:32:29.421,0.84532,0.84547,1.50,1.50
2011.06.17 16:32:29.761,0.84533,0.84548,1.50,1.46
2011.06.17 16:32:31.960,0.84534,0.84548,1.13,1.13
2011.06.17 16:32:32.073,0.84533,0.84548,2.63,1.13
2011.06.17 16:32:32.192,0.84536,0.84552,1.50,2.25
2011.06.17 16:32:32.750,0.84536,0.84552,2.25,1.50
2011.06.17 16:32:33.300,0.84536,0.84552,2.25,1.50
2011.06.17 16:32:36.263,0.84536,0.84552,2.25,2.25
2011.06.17 16:32:36.601,0.84538,0.84553,1.50,1.13
2011.06.17 16:32:37.150,0.84538,0.84552,1.50,1.73
2011.06.17 16:32:38.140,0.84536,0.84552,1.50,2.10
2011.06.17 16:32:38.469,0.84537,0.84552,1.50,1.50
2011.06.17 16:32:39.789,0.84537,0.84552,1.50,1.50
2011.06.17 16:32:40.593,0.84536,0.84552,2.25,2.25
2011.06.17 16:32:40.712,0.84536,0.84551,2.25,1.13
2011.06.17 16:32:43.582,0.84536,0.84552,2.25,2.25
2011.06.17 16:32:43.809,0.84536,0.84552,2.25,1.50
2011.06.17 16:32:44.250,0.84536,0.84551,2.25,1.28
2011.06.17 16:32:45.462,0.84536,0.84547,2.25,1.50
2011.06.17 16:32:45.695,0.84533,0.84546,1.50,1.73
2011.06.17 16:32:45.921,0.84531,0.84547,1.50,3.60
2011.06.17 16:32:47.435,0.84529,0.84543,1.13,2.18
2011.06.17 16:32:47.558,0.84527,0.84542,2.25,3.23
2011.06.17 16:32:48.110,0.84527,0.84541,1.50,3.53
2011.06.17 16:32:48.995,0.84527,0.84541,1.50,2.03
2011.06.17 16:32:49.452,0.84528,0.84543,1.50,1.13
2011.06.17 16:32:49.793,0.84531,0.84547,1.50,1.35
2011.06.17 16:32:51.363,0.84532,0.84547,1.50,1.35
2011.06.17 16:32:52.804,0.84532,0.84547,1.50,1.35
2011.06.17 16:32:53.362,0.84532,0.84546,1.50,2.48
2011.06.17 16:32:59.039,0.84531,0.84547,2.25,1.35
2011.06.17 16:32:59.369,0.84531,0.84547,2.25,1.35
2011.06.17 16:33:01.349,0.84531,0.84547,2.25,2.10
2011.06.17 16:33:01.901,0.84532,0.84548,1.50,3.19
2011.06.17 16:33:08.940,0.84534,0.84548,1.50,2.85
2011.06.17 16:33:09.491,0.84533,0.84548,1.50,4.73
2011.06.17 16:33:17.952,0.84531,0.84544,1.50,1.13
2011.06.17 16:33:18.183,0.84528,0.84544,1.50,2.85
2011.06.17 16:33:18.422,0.84525,0.84538,1.50,2.63
2011.06.17 16:33:18.543,0.84523,0.84537,1.13,1.13
2011.06.17 16:33:18.665,0.84522,0.84538,2.25,2.25
2011.06.17 16:33:19.221,0.84522,0.84537,1.50,1.13
2011.06.17 16:33:20.629,0.84522,0.84537,1.50,1.50
2011.06.17 16:33:21.069,0.84522,0.84537,1.50,1.13
2011.06.17 16:33:22.861,0.84522,0.84537,1.50,1.50
2011.06.17 16:33:22.971,0.84522,0.84537,1.50,1.13
2011.06.17 16:33:24.619,0.84522,0.84538,1.50,1.13
2011.06.17 16:33:24.839,0.84522,0.84538,1.50,1.50
2011.06.17 16:33:25.389,0.84522,0.84538,1.50,1.50
2011.06.17 16:33:27.369,0.84522,0.84537,1.50,1.13
2011.06.17 16:33:28.280,0.84522,0.84538,1.50,1.50
2011.06.17 16:33:30.153,0.84522,0.84539,1.50,6.98
2011.06.17 16:33:30.272,0.84522,0.84539,2.63,2.85
2011.06.17 16:33:30.393,0.84525,0.8454,1.88,2.25
2011.06.17 16:33:30.729,0.84527,0.84542,1.88,3.00
2011.06.17 16:33:30.843,0.84529,0.84542,1.13,1.13
2011.06.17 16:33:31.183,0.84529,0.84544,1.88,1.35
2011.06.17 16:33:32.280,0.84529,0.84544,1.50,1.35
2011.06.17 16:33:33.050,0.84529,0.84544,1.50,1.35
2011.06.17 16:33:33.600,0.84528,0.84544,1.88,1.35
2011.06.17 16:33:36.192,0.8453,0.84546,1.13,3.98
2011.06.17 16:33:36.531,0.84534,0.84547,1.13,1.13
2011.06.17 16:33:36.862,0.84532,0.84547,2.25,3.98
2011.06.17 16:33:36.983,0.8453,0.84544,1.13,1.88
2011.06.17 16:33:37.100,0.8453,0.84544,1.13,1.88
2011.06.17 16:33:37.650,0.84529,0.84544,1.88,1.13
2011.06.17 16:33:37.979,0.84529,0.84544,1.50,1.13
2011.06.17 16:33:39.701,0.84529,0.84545,1.50,1.73
2011.06.17 16:33:40.045,0.84532,0.84547,1.50,2.10
2011.06.17 16:33:40.271,0.84533,0.84548,1.88,3.00
2011.06.17 16:33:40.709,0.84534,0.8455,1.50,1.73
2011.06.17 16:33:43.911,0.84534,0.84551,1.50,2.48
2011.06.17 16:33:45.906,0.84535,0.84552,2.25,2.10
2011.06.17 16:33:46.362,0.84537,0.84552,1.50,1.35
2011.06.17 16:33:47.803,0.84537,0.84552,1.50,2.85
2011.06.17 16:33:51.676,0.8454,0.84554,1.50,1.35
2011.06.17 16:33:52.780,0.84542,0.84556,1.50,3.60
2011.06.17 16:34:01.623,0.84543,0.84556,1.13,1.13
2011.06.17 16:34:01.743,0.84545,0.84561,2.25,2.25
2011.06.17 16:34:02.298,0.84545,0.84562,2.25,1.84
2011.06.17 16:34:02.963,0.84546,0.84563,1.50,1.84
2011.06.17 16:34:03.741,0.84547,0.84562,1.50,1.50
2011.06.17 16:34:03.852,0.84546,0.84558,1.50,1.73
2011.06.17 16:34:05.511,0.84547,0.84562,1.50,1.50
2011.06.17 16:34:06.261,0.84548,0.84562,1.50,1.09
2011.06.17 16:34:07.030,0.84548,0.84563,1.50,1.69
2011.06.17 16:34:16.439,0.84549,0.84563,1.50,1.31
2011.06.17 16:34:16.661,0.84549,0.84564,1.50,1.35
2011.06.17 16:34:17.222,0.84549,0.84564,1.50,1.35
2011.06.17 16:34:18.001,0.8455,0.84564,2.25,1.35
2011.06.17 16:34:18.951,0.84551,0.84565,2.63,2.25
2011.06.17 16:34:19.280,0.84553,0.84569,1.13,3.00
2011.06.17 16:34:19.394,0.84554,0.84569,1.13,3.34
2011.06.17 16:34:19.951,0.84556,0.8457,1.88,2.25
2011.06.17 16:34:22.040,0.84556,0.84572,1.88,2.85
2011.06.17 16:34:22.589,0.84556,0.84572,1.88,2.85
2011.06.17 16:34:22.809,0.84556,0.84572,1.88,2.85
2011.06.17 16:34:23.141,0.84557,0.84572,1.50,2.85
2011.06.17 16:34:23.692,0.8456,0.84573,1.50,1.35
2011.06.17 16:34:27.470,0.8456,0.84573,1.50,1.35
2011.06.17 16:34:27.909,0.84562,0.84573,1.50,1.35
2011.06.17 16:34:28.900,0.8456,0.84573,1.50,1.35
2011.06.17 16:34:37.164,0.84561,0.84576,1.50,1.73
2011.06.17 16:34:38.824,0.84562,0.84577,1.88,2.25
2011.06.17 16:34:39.380,0.84563,0.84579,1.88,1.31
2011.06.17 16:34:40.301,0.84564,0.84579,1.13,3.19
2011.06.17 16:34:42.170,0.84564,0.84579,1.13,3.19
2011.06.17 16:34:45.269,0.84563,0.84579,1.88,3.19
2011.06.17 16:34:45.819,0.84563,0.84579,1.88,3.94
2011.06.17 16:34:46.370,0.84563,0.84579,1.88,3.60
2011.06.17 16:34:46.886,0.84563,0.84579,1.88,2.25
2011.06.17 16:34:51.512,0.84568,0.84583,1.50,1.73
2011.06.17 16:34:51.621,0.84569,0.84583,1.88,1.35
2011.06.17 16:34:52.130,0.84569,0.84584,1.13,2.59
2011.06.17 16:34:52.900,0.84569,0.84585,2.63,6.07
2011.06.17 16:34:54.989,0.84571,0.84585,1.50,2.44
2011.06.17 16:34:55.891,0.84569,0.84586,1.13,2.85
2011.06.17 16:34:56.005,0.84569,0.84586,1.13,2.85
2011.06.17 16:34:57.990,0.8457,0.84585,1.50,1.35
2011.06.17 16:34:58.319,0.8457,0.84586,1.50,1.35
2011.06.17 16:34:59.620,0.8457,0.84586,1.50,1.35
2011.06.17 16:34:59.839,0.8457,0.84586,1.50,1.35
2011.06.17 16:35:00.390,0.8457,0.84586,1.50,1.35
2011.06.17 16:35:00.831,0.84569,0.84584,1.88,1.13
2011.06.17 16:35:01.232,0.84569,0.84584,2.63,1.13
2011.06.17 16:35:01.346,0.8457,0.84584,1.50,1.13
2011.06.17 16:35:02.673,0.84572,0.84586,1.50,1.13
2011.06.17 16:35:03.015,0.84576,0.84593,2.25,1.50
2011.06.17 16:35:03.350,0.84578,0.84594,1.50,1.35
2011.06.17 16:35:03.684,0.84577,0.84594,1.88,2.10
2011.06.17 16:35:05.030,0.84577,0.84594,1.88,4.35
2011.06.17 16:35:05.579,0.84577,0.84594,1.88,3.60
2011.06.17 16:35:09.540,0.84577,0.84594,1.88,3.60
2011.06.17 16:35:10.206,0.84577,0.84592,1.88,1.13
2011.06.17 16:35:10.322,0.84577,0.84592,1.50,1.13
2011.06.17 16:35:10.660,0.84574,0.84588,1.13,1.13
2011.06.17 16:35:11.178,0.84573,0.84588,1.13,1.88
2011.06.17 16:35:11.301,0.84566,0.84581,1.88,1.20
2011.06.17 16:35:11.409,0.84566,0.8458,1.50,2.33
2011.06.17 16:35:11.960,0.84563,0.8458,1.88,3.68
2011.06.17 16:35:12.073,0.84563,0.84579,2.63,1.13
2011.06.17 16:35:13.070,0.84563,0.8458,2.63,2.85
2011.06.17 16:35:13.293,0.84564,0.8458,1.88,2.10
2011.06.17 16:35:13.411,0.84567,0.8458,1.13,1.73
2011.06.17 16:35:13.631,0.84569,0.84581,1.13,1.88
2011.06.17 16:35:14.291,0.8457,0.84583,1.13,2.25
2011.06.17 16:35:17.031,0.8457,0.84583,1.13,1.88
2011.06.17 16:35:17.252,0.8457,0.84583,1.13,1.88
2011.06.17 16:35:17.370,0.8457,0.84586,1.13,2.25
2011.06.17 16:35:18.871,0.8457,0.84585,1.13,2.25
2011.06.17 16:35:19.530,0.84571,0.84585,1.13,2.25
2011.06.17 16:35:21.261,0.84571,0.84585,1.13,2.25
2011.06.17 16:35:23.242,0.8457,0.84585,1.13,1.13
2011.06.17 16:35:23.360,0.8457,0.84585,1.13,1.13
2011.06.17 16:35:23.909,0.8457,0.84584,1.13,1.13
2011.06.17 16:35:25.229,0.8457,0.84584,1.13,2.63
2011.06.17 16:35:26.791,0.8457,0.84584,1.13,1.13
2011.06.17 16:35:28.881,0.84568,0.84584,1.88,1.13
2011.06.17 16:35:28.992,0.84568,0.84584,1.13,2.48
2011.06.17 16:35:29.990,0.84567,0.84583,1.13,1.13
2011.06.17 16:35:30.870,0.84567,0.84584,1.13,2.85
2011.06.17 16:35:34.419,0.84569,0.84584,3.31,1.73
2011.06.17 16:35:34.532,0.84569,0.84584,8.56,1.35
2011.06.17 16:35:34.861,0.84569,0.84585,1.88,2.81
2011.06.17 16:35:35.409,0.84569,0.84582,1.13,1.13
2011.06.17 16:35:39.234,0.84568,0.84582,1.13,2.03
2011.06.17 16:35:40.449,0.84568,0.84582,1.13,1.13
2011.06.17 16:35:41.110,0.84568,0.84582,1.88,1.13
2011.06.17 16:35:42.871,0.84567,0.8458,1.50,1.13
2011.06.17 16:35:45.299,0.84567,0.8458,1.50,1.13
2011.06.17 16:35:54.724,0.84566,0.8458,1.13,1.80
2011.06.17 16:35:55.279,0.84566,0.8458,1.88,1.95
2011.06.17 16:35:57.921,0.84566,0.8458,1.13,1.13
2011.06.17 16:36:01.434,0.84567,0.8458,1.50,1.13
2011.06.17 16:36:01.550,0.84567,0.8458,1.50,1.13
2011.06.17 16:36:01.775,0.84567,0.8458,1.50,1.13
2011.06.17 16:36:04.386,0.84566,0.8458,1.13,1.13
2011.06.17 16:36:05.709,0.84566,0.8458,1.13,1.58
2011.06.17 16:36:07.255,0.84566,0.84579,1.73,1.20
2011.06.17 16:36:07.593,0.84566,0.84578,1.73,1.58
2011.06.17 16:36:08.149,0.84566,0.84579,1.73,1.35
2011.06.17 16:36:08.732,0.84565,0.84577,1.13,1.50
2011.06.17 16:36:09.083,0.84562,0.84574,1.73,1.20
2011.06.17 16:36:10.632,0.8456,0.84575,3.23,1.50
2011.06.17 16:36:12.621,0.84563,0.84575,1.13,1.73
2011.06.17 16:36:15.500,0.84562,0.84575,1.73,1.88
2011.06.17 16:36:16.163,0.84562,0.84575,1.73,1.50
2011.06.17 16:36:16.285,0.84563,0.84575,1.13,1.50
2011.06.17 16:36:18.929,0.84562,0.84573,1.13,1.43
2011.06.17 16:36:20.029,0.84563,0.84574,1.13,1.43
2011.06.17 16:36:20.364,0.84559,0.84571,1.73,1.13
2011.06.17 16:36:22.789,0.84559,0.84571,1.13,1.13
2011.06.17 16:36:24.883,0.84558,0.84571,1.13,1.13
2011.06.17 16:36:25.000,0.84558,0.84571,1.13,1.13
2011.06.17 16:36:25.550,0.84558,0.84571,1.13,1.13
2011.06.17 16:36:25.884,0.84563,0.84577,1.50,4.50
2011.06.17 16:36:26.111,0.8456,0.84578,2.25,1.50
2011.06.17 16:36:26.223,0.8456,0.84578,1.50,2.63
2011.06.17 16:36:26.560,0.84562,0.84577,1.13,1.88
2011.06.17 16:36:27.103,0.84564,0.84579,3.75,2.25
2011.06.17 16:36:28.102,0.84565,0.84577,1.13,1.13
2011.06.17 16:36:28.334,0.84564,0.84577,1.13,1.13
2011.06.17 16:36:28.890,0.84561,0.84576,2.25,1.13
2011.06.17 16:36:29.993,0.84564,0.84576,1.13,1.13
2011.06.17 16:36:30.222,0.84561,0.84577,1.13,1.13
2011.06.17 16:36:31.923,0.84564,0.84577,1.13,1.13
2011.06.17 16:36:32.480,0.84563,0.84577,1.13,1.13
2011.06.17 16:36:34.130,0.84563,0.84577,1.13,1.13
2011.06.17 16:36:34.240,0.84563,0.84577,1.13,1.13
2011.06.17 16:36:35.566,0.84563,0.84578,2.63,1.13
2011.06.17 16:36:35.899,0.84564,0.8458,1.13,1.73
2011.06.17 16:36:37.110,0.84564,0.84578,1.13,1.13
2011.06.17 16:36:39.041,0.84561,0.84575,1.13,1.13
2011.06.17 16:36:39.591,0.84558,0.84574,1.13,1.13
2011.06.17 16:36:40.361,0.84558,0.84573,1.13,1.88
2011.06.17 16:36:40.479,0.84558,0.8457,1.13,1.50
2011.06.17 16:36:40.599,0.84553,0.84566,1.50,1.13
2011.06.17 16:36:40.821,0.84551,0.84566,1.13,1.88
2011.06.17 16:36:41.369,0.8455,0.84566,1.13,2.63
2011.06.17 16:36:42.140,0.84549,0.84565,2.41,1.13
2011.06.17 16:36:42.361,0.84549,0.84565,2.25,1.13
2011.06.17 16:36:43.485,0.84554,0.84568,1.88,1.13
2011.06.17 16:36:43.711,0.84556,0.84571,1.13,3.00
2011.06.17 16:36:43.930,0.84556,0.84571,1.88,3.00
2011.06.17 16:36:44.479,0.84557,0.84571,1.13,1.13
2011.06.17 16:36:45.141,0.84558,0.84573,1.13,3.75
2011.06.17 16:36:45.471,0.8456,0.84577,1.13,4.09
2011.06.17 16:36:46.020,0.84562,0.84578,1.13,1.13
2011.06.17 16:36:46.352,0.84566,0.84584,1.88,1.73
2011.06.17 16:36:46.572,0.84571,0.84584,1.13,1.13
2011.06.17 16:36:47.400,0.84571,0.84583,1.13,1.13
2011.06.17 16:36:47.514,0.84569,0.84584,1.13,5.47
2011.06.17 16:36:49.170,0.84568,0.84583,1.13,2.63
2011.06.17 16:36:49.500,0.84569,0.84583,1.13,1.88
2011.06.17 16:36:50.050,0.84569,0.84583,1.13,1.13
2011.06.17 16:36:50.494,0.84567,0.84581,1.13,1.13
2011.06.17 16:36:50.836,0.84565,0.84578,1.13,1.13
2011.06.17 16:36:51.390,0.84564,0.84578,1.13,1.13
2011.06.17 16:36:54.130,0.84564,0.84578,1.13,1.13
2011.06.17 16:36:54.241,0.84563,0.84578,1.13,1.13
2011.06.17 16:36:54.789,0.84563,0.8458,1.13,1.73
2011.06.17 16:36:55.452,0.84563,0.8458,1.13,2.48
2011.06.17 16:36:56.110,0.84563,0.8458,1.13,2.48
2011.06.17 16:36:56.802,0.84563,0.8458,1.13,1.73
2011.06.17 16:36:59.221,0.8456,0.84574,1.88,1.13
2011.06.17 16:36:59.444,0.84558,0.84571,3.00,1.13
2011.06.17 16:36:59.567,0.84558,0.84569,2.25,1.13
2011.06.17 16:37:00.022,0.84554,0.84572,2.63,5.47
2011.06.17 16:37:00.141,0.84554,0.84572,2.63,3.00
2011.06.17 16:37:00.805,0.84555,0.84571,1.50,2.25
2011.06.17 16:37:01.581,0.84556,0.84571,1.50,1.13
2011.06.17 16:37:01.912,0.84554,0.84571,1.13,1.50
2011.06.17 16:37:02.133,0.84554,0.84569,1.13,1.13
2011.06.17 16:37:03.696,0.84554,0.8457,3.38,1.73
2011.06.17 16:37:03.818,0.8456,0.84572,1.13,1.13
2011.06.17 16:37:04.041,0.84562,0.84576,1.13,1.13
2011.06.17 16:37:04.590,0.84562,0.84576,1.13,1.50
2011.06.17 16:37:05.581,0.84562,0.84578,1.13,1.50
2011.06.17 16:37:07.451,0.84565,0.84578,1.50,1.13
2011.06.17 16:37:07.783,0.84568,0.84583,1.13,1.13
2011.06.17 16:37:08.230,0.84568,0.84582,1.13,1.13
2011.06.17 16:37:08.341,0.84567,0.84581,1.88,1.13
2011.06.17 16:37:09.008,0.84567,0.84581,1.13,1.13
2011.06.17 16:37:09.561,0.84563,0.84578,1.88,1.13
2011.06.17 16:37:11.980,0.84563,0.84578,1.13,1.13
2011.06.17 16:37:12.312,0.84565,0.84581,1.13,2.10
2011.06.17 16:37:12.542,0.84565,0.84582,1.13,3.75
2011.06.17 16:37:12.981,0.84567,0.84582,1.13,3.00
2011.06.17 16:37:13.530,0.84568,0.84583,1.13,1.73
2011.06.17 16:37:14.081,0.84569,0.84583,1.13,1.13
2011.06.17 16:37:17.809,0.84571,0.84583,1.13,1.13
2011.06.17 16:37:22.430,0.8457,0.84583,1.13,1.13
2011.06.17 16:37:22.980,0.84567,0.84581,1.13,1.50
2011.06.17 16:37:23.090,0.84565,0.84581,2.10,1.50
2011.06.17 16:37:23.311,0.84567,0.84582,1.13,1.88
2011.06.17 16:37:24.401,0.84567,0.84582,1.13,1.13
2011.06.17 16:37:28.361,0.84566,0.84581,1.13,2.25
2011.06.17 16:37:28.583,0.84564,0.84577,1.13,1.13
2011.06.17 16:37:28.919,0.8456,0.84577,4.50,1.13
2011.06.17 16:37:29.803,0.84562,0.84577,1.13,1.13
2011.06.17 16:37:31.690,0.8456,0.84577,2.63,1.13
2011.06.17 16:37:32.242,0.84562,0.84577,1.13,1.13
2011.06.17 16:37:32.789,0.84563,0.84578,1.13,1.13
2011.06.17 16:37:34.486,0.84561,0.84577,1.50,1.73
2011.06.17 16:37:34.712,0.8456,0.84575,1.13,1.13
2011.06.17 16:37:35.480,0.84559,0.84576,1.88,2.48
2011.06.17 16:37:37.132,0.84559,0.84576,2.63,1.73
2011.06.17 16:37:37.239,0.84561,0.84578,1.13,1.73
2011.06.17 16:37:37.789,0.84561,0.84578,1.13,1.73
2011.06.17 16:37:38.339,0.84562,0.84578,1.13,1.73
2011.06.17 16:37:38.890,0.84562,0.84578,1.13,1.73
2011.06.17 16:37:39.541,0.84561,0.84576,1.50,1.73
2011.06.17 16:37:39.871,0.8456,0.84576,1.88,1.73
2011.06.17 16:37:40.095,0.8456,0.84574,1.13,1.13
2011.06.17 16:37:44.279,0.84561,0.84575,1.13,2.85
2011.06.17 16:37:44.393,0.84561,0.84576,1.13,1.13
2011.06.17 16:37:44.949,0.84562,0.84576,1.13,1.13
2011.06.17 16:37:46.609,0.84559,0.84573,1.13,1.13
2011.06.17 16:37:47.162,0.84557,0.84572,1.13,1.50
2011.06.17 16:37:49.242,0.84554,0.84567,2.25,1.50
2011.06.17 16:37:49.369,0.84552,0.84567,1.13,1.88
2011.06.17 16:37:54.591,0.84555,0.84571,1.13,1.13
2011.06.17 16:37:54.700,0.84555,0.84571,1.13,1.13
2011.06.17 16:37:55.801,0.84556,0.84572,1.13,1.13
2011.06.17 16:37:56.308,0.8456,0.84575,1.88,1.13
2011.06.17 16:37:56.861,0.84562,0.84577,1.13,1.73
2011.06.17 16:37:57.521,0.84561,0.84577,1.13,1.73
2011.06.17 16:37:58.070,0.84561,0.84577,1.13,1.73
2011.06.17 16:37:59.390,0.84561,0.84575,1.13,1.13
2011.06.17 16:38:00.147,0.8456,0.84575,1.13,1.13
2011.06.17 16:38:01.161,0.8456,0.84575,1.13,1.13
2011.06.17 16:38:05.121,0.8456,0.84575,1.13,1.13
2011.06.17 16:38:13.068,0.84564,0.84578,1.13,1.88
2011.06.17 16:38:13.413,0.84566,0.8458,1.13,1.50
2011.06.17 16:38:23.560,0.84561,0.84577,1.13,1.88
2011.06.17 16:38:23.902,0.84561,0.84576,1.13,1.88
2011.06.17 16:38:25.883,0.84559,0.84575,3.75,1.50
2011.06.17 16:38:26.439,0.84561,0.84576,1.13,1.88
2011.06.17 16:38:27.104,0.84563,0.84576,1.13,1.13
2011.06.17 16:38:27.552,0.84563,0.8458,2.41,1.73
2011.06.17 16:38:27.882,0.84568,0.84582,1.13,1.13
2011.06.17 16:38:32.461,0.84563,0.84581,1.13,3.23
2011.06.17 16:38:32.572,0.84563,0.84579,1.13,1.73
2011.06.17 16:38:33.129,0.84561,0.84578,1.88,1.13
2011.06.17 16:38:37.674,0.84561,0.84578,2.63,1.13
2011.06.17 16:38:38.230,0.84563,0.84578,1.13,1.13
2011.06.17 16:38:38.340,0.84563,0.84579,1.13,1.35
2011.06.17 16:38:38.889,0.84565,0.8458,2.63,2.48
2011.06.17 16:38:54.260,0.84565,0.8458,1.88,2.10
2011.06.17 16:38:54.592,0.84567,0.84582,1.88,3.75
2011.06.17 16:38:55.256,0.84566,0.84582,1.13,1.13
2011.06.17 16:39:01.640,0.84569,0.84583,1.13,1.13
2011.06.17 16:39:02.631,0.84566,0.84582,3.38,1.88
2011.06.17 16:39:03.317,0.84568,0.84582,1.13,1.13
2011.06.17 16:39:15.810,0.84568,0.84583,1.13,1.50
2011.06.17 16:39:16.803,0.8457,0.84584,1.13,1.13
2011.06.17 16:39:17.031,0.84571,0.84586,1.88,1.13
2011.06.17 16:39:17.360,0.84571,0.84588,2.63,3.00
2011.06.17 16:39:33.201,0.84572,0.84588,1.88,1.13
2011.06.17 16:39:33.530,0.84573,0.84588,1.13,1.13
2011.06.17 16:39:39.239,0.84575,0.8459,2.63,1.13
2011.06.17 16:39:40.119,0.84577,0.84593,1.13,2.85
2011.06.17 16:39:40.669,0.84576,0.84593,1.13,2.85
2011.06.17 16:39:49.450,0.84577,0.84592,1.13,3.23
2011.06.17 16:39:52.806,0.84575,0.84591,1.13,3.23
2011.06.17 16:39:52.928,0.84575,0.84591,1.13,3.98
2011.06.17 16:39:53.481,0.84573,0.84589,1.13,1.73
2011.06.17 16:40:00.770,0.84573,0.84588,1.13,1.13
2011.06.17 16:40:01.980,0.84573,0.84588,1.13,1.13
2011.06.17 16:40:08.941,0.84572,0.84587,1.13,2.63
2011.06.17 16:40:09.052,0.84572,0.84587,1.13,4.50
2011.06.17 16:40:15.541,0.84567,0.84583,2.10,1.50
2011.06.17 16:40:17.831,0.84571,0.84586,1.13,3.00
2011.06.17 16:40:47.432,0.84567,0.84584,1.13,1.13
2011.06.17 16:40:53.162,0.8457,0.84585,1.13,1.13
2011.06.17 16:40:53.393,0.84572,0.84587,1.88,1.88
2011.06.17 16:40:55.090,0.84572,0.84589,1.13,1.13
2011.06.17 16:41:04.402,0.84572,0.84589,1.13,1.13
2011.06.17 16:41:04.510,0.84572,0.84589,1.13,1.13
2011.06.17 16:41:09.880,0.84574,0.84589,1.13,1.13
2011.06.17 16:41:09.990,0.84574,0.84589,1.13,1.13
2011.06.17 16:41:12.679,0.84574,0.84588,1.13,1.13
2011.06.17 16:41:19.891,0.84574,0.8459,1.13,1.88
2011.06.17 16:41:20.440,0.84574,0.84589,1.13,1.13
2011.06.17 16:41:20.989,0.84573,0.84588,1.13,1.13
2011.06.17 16:41:34.733,0.84574,0.84588,1.88,1.13
2011.06.17 16:41:35.949,0.84574,0.84589,3.38,1.13
2011.06.17 16:41:47.572,0.84576,0.8459,1.50,1.35
2011.06.17 16:41:48.122,0.84578,0.8459,1.50,1.35
2011.06.17 16:41:48.671,0.84578,0.84592,1.50,2.25
2011.06.17 16:41:49.191,0.84577,0.84594,2.63,3.00
2011.06.17 16:41:52.381,0.84578,0.84593,1.50,1.88
2011.06.17 16:41:52.930,0.84577,0.84593,1.50,1.73
2011.06.17 16:41:53.812,0.84576,0.84592,1.50,2.10
2011.06.17 16:41:54.395,0.84576,0.84592,1.50,3.98
2011.06.17 16:41:56.501,0.84575,0.84591,1.13,2.25
2011.06.17 16:41:57.600,0.84575,0.84591,1.88,2.25
2011.06.17 16:41:58.150,0.84575,0.8459,1.88,1.13
2011.06.17 16:41:59.690,0.84575,0.8459,2.63,1.13
2011.06.17 16:42:00.820,0.84576,0.8459,1.50,1.13
2011.06.17 16:42:05.001,0.84575,0.8459,2.63,1.13
2011.06.17 16:42:05.681,0.84576,0.8459,1.66,1.13
2011.06.17 16:42:05.790,0.84576,0.84592,2.04,1.13
2011.06.17 16:42:06.012,0.84577,0.84593,2.04,1.13
2011.06.17 16:42:10.142,0.84578,0.84591,2.63,1.13
2011.06.17 16:42:10.480,0.84578,0.84593,1.13,1.13
2011.06.17 16:42:11.029,0.84578,0.84593,1.13,1.13
2011.06.17 16:42:12.793,0.84578,0.84594,4.13,1.13
2011.06.17 16:42:13.245,0.84575,0.84589,3.38,1.13
2011.06.17 16:42:13.889,0.84575,0.84589,2.63,1.13
2011.06.17 16:42:15.430,0.84575,0.84589,1.88,1.13
2011.06.17 16:42:17.299,0.84575,0.84589,1.88,1.13
2011.06.17 16:42:17.850,0.84576,0.84589,1.13,1.13
2011.06.17 16:42:18.403,0.84577,0.84589,1.13,1.13
2011.06.17 16:42:19.331,0.84576,0.84589,1.13,1.13
2011.06.17 16:42:19.881,0.84576,0.8459,2.63,1.13
2011.06.17 16:42:21.310,0.84576,0.84589,1.88,1.13
2011.06.17 16:42:21.860,0.84577,0.8459,1.13,1.13
2011.06.17 16:42:22.914,0.84577,0.8459,1.13,1.13
2011.06.17 16:42:23.585,0.84577,0.8459,1.50,1.13
2011.06.17 16:42:23.705,0.84576,0.8459,2.63,1.13
2011.06.17 16:42:25.361,0.84575,0.8459,2.63,1.13
2011.06.17 16:42:25.909,0.84575,0.84589,1.88,1.13
2011.06.17 16:42:27.230,0.84575,0.84589,1.88,1.13
2011.06.17 16:42:31.241,0.84574,0.84587,2.86,1.13
2011.06.17 16:42:31.462,0.84575,0.84591,1.13,1.13
2011.06.17 16:42:32.339,0.84575,0.84591,1.88,1.13
2011.06.17 16:42:32.891,0.84576,0.84591,1.13,1.13
2011.06.17 16:42:33.476,0.84576,0.84591,2.04,1.13
2011.06.17 16:42:37.113,0.84577,0.84591,1.13,1.13
2011.06.17 16:42:41.331,0.84576,0.84591,1.13,1.13
2011.06.17 16:42:43.522,0.84574,0.8459,1.35,1.13
2011.06.17 16:42:43.864,0.84572,0.84589,1.50,1.13
2011.06.17 16:42:43.981,0.8457,0.84586,1.88,1.13
2011.06.17 16:42:44.751,0.8457,0.84586,2.04,1.50
2011.06.17 16:42:45.300,0.84572,0.84587,1.13,1.13
2011.06.17 16:42:45.849,0.84573,0.84587,1.88,1.13
2011.06.17 16:42:47.226,0.84572,0.84587,1.88,1.13
2011.06.17 16:42:47.893,0.84573,0.84587,1.13,1.13
2011.06.17 16:42:48.014,0.84574,0.84588,1.13,1.13
2011.06.17 16:42:48.571,0.84575,0.84588,1.13,1.13
2011.06.17 16:42:54.990,0.84576,0.84588,1.13,1.13
2011.06.17 16:42:59.554,0.84576,0.8459,1.13,1.13
2011.06.17 16:43:00.113,0.84577,0.84592,1.50,3.00
2011.06.17 16:43:00.662,0.84576,0.8459,2.63,1.13
2011.06.17 16:43:28.172,0.84583,0.84594,1.13,1.35
2011.06.17 16:43:28.391,0.84583,0.84597,1.13,1.50
2011.06.17 16:43:28.722,0.84585,0.84599,1.13,1.88
2011.06.17 16:43:28.832,0.84585,0.846,1.13,1.88
2011.06.17 16:43:29.050,0.84587,0.84601,1.13,1.50
2011.06.17 16:43:30.150,0.84586,0.84602,2.79,1.13
2011.06.17 16:43:31.301,0.84586,0.84601,1.88,1.13
2011.06.17 16:43:31.412,0.84586,0.846,1.13,1.13
2011.06.17 16:43:32.630,0.84584,0.84598,1.13,1.13
2011.06.17 16:43:34.531,0.84584,0.84597,1.13,1.13
2011.06.17 16:43:45.403,0.84583,0.84598,1.88,1.13
2011.06.17 16:43:46.841,0.84583,0.84598,1.13,1.13
2011.06.17 16:43:49.951,0.84584,0.84598,1.88,1.13
2011.06.17 16:43:51.483,0.84584,0.84598,1.88,1.13
2011.06.17 16:43:52.374,0.84584,0.84598,1.88,1.13
2011.06.17 16:43:52.932,0.84585,0.84598,2.25,1.13
2011.06.17 16:43:54.332,0.84588,0.846,1.13,1.13
2011.06.17 16:43:54.553,0.84588,0.846,1.13,1.13
2011.06.17 16:43:54.775,0.84588,0.84601,1.13,1.13
2011.06.17 16:43:55.332,0.84588,0.84601,1.88,1.13
2011.06.17 16:44:03.400,0.84588,0.84601,1.13,1.13
2011.06.17 16:44:06.165,0.84589,0.84601,1.50,1.88
2011.06.17 16:44:06.519,0.84582,0.84595,1.50,1.13
2011.06.17 16:44:06.636,0.84581,0.84595,2.25,1.13
2011.06.17 16:44:06.876,0.8458,0.84593,1.50,1.88
2011.06.17 16:44:09.652,0.8458,0.84594,1.50,1.13
2011.06.17 16:44:10.533,0.84581,0.84596,1.13,1.35
2011.06.17 16:44:13.174,0.84582,0.84597,1.13,1.73
2011.06.17 16:44:13.976,0.84584,0.84597,1.13,1.50
2011.06.17 16:44:14.861,0.84584,0.84597,1.13,1.50
2011.06.17 16:44:15.412,0.84584,0.84598,1.13,2.25
2011.06.17 16:44:32.221,0.84583,0.84599,1.13,1.13
2011.06.17 16:44:33.103,0.84585,0.84599,1.50,2.25
2011.06.17 16:44:33.222,0.84587,0.84598,1.13,1.88
2011.06.17 16:44:33.771,0.84588,0.84598,1.13,1.88
2011.06.17 16:44:34.982,0.84586,0.84598,2.63,2.25
2011.06.17 16:44:35.973,0.84586,0.846,2.63,2.85
