2014.03.07 09:00:00.965,0.87838,0.87847,1.19,1.88
2014.03.07 09:00:01.016,0.87838,0.87843,1.00,1.00
2014.03.07 09:00:01.068,0.87835,0.87843,1.19,1.00
2014.03.07 09:00:01.507,0.87834,0.87843,1.32,1.19
2014.03.07 09:00:04.534,0.87835,0.87843,1.00,1.19
2014.03.07 09:00:09.076,0.87838,0.87843,1.50,1.00
2014.03.07 09:00:09.184,0.87838,0.87845,2.14,1.00
2014.03.07 09:00:09.285,0.87842,0.87847,1.00,1.32
2014.03.07 09:00:09.640,0.8784,0.87848,2.14,1.25
2014.03.07 09:00:09.897,0.8784,0.87848,1.02,1.25
2014.03.07 09:00:10.553,0.8784,0.87848,2.14,1.25
2014.03.07 09:00:13.623,0.8784,0.87848,1.69,1.25
2014.03.07 09:00:14.124,0.8784,0.87848,1.00,1.69
2014.03.07 09:00:14.631,0.87839,0.87848,1.00,1.69
2014.03.07 09:00:15.218,0.8784,0.87848,1.00,1.69
2014.03.07 09:00:15.558,0.87838,0.87848,2.07,1.69
2014.03.07 09:00:18.540,0.87838,0.87848,2.07,1.69
2014.03.07 09:00:19.249,0.87841,0.87848,1.00,1.19
2014.03.07 09:00:19.300,0.87841,0.8785,1.00,2.82
2014.03.07 09:00:22.792,0.87839,0.87847,1.19,1.50
2014.03.07 09:00:22.846,0.87839,0.87845,1.19,1.50
2014.03.07 09:00:22.898,0.87835,0.87845,2.44,1.69
2014.03.07 09:00:23.000,0.87836,0.87845,1.00,2.44
2014.03.07 09:00:23.854,0.87834,0.87845,3.34,2.44
2014.03.07 09:00:24.489,0.87834,0.87845,3.34,2.44
2014.03.07 09:00:27.181,0.87834,0.87845,3.34,2.44
2014.03.07 09:00:30.227,0.87836,0.87844,2.63,1.19
2014.03.07 09:00:30.379,0.87834,0.87843,2.59,1.02
2014.03.07 09:00:31.095,0.87834,0.87843,2.14,1.09
2014.03.07 09:00:32.550,0.87834,0.87843,2.14,1.09
2014.03.07 09:00:33.063,0.87834,0.87843,1.39,1.37
2014.03.07 09:00:35.585,0.87835,0.87843,1.48,1.29
2014.03.07 09:00:40.149,0.87835,0.87844,1.84,1.25
2014.03.07 09:00:44.243,0.87834,0.87844,3.72,1.77
2014.03.07 09:00:44.446,0.87834,0.87844,3.72,1.09
2014.03.07 09:00:48.232,0.87835,0.87844,1.55,1.29
2014.03.07 09:00:48.488,0.87835,0.87845,4.77,1.69
2014.03.07 09:00:49.246,0.87835,0.87845,2.59,1.77
2014.03.07 09:00:49.931,0.87835,0.87844,2.14,1.09
2014.03.07 09:00:50.171,0.87835,0.87844,2.59,1.02
2014.03.07 09:00:52.046,0.87836,0.87844,1.47,1.25
2014.03.07 09:00:57.550,0.87836,0.87843,1.20,1.25
2014.03.07 09:00:58.057,0.87836,0.87843,1.18,1.25
2014.03.07 09:01:01.777,0.87836,0.87843,1.20,1.25
2014.03.07 09:01:02.294,0.87834,0.87843,2.22,1.02
2014.03.07 09:01:05.330,0.87835,0.87844,2.22,1.77
2014.03.07 09:01:05.635,0.87841,0.87848,1.00,2.97
2014.03.07 09:01:05.788,0.87842,0.87849,1.00,1.29
2014.03.07 09:01:05.990,0.87846,0.87852,1.00,3.12
2014.03.07 09:01:06.092,0.87846,0.87853,1.08,2.44
2014.03.07 09:01:06.194,0.87847,0.87854,3.19,1.88
2014.03.07 09:01:06.497,0.87847,0.87857,4.02,2.07
2014.03.07 09:01:07.023,0.87847,0.87857,3.83,1.32
2014.03.07 09:01:11.067,0.87847,0.87857,2.03,1.77
2014.03.07 09:01:11.643,0.87847,0.87857,4.20,1.69
2014.03.07 09:01:12.151,0.87847,0.87857,2.03,1.77
2014.03.07 09:01:13.115,0.87847,0.87857,4.20,1.69
2014.03.07 09:01:14.861,0.87847,0.87857,2.03,1.77
2014.03.07 09:01:15.452,0.87847,0.87857,4.20,1.69
2014.03.07 09:01:16.563,0.87847,0.87857,2.03,1.77
2014.03.07 09:01:17.135,0.87847,0.87857,2.03,1.77
2014.03.07 09:01:18.788,0.87848,0.87857,1.28,1.19
2014.03.07 09:01:19.719,0.87854,0.87859,1.00,2.18
2014.03.07 09:01:19.906,0.87856,0.87861,1.00,1.69
2014.03.07 09:01:20.008,0.87855,0.87861,1.00,1.00
2014.03.07 09:01:20.785,0.87855,0.87863,1.10,2.52
2014.03.07 09:01:23.810,0.87855,0.87862,1.00,1.95
2014.03.07 09:01:23.861,0.87851,0.87861,4.80,1.32
2014.03.07 09:01:24.014,0.87851,0.87859,1.72,1.37
2014.03.07 09:01:24.527,0.87851,0.87858,1.00,1.09
2014.03.07 09:01:25.508,0.87849,0.87858,1.67,1.09
2014.03.07 09:01:28.384,0.87849,0.87858,1.57,1.40
2014.03.07 09:01:28.910,0.87849,0.87858,1.67,1.09
2014.03.07 09:01:34.039,0.87849,0.87858,1.48,1.84
2014.03.07 09:01:35.441,0.87849,0.87858,1.38,1.84
2014.03.07 09:01:41.712,0.87848,0.87858,1.39,1.34
2014.03.07 09:01:42.687,0.87848,0.87858,1.70,1.34
2014.03.07 09:01:43.281,0.87848,0.87858,1.47,1.37
2014.03.07 09:01:43.796,0.87848,0.87858,1.47,1.37
2014.03.07 09:01:44.504,0.87848,0.87858,1.74,1.09
2014.03.07 09:01:44.902,0.87851,0.8786,1.55,1.77
2014.03.07 09:01:45.004,0.87852,0.87863,1.84,2.22
2014.03.07 09:01:45.511,0.87852,0.87863,2.59,2.22
2014.03.07 09:01:46.152,0.87852,0.87863,2.59,1.84
2014.03.07 09:01:46.660,0.87854,0.87863,1.63,1.40
2014.03.07 09:01:46.813,0.87854,0.87863,1.47,1.02
2014.03.07 09:01:47.646,0.87854,0.87863,1.47,1.02
2014.03.07 09:01:48.785,0.87854,0.87861,1.47,1.00
2014.03.07 09:01:49.328,0.87854,0.87862,1.47,1.00
2014.03.07 09:01:49.835,0.87854,0.87863,1.47,1.02
2014.03.07 09:01:52.852,0.87854,0.87862,1.55,1.69
2014.03.07 09:01:55.344,0.87854,0.87864,1.38,2.25
2014.03.07 09:01:57.493,0.87854,0.87864,1.38,2.25
2014.03.07 09:01:57.910,0.87854,0.87864,1.38,2.25
2014.03.07 09:02:05.221,0.87856,0.87864,2.70,1.25
2014.03.07 09:02:05.323,0.87854,0.87864,3.45,1.25
2014.03.07 09:02:06.387,0.87854,0.87864,1.28,1.02
2014.03.07 09:02:06.953,0.87854,0.87864,3.64,1.00
2014.03.07 09:02:07.613,0.87854,0.87864,1.47,1.10
2014.03.07 09:02:09.242,0.87854,0.87864,1.28,2.52
2014.03.07 09:02:10.787,0.87854,0.87864,1.20,2.97
2014.03.07 09:02:10.838,0.87854,0.87864,1.13,5.89
2014.03.07 09:02:10.939,0.87854,0.87862,1.13,3.45
2014.03.07 09:02:11.244,0.87854,0.87862,1.38,1.47
2014.03.07 09:02:11.547,0.87854,0.87862,1.13,1.47
2014.03.07 09:02:12.369,0.87854,0.87861,1.13,1.29
2014.03.07 09:02:13.348,0.87854,0.87861,1.13,1.29
2014.03.07 09:02:14.096,0.87854,0.87861,3.00,1.10
2014.03.07 09:02:14.300,0.87855,0.87864,3.64,1.69
2014.03.07 09:02:14.705,0.87858,0.87865,2.70,1.88
2014.03.07 09:02:15.062,0.8786,0.87868,2.25,1.00
2014.03.07 09:02:15.317,0.87867,0.87873,1.10,1.19
2014.03.07 09:02:15.420,0.8787,0.87877,1.22,2.07
2014.03.07 09:02:15.522,0.87871,0.8788,1.24,3.64
2014.03.07 09:02:15.674,0.87874,0.8788,2.18,2.44
2014.03.07 09:02:15.861,0.87872,0.8788,2.52,1.69
2014.03.07 09:02:16.394,0.87872,0.87881,2.33,1.69
2014.03.07 09:02:16.803,0.8787,0.8788,1.50,1.39
2014.03.07 09:02:17.005,0.8787,0.8788,1.20,2.59
2014.03.07 09:02:17.412,0.87867,0.87877,2.25,1.29
2014.03.07 09:02:17.716,0.87866,0.87874,1.13,3.08
2014.03.07 09:02:17.868,0.87866,0.87874,1.00,1.84
2014.03.07 09:02:18.414,0.87864,0.87874,1.50,1.84
2014.03.07 09:02:19.744,0.87864,0.87874,1.67,4.02
2014.03.07 09:02:19.896,0.87864,0.87874,1.45,1.77
2014.03.07 09:02:20.443,0.87864,0.87873,3.30,1.19
2014.03.07 09:02:20.763,0.87866,0.87873,2.33,1.00
2014.03.07 09:02:21.350,0.87867,0.87873,2.25,1.19
2014.03.07 09:02:21.655,0.87865,0.87873,2.70,1.69
2014.03.07 09:02:21.757,0.87863,0.87872,3.11,1.25
2014.03.07 09:02:22.010,0.87861,0.87872,4.61,2.14
2014.03.07 09:02:22.518,0.87864,0.87872,1.18,1.19
2014.03.07 09:02:23.056,0.87864,0.87872,1.15,1.19
2014.03.07 09:02:24.792,0.87864,0.87872,3.08,1.19
2014.03.07 09:02:25.116,0.87868,0.87875,2.33,1.88
2014.03.07 09:02:25.470,0.87864,0.87873,1.09,1.39
2014.03.07 09:02:30.460,0.87864,0.87873,1.65,2.14
2014.03.07 09:02:31.265,0.87864,0.87873,1.65,2.14
2014.03.07 09:02:31.785,0.87864,0.8787,1.08,1.00
2014.03.07 09:02:32.292,0.87862,0.87869,2.52,1.00
2014.03.07 09:02:32.495,0.87861,0.87868,1.13,1.84
2014.03.07 09:02:32.546,0.87861,0.87866,1.13,1.19
2014.03.07 09:02:34.241,0.87861,0.87869,1.00,1.47
2014.03.07 09:02:34.595,0.87861,0.8787,1.39,1.77
2014.03.07 09:02:35.151,0.87861,0.8787,1.39,1.37
2014.03.07 09:02:36.477,0.87861,0.8787,1.47,1.29
2014.03.07 09:02:37.788,0.87861,0.87869,1.18,1.19
2014.03.07 09:02:37.974,0.8786,0.87869,1.25,2.97
2014.03.07 09:02:38.078,0.8786,0.87869,1.40,1.69
2014.03.07 09:02:38.385,0.87861,0.87871,4.02,1.69
2014.03.07 09:02:38.958,0.87861,0.87871,2.59,1.77
2014.03.07 09:02:39.465,0.87861,0.87869,1.84,1.00
2014.03.07 09:02:39.972,0.8786,0.87869,1.25,2.82
2014.03.07 09:02:40.276,0.87855,0.87864,6.57,1.40
2014.03.07 09:02:41.035,0.87854,0.87862,1.84,1.25
2014.03.07 09:02:45.373,0.87854,0.87861,2.22,1.00
2014.03.07 09:02:46.986,0.87854,0.87861,1.39,1.00
2014.03.07 09:02:47.189,0.87852,0.87861,1.39,1.37
2014.03.07 09:02:47.392,0.87852,0.87861,2.22,1.29
2014.03.07 09:03:05.581,0.87852,0.8786,2.52,1.18
2014.03.07 09:03:05.632,0.87852,0.8786,1.13,1.84
2014.03.07 09:03:06.144,0.87849,0.87858,1.84,1.00
2014.03.07 09:03:06.196,0.87849,0.87856,1.37,1.00
2014.03.07 09:03:06.575,0.87848,0.87857,1.39,1.09
2014.03.07 09:03:07.217,0.87848,0.87857,1.37,1.02
2014.03.07 09:03:09.335,0.87847,0.87857,1.09,2.22
2014.03.07 09:03:09.639,0.87845,0.87852,1.39,1.00
2014.03.07 09:03:09.945,0.87847,0.87855,3.64,1.25
2014.03.07 09:03:10.046,0.87847,0.87857,4.02,1.25
2014.03.07 09:03:13.261,0.87849,0.8786,2.97,2.59
2014.03.07 09:03:13.312,0.8785,0.8786,2.52,2.44
2014.03.07 09:03:14.109,0.87849,0.8786,5.14,2.52
2014.03.07 09:03:14.860,0.87849,0.87857,1.84,1.13
2014.03.07 09:03:15.063,0.87849,0.87857,1.10,2.14
2014.03.07 09:03:15.215,0.87851,0.87857,1.00,1.39
2014.03.07 09:03:15.469,0.87851,0.8786,1.34,1.25
2014.03.07 09:03:16.438,0.87852,0.8786,3.64,1.25
2014.03.07 09:03:16.996,0.87853,0.87862,1.72,1.25
2014.03.07 09:03:17.513,0.87853,0.87862,1.74,1.02
2014.03.07 09:03:18.086,0.87853,0.87862,1.72,1.25
2014.03.07 09:03:29.117,0.87853,0.87863,1.29,3.34
2014.03.07 09:03:29.635,0.87853,0.87863,1.47,2.97
2014.03.07 09:03:30.148,0.87853,0.87863,1.29,3.34
2014.03.07 09:03:30.659,0.87853,0.87863,1.84,2.22
2014.03.07 09:03:31.583,0.87853,0.87862,2.22,1.02
2014.03.07 09:03:34.873,0.87853,0.87862,2.22,1.02
2014.03.07 09:03:35.390,0.87853,0.87862,2.14,1.09
2014.03.07 09:03:37.714,0.87853,0.87862,1.47,1.02
2014.03.07 09:03:38.222,0.87853,0.87862,1.39,1.09
2014.03.07 09:03:40.427,0.87852,0.87862,2.97,1.09
2014.03.07 09:03:40.945,0.87852,0.87862,2.59,1.09
2014.03.07 09:03:41.588,0.87852,0.87862,2.97,1.02
2014.03.07 09:03:42.255,0.87852,0.87862,2.97,1.02
2014.03.07 09:03:42.914,0.87852,0.87862,2.97,1.09
2014.03.07 09:03:45.073,0.87852,0.87862,2.97,1.02
2014.03.07 09:03:45.658,0.87852,0.87862,2.59,1.39
2014.03.07 09:03:45.810,0.87852,0.87861,2.22,1.88
2014.03.07 09:03:46.064,0.87847,0.87858,3.27,4.77
2014.03.07 09:03:46.570,0.87847,0.87858,3.72,2.59
2014.03.07 09:03:47.188,0.87847,0.87858,3.72,2.59
2014.03.07 09:03:47.825,0.87847,0.87858,3.72,2.97
2014.03.07 09:03:50.736,0.87848,0.87858,1.39,2.59
2014.03.07 09:03:52.562,0.8785,0.87859,1.39,1.47
2014.03.07 09:03:54.044,0.8785,0.87859,1.32,1.47
2014.03.07 09:03:54.644,0.8785,0.87859,1.39,1.47
2014.03.07 09:04:00.249,0.87849,0.87858,1.67,1.77
2014.03.07 09:04:00.812,0.87848,0.87858,1.63,5.52
2014.03.07 09:04:01.386,0.87848,0.87858,1.47,2.97
2014.03.07 09:04:01.639,0.8785,0.87858,1.39,1.02
2014.03.07 09:04:03.467,0.8785,0.87858,1.25,1.09
2014.03.07 09:04:03.720,0.87848,0.87857,1.39,1.74
2014.03.07 09:04:04.024,0.87847,0.87855,1.19,1.15
2014.03.07 09:04:04.075,0.87846,0.87855,1.25,1.34
2014.03.07 09:04:04.583,0.87845,0.87855,2.44,2.89
2014.03.07 09:04:06.493,0.87845,0.87856,2.22,4.09
2014.03.07 09:04:08.491,0.87845,0.87856,2.14,6.27
2014.03.07 09:04:09.097,0.87845,0.87856,2.22,5.89
2014.03.07 09:04:09.639,0.87846,0.87856,1.39,2.22
2014.03.07 09:04:10.146,0.87845,0.87856,2.14,5.52
2014.03.07 09:04:10.917,0.87843,0.87853,2.97,1.02
2014.03.07 09:04:13.030,0.87848,0.87854,1.00,1.37
2014.03.07 09:04:13.758,0.87848,0.87856,1.00,2.22
2014.03.07 09:04:15.220,0.87848,0.87854,1.00,1.48
2014.03.07 09:04:15.625,0.87845,0.87854,1.02,1.84
2014.03.07 09:04:16.131,0.87843,0.87853,2.22,2.14
2014.03.07 09:04:16.637,0.87845,0.87853,1.29,1.10
2014.03.07 09:04:31.079,0.87845,0.87853,1.39,1.02
2014.03.07 09:04:36.176,0.87845,0.87853,1.32,1.09
2014.03.07 09:04:37.593,0.87844,0.87851,1.29,1.00
2014.03.07 09:04:37.745,0.87842,0.87851,2.89,1.34
2014.03.07 09:04:37.796,0.87842,0.87846,2.44,1.00
2014.03.07 09:04:38.303,0.87838,0.87846,1.74,1.00
2014.03.07 09:04:45.083,0.8784,0.87846,1.00,1.00
2014.03.07 09:04:45.235,0.8784,0.87849,2.97,2.14
2014.03.07 09:04:45.810,0.8784,0.87848,2.82,1.18
2014.03.07 09:04:46.625,0.8784,0.87848,2.52,1.10
2014.03.07 09:04:47.131,0.8784,0.87848,2.44,1.08
2014.03.07 09:04:47.655,0.8784,0.87848,2.52,1.10
2014.03.07 09:04:48.453,0.87841,0.87848,1.00,1.10
2014.03.07 09:04:49.072,0.87841,0.87848,1.00,1.18
2014.03.07 09:04:49.595,0.87841,0.87848,1.10,1.00
2014.03.07 09:04:54.133,0.87841,0.87848,1.19,1.20
2014.03.07 09:04:56.652,0.87841,0.87848,1.00,1.10
2014.03.07 09:04:57.365,0.87841,0.87848,1.29,1.00
2014.03.07 09:04:59.874,0.87841,0.87849,1.29,2.33
2014.03.07 09:05:00.327,0.87844,0.8785,1.08,1.08
2014.03.07 09:05:00.381,0.87844,0.87853,1.34,1.88
2014.03.07 09:05:13.529,0.87846,0.87854,1.58,1.39
2014.03.07 09:05:13.580,0.87846,0.87854,1.65,1.32
2014.03.07 09:05:14.101,0.87846,0.87854,1.84,1.13
2014.03.07 09:05:16.084,0.87846,0.87854,1.84,1.00
2014.03.07 09:05:20.003,0.87846,0.87855,2.59,1.13
2014.03.07 09:05:22.066,0.87846,0.87856,2.59,2.22
2014.03.07 09:05:22.504,0.87846,0.87856,2.52,2.22
2014.03.07 09:05:23.010,0.87844,0.87853,1.84,1.50
2014.03.07 09:05:23.931,0.87844,0.87853,2.22,1.47
2014.03.07 09:05:24.437,0.87844,0.87854,2.59,1.36
2014.03.07 09:05:25.009,0.87844,0.87854,2.59,2.11
2014.03.07 09:05:25.551,0.87844,0.87854,2.22,3.31
2014.03.07 09:05:26.518,0.87845,0.87854,1.29,1.81
2014.03.07 09:05:27.432,0.87845,0.87854,1.77,1.81
2014.03.07 09:05:29.059,0.87843,0.87852,1.40,1.66
2014.03.07 09:05:29.160,0.87843,0.87851,1.25,1.44
2014.03.07 09:05:32.039,0.87843,0.87851,1.25,1.44
2014.03.07 09:05:32.191,0.87841,0.8785,1.25,3.61
2014.03.07 09:05:32.716,0.87841,0.87849,1.25,1.06
2014.03.07 09:05:33.225,0.87841,0.87849,1.25,1.81
2014.03.07 09:05:35.008,0.87842,0.87849,1.00,1.47
2014.03.07 09:05:35.262,0.87843,0.87851,1.09,1.25
2014.03.07 09:05:35.768,0.87841,0.87851,2.59,1.84
2014.03.07 09:05:37.130,0.87843,0.87852,1.84,1.25
2014.03.07 09:05:39.526,0.87843,0.87852,1.84,1.95
2014.03.07 09:05:40.194,0.87843,0.87852,1.84,1.20
2014.03.07 09:05:41.040,0.87846,0.87853,1.00,2.59
2014.03.07 09:05:48.902,0.87846,0.87854,1.02,1.02
2014.03.07 09:06:00.099,0.87846,0.87854,1.09,1.02
2014.03.07 09:06:00.844,0.87846,0.87855,1.40,3.19
2014.03.07 09:06:04.744,0.87846,0.87855,1.09,3.27
2014.03.07 09:06:05.465,0.87846,0.87855,1.40,3.19
2014.03.07 09:06:06.039,0.87846,0.87855,1.40,3.27
2014.03.07 09:06:06.687,0.87846,0.87855,1.40,2.44
2014.03.07 09:06:07.824,0.87846,0.87855,1.40,2.44
2014.03.07 09:06:08.330,0.87848,0.87857,1.40,2.07
2014.03.07 09:06:08.836,0.87851,0.87859,1.10,1.77
2014.03.07 09:06:13.553,0.87851,0.87859,1.10,3.27
2014.03.07 09:06:13.857,0.87848,0.87856,1.27,1.38
2014.03.07 09:06:14.411,0.87848,0.87856,1.29,1.48
2014.03.07 09:06:18.640,0.87848,0.87856,1.29,1.48
2014.03.07 09:06:22.038,0.87848,0.87856,1.29,1.20
2014.03.07 09:06:23.738,0.87848,0.87856,1.02,1.39
2014.03.07 09:06:30.954,0.87848,0.87857,1.33,3.34
2014.03.07 09:06:31.479,0.87849,0.87857,1.18,2.82
2014.03.07 09:06:32.602,0.87851,0.87857,1.00,1.25
2014.03.07 09:06:33.109,0.87851,0.87859,1.00,3.34
2014.03.07 09:06:34.418,0.87851,0.87859,1.00,2.97
2014.03.07 09:06:35.119,0.87851,0.87859,1.00,2.03
2014.03.07 09:06:35.647,0.87852,0.87859,1.00,2.03
2014.03.07 09:06:38.077,0.87853,0.87859,1.00,2.03
2014.03.07 09:06:43.190,0.87853,0.87859,1.00,2.03
2014.03.07 09:06:44.105,0.87853,0.87859,1.00,2.03
2014.03.07 09:06:50.794,0.87852,0.87859,1.00,2.22
2014.03.07 09:06:52.212,0.87852,0.87858,1.00,1.02
2014.03.07 09:06:52.313,0.8785,0.87857,2.33,1.50
2014.03.07 09:06:56.850,0.8785,0.87855,1.00,1.00
2014.03.07 09:06:56.901,0.87847,0.87855,1.02,1.39
2014.03.07 09:06:57.003,0.87847,0.87854,1.00,1.29
2014.03.07 09:07:00.265,0.87846,0.87854,1.10,1.29
2014.03.07 09:07:06.835,0.87846,0.87853,1.00,1.29
2014.03.07 09:07:12.520,0.87845,0.87853,1.58,1.77
2014.03.07 09:07:14.407,0.87846,0.87853,1.00,1.77
2014.03.07 09:07:16.981,0.87846,0.87852,1.00,1.19
2014.03.07 09:07:20.793,0.87846,0.87853,1.00,1.77
2014.03.07 09:07:22.847,0.87845,0.87853,1.58,1.29
2014.03.07 09:07:27.025,0.87845,0.87852,1.10,1.19
2014.03.07 09:07:27.641,0.87845,0.87854,1.77,1.37
2014.03.07 09:07:27.692,0.87848,0.87854,1.00,1.37
2014.03.07 09:07:28.201,0.87847,0.87854,1.10,1.19
2014.03.07 09:07:29.433,0.87847,0.87855,1.10,1.67
2014.03.07 09:07:30.091,0.87848,0.87855,1.00,1.74
2014.03.07 09:07:30.688,0.87849,0.87855,1.00,1.37
2014.03.07 09:07:31.202,0.87848,0.87855,1.00,2.22
2014.03.07 09:07:31.971,0.87847,0.87855,1.50,2.22
2014.03.07 09:07:32.600,0.87847,0.87855,1.10,2.14
2014.03.07 09:07:32.904,0.87849,0.87856,1.50,2.14
2014.03.07 09:07:33.213,0.87848,0.87856,1.00,2.97
2014.03.07 09:07:33.875,0.87847,0.87856,1.69,2.97
2014.03.07 09:07:36.690,0.87846,0.87855,1.10,2.97
2014.03.07 09:07:39.590,0.87846,0.87855,1.00,1.72
2014.03.07 09:07:41.518,0.87845,0.87855,1.77,2.22
2014.03.07 09:07:41.770,0.87844,0.87854,2.52,1.84
2014.03.07 09:07:42.300,0.87846,0.87855,1.00,5.52
2014.03.07 09:07:55.758,0.87846,0.87854,1.08,1.39
2014.03.07 09:07:55.809,0.87846,0.87855,1.09,1.67
2014.03.07 09:07:59.539,0.87846,0.87855,1.47,1.32
2014.03.07 09:08:00.045,0.87848,0.87856,1.33,1.63
2014.03.07 09:08:00.551,0.87848,0.87857,1.84,1.32
2014.03.07 09:08:03.298,0.8785,0.87858,1.10,2.89
2014.03.07 09:08:08.370,0.87851,0.87859,1.00,2.22
2014.03.07 09:08:08.522,0.87851,0.87859,1.77,1.39
2014.03.07 09:08:08.725,0.87853,0.8786,1.58,1.25
2014.03.07 09:08:09.231,0.87853,0.87861,1.15,1.39
2014.03.07 09:08:12.033,0.87853,0.87861,1.08,1.19
2014.03.07 09:08:12.135,0.87853,0.87863,1.42,2.52
2014.03.07 09:08:12.683,0.87854,0.87861,1.02,1.00
2014.03.07 09:08:16.865,0.87852,0.87861,1.84,1.32
2014.03.07 09:08:22.380,0.87852,0.8786,1.09,1.32
2014.03.07 09:08:25.038,0.87852,0.87862,2.92,1.47
2014.03.07 09:08:26.950,0.87854,0.87863,1.13,2.97
2014.03.07 09:08:28.856,0.87854,0.87863,1.38,2.59
2014.03.07 09:08:29.522,0.87854,0.87863,1.13,2.97
2014.03.07 09:08:33.465,0.87854,0.87863,1.28,2.89
2014.03.07 09:08:36.470,0.87855,0.87863,1.20,1.77
2014.03.07 09:08:36.679,0.87855,0.87863,2.28,1.19
2014.03.07 09:08:37.186,0.87855,0.87863,1.23,1.32
2014.03.07 09:08:42.100,0.87854,0.87862,1.10,1.39
2014.03.07 09:08:43.066,0.87854,0.8786,1.10,1.00
2014.03.07 09:08:45.604,0.87854,0.8786,1.10,1.69
2014.03.07 09:08:46.464,0.87853,0.8786,2.03,1.69
2014.03.07 09:08:46.518,0.87854,0.8786,1.10,1.69
2014.03.07 09:08:46.924,0.87852,0.87859,1.20,1.19
2014.03.07 09:08:48.217,0.87852,0.87859,1.38,1.37
2014.03.07 09:08:48.267,0.87855,0.87859,1.00,1.00
2014.03.07 09:08:48.773,0.87854,0.87859,1.00,1.19
2014.03.07 09:08:49.280,0.87855,0.8786,1.00,1.69
2014.03.07 09:08:49.787,0.87854,0.8786,1.00,1.69
2014.03.07 09:08:53.233,0.87854,0.87859,1.00,1.08
2014.03.07 09:09:00.762,0.87854,0.87859,1.00,1.00
2014.03.07 09:09:02.165,0.87854,0.87858,1.00,1.00
2014.03.07 09:09:04.494,0.87851,0.87858,2.22,1.38
2014.03.07 09:09:04.653,0.87851,0.87857,1.00,1.38
2014.03.07 09:09:05.159,0.87848,0.87855,4.04,1.13
2014.03.07 09:09:08.148,0.87848,0.87858,5.84,1.77
2014.03.07 09:09:14.070,0.87849,0.87859,2.17,2.52
2014.03.07 09:09:14.576,0.8785,0.87859,1.09,2.52
2014.03.07 09:09:18.425,0.87851,0.87859,1.10,1.77
2014.03.07 09:09:19.020,0.87851,0.8786,1.09,2.89
2014.03.07 09:09:21.120,0.87851,0.8786,1.40,2.82
2014.03.07 09:09:24.792,0.87852,0.8786,1.15,1.69
2014.03.07 09:09:26.611,0.87852,0.8786,1.15,1.19
2014.03.07 09:09:27.159,0.87852,0.8786,1.10,1.29
2014.03.07 09:09:28.826,0.87852,0.8786,1.18,1.19
2014.03.07 09:09:30.001,0.87852,0.8786,1.10,1.29
2014.03.07 09:09:30.637,0.87852,0.8786,1.18,1.19
2014.03.07 09:09:31.143,0.87851,0.8786,1.34,1.25
2014.03.07 09:09:31.684,0.87851,0.8786,1.37,1.02
2014.03.07 09:09:33.086,0.87852,0.8786,1.09,1.25
2014.03.07 09:09:33.593,0.87851,0.8786,2.59,1.33
2014.03.07 09:09:34.099,0.87851,0.8786,1.02,2.22
2014.03.07 09:09:38.046,0.8785,0.87859,1.18,1.77
2014.03.07 09:09:41.862,0.87849,0.87858,1.09,1.02
2014.03.07 09:09:42.178,0.87847,0.87854,1.09,1.00
2014.03.07 09:09:42.229,0.87846,0.87854,1.37,1.20
2014.03.07 09:09:42.778,0.87845,0.87854,1.39,1.84
2014.03.07 09:09:47.526,0.87845,0.87854,1.10,2.22
2014.03.07 09:09:48.390,0.87845,0.87853,1.00,1.34
2014.03.07 09:09:51.736,0.87845,0.87853,1.00,1.37
2014.03.07 09:09:52.520,0.87845,0.87853,1.38,1.37
2014.03.07 09:09:53.025,0.87845,0.87854,2.97,1.39
2014.03.07 09:09:53.816,0.87846,0.87854,1.47,1.13
2014.03.07 09:09:54.398,0.87846,0.87854,2.22,1.00
2014.03.07 09:09:54.906,0.87847,0.87856,1.47,1.39
2014.03.07 09:09:58.336,0.87847,0.87855,3.64,1.25
2014.03.07 09:09:59.096,0.87847,0.87855,2.22,1.00
2014.03.07 09:10:08.212,0.87847,0.87856,2.22,1.10
2014.03.07 09:10:08.760,0.87846,0.87856,5.59,1.02
2014.03.07 09:10:09.604,0.87846,0.87857,7.39,2.22
2014.03.07 09:10:11.806,0.87847,0.87857,2.89,2.07
2014.03.07 09:10:12.372,0.87846,0.87857,7.39,2.14
2014.03.07 09:10:14.673,0.87846,0.87857,7.39,2.14
2014.03.07 09:10:17.059,0.87847,0.87856,1.29,2.22
2014.03.07 09:10:18.375,0.87847,0.87856,1.02,2.22
2014.03.07 09:10:20.300,0.87847,0.87856,1.40,2.07
2014.03.07 09:10:21.038,0.87851,0.87856,1.00,2.07
2014.03.07 09:10:22.878,0.8785,0.87856,1.50,1.57
2014.03.07 09:10:25.964,0.87849,0.87856,1.50,1.67
2014.03.07 09:10:29.026,0.87847,0.87856,1.25,2.89
2014.03.07 09:10:29.084,0.87845,0.8785,1.20,1.00
2014.03.07 09:10:29.139,0.87844,0.8785,3.94,1.50
2014.03.07 09:10:29.192,0.87844,0.8785,1.55,1.32
2014.03.07 09:10:29.294,0.8784,0.87848,2.59,1.13
2014.03.07 09:10:29.803,0.8784,0.87848,1.09,1.63
2014.03.07 09:10:31.058,0.8784,0.87848,1.09,1.63
2014.03.07 09:10:31.568,0.8784,0.87848,1.09,1.63
2014.03.07 09:10:34.826,0.8784,0.87848,1.09,1.63
2014.03.07 09:10:35.256,0.8784,0.87845,1.33,1.00
2014.03.07 09:10:35.561,0.87835,0.87842,1.29,1.13
2014.03.07 09:10:36.067,0.87836,0.8784,1.00,1.00
2014.03.07 09:10:38.497,0.87837,0.87841,1.00,1.00
2014.03.07 09:10:38.548,0.87837,0.87843,1.00,3.64
2014.03.07 09:10:39.677,0.87837,0.87843,1.10,1.50
2014.03.07 09:10:39.728,0.87839,0.87843,1.00,1.00
2014.03.07 09:10:39.881,0.8784,0.87845,1.00,1.32
2014.03.07 09:10:40.244,0.87842,0.87846,1.00,1.00
2014.03.07 09:10:46.987,0.87842,0.87847,1.00,2.63
2014.03.07 09:10:58.681,0.87841,0.87847,1.10,1.88
2014.03.07 09:11:04.411,0.87842,0.87847,1.00,1.88
2014.03.07 09:11:05.091,0.87842,0.87847,1.00,1.13
2014.03.07 09:11:05.876,0.87843,0.87847,1.00,1.13
2014.03.07 09:11:08.006,0.87842,0.87847,1.25,1.38
2014.03.07 09:11:08.310,0.87839,0.87847,2.25,1.90
2014.03.07 09:11:11.429,0.8784,0.87847,1.00,2.97
2014.03.07 09:11:11.935,0.87841,0.87847,1.00,2.33
2014.03.07 09:11:13.507,0.8784,0.87846,1.25,1.13
2014.03.07 09:11:13.963,0.87838,0.87843,1.00,1.48
2014.03.07 09:11:21.557,0.87839,0.87843,1.00,1.10
2014.03.07 09:11:23.594,0.87839,0.87844,1.00,1.65
2014.03.07 09:11:24.129,0.87838,0.87844,1.00,1.84
2014.03.07 09:11:26.363,0.87837,0.87844,1.50,1.84
2014.03.07 09:11:31.485,0.87837,0.87844,1.00,2.59
2014.03.07 09:11:31.941,0.87836,0.87843,1.25,1.58
2014.03.07 09:11:32.544,0.87834,0.87843,1.19,4.77
2014.03.07 09:11:33.944,0.87834,0.87842,1.19,2.03
2014.03.07 09:11:38.828,0.87835,0.87842,1.25,2.40
2014.03.07 09:11:39.132,0.87833,0.8784,1.25,1.58
2014.03.07 09:11:39.184,0.87834,0.8784,1.00,1.10
2014.03.07 09:11:39.386,0.87836,0.87842,1.00,1.38
2014.03.07 09:11:40.668,0.87836,0.87842,1.00,1.95
2014.03.07 09:11:42.453,0.87836,0.87841,1.50,1.00
2014.03.07 09:11:42.760,0.87838,0.87843,1.00,1.50
2014.03.07 09:11:44.986,0.8784,0.87844,1.00,1.00
2014.03.07 09:11:45.292,0.87842,0.87847,1.58,1.38
2014.03.07 09:11:45.900,0.87842,0.87847,1.77,1.00
2014.03.07 09:11:48.876,0.87842,0.87847,1.58,1.38
2014.03.07 09:11:49.496,0.87841,0.87846,2.33,1.38
2014.03.07 09:11:50.508,0.87842,0.87848,1.69,1.58
2014.03.07 09:11:51.069,0.87842,0.87848,1.00,1.58
2014.03.07 09:11:58.246,0.8784,0.87844,2.33,1.13
2014.03.07 09:11:58.501,0.87837,0.87841,1.00,1.00
2014.03.07 09:11:58.756,0.87839,0.87843,1.00,1.00
2014.03.07 09:11:58.807,0.87839,0.87843,1.00,1.00
2014.03.07 09:11:59.557,0.87839,0.87844,1.50,1.13
2014.03.07 09:12:03.083,0.87838,0.87844,2.33,1.50
2014.03.07 09:12:03.401,0.87835,0.87839,1.58,1.00
2014.03.07 09:12:03.603,0.87835,0.8784,1.58,1.13
2014.03.07 09:12:03.705,0.87834,0.87838,2.33,1.00
2014.03.07 09:12:04.211,0.87835,0.87839,1.50,1.00
2014.03.07 09:12:11.302,0.87826,0.87835,1.00,2.13
2014.03.07 09:12:11.404,0.87829,0.87833,2.93,1.25
2014.03.07 09:12:11.556,0.87826,0.87831,1.10,1.00
2014.03.07 09:12:11.910,0.87827,0.87834,1.02,1.20
2014.03.07 09:12:12.012,0.87829,0.87835,1.25,3.45
2014.03.07 09:12:12.607,0.8783,0.87835,1.00,1.00
2014.03.07 09:12:17.077,0.8783,0.87836,1.00,1.50
2014.03.07 09:12:18.079,0.8783,0.87835,1.00,1.00
2014.03.07 09:12:18.638,0.8783,0.87836,1.69,1.00
2014.03.07 09:12:19.635,0.87831,0.87837,1.02,1.50
2014.03.07 09:12:20.218,0.87832,0.87837,1.00,1.50
2014.03.07 09:12:20.319,0.87832,0.87839,1.09,1.88
2014.03.07 09:12:21.085,0.87833,0.8784,1.02,1.00
2014.03.07 09:12:27.860,0.87833,0.87841,1.02,2.52
2014.03.07 09:12:40.506,0.8783,0.8784,2.59,1.77
2014.03.07 09:12:40.658,0.87829,0.87838,1.84,1.39
2014.03.07 09:12:41.179,0.87829,0.87838,1.84,2.44
2014.03.07 09:12:41.768,0.87829,0.87837,4.02,1.88
2014.03.07 09:12:42.078,0.87829,0.87834,1.09,1.00
2014.03.07 09:12:42.607,0.87829,0.87836,1.09,1.38
2014.03.07 09:12:43.150,0.87829,0.87836,1.02,1.38
2014.03.07 09:12:43.818,0.87826,0.87832,3.49,1.88
2014.03.07 09:12:43.971,0.87823,0.8783,5.52,1.00
2014.03.07 09:12:44.174,0.87822,0.87827,1.00,1.00
2014.03.07 09:12:44.225,0.8782,0.87827,4.09,1.00
2014.03.07 09:12:45.191,0.8782,0.87828,1.29,1.58
2014.03.07 09:12:46.282,0.87818,0.87828,1.84,1.09
2014.03.07 09:12:46.812,0.87818,0.87828,1.84,1.09
2014.03.07 09:12:47.399,0.87818,0.87828,1.84,1.02
2014.03.07 09:12:48.894,0.87821,0.87828,1.00,1.02
2014.03.07 09:12:50.587,0.87821,0.87827,1.10,1.00
2014.03.07 09:12:52.418,0.87822,0.87827,1.00,1.00
2014.03.07 09:12:56.524,0.87822,0.87827,1.00,2.07
2014.03.07 09:12:56.875,0.8782,0.87827,1.00,2.97
2014.03.07 09:12:56.976,0.87821,0.87827,1.00,2.97
2014.03.07 09:12:57.381,0.87818,0.87825,1.00,1.10
2014.03.07 09:12:57.534,0.87815,0.87824,1.84,3.38
2014.03.07 09:12:57.636,0.87814,0.87821,1.00,1.47
2014.03.07 09:12:57.840,0.87813,0.87818,1.25,1.00
2014.03.07 09:12:57.993,0.8781,0.87818,1.39,1.10
2014.03.07 09:12:58.451,0.87809,0.87818,1.77,2.22
2014.03.07 09:12:58.959,0.87809,0.87816,1.09,1.13
2014.03.07 09:12:59.577,0.87809,0.87818,1.02,2.22
2014.03.07 09:12:59.910,0.87809,0.87818,1.47,1.69
2014.03.07 09:13:00.425,0.87809,0.87818,1.84,1.88
2014.03.07 09:13:00.688,0.87809,0.87818,1.02,2.22
2014.03.07 09:13:01.192,0.87809,0.87818,1.33,2.22
2014.03.07 09:13:02.251,0.87809,0.87818,1.09,2.14
2014.03.07 09:13:02.828,0.87809,0.87818,1.09,2.14
2014.03.07 09:13:03.336,0.87811,0.87818,1.10,2.14
2014.03.07 09:13:03.613,0.87811,0.87818,1.00,2.14
2014.03.07 09:13:05.058,0.87812,0.87819,1.50,1.20
2014.03.07 09:13:05.109,0.87814,0.87819,1.58,1.10
2014.03.07 09:13:05.363,0.87816,0.87823,1.02,1.88
2014.03.07 09:13:05.869,0.87816,0.87823,1.02,1.38
2014.03.07 09:13:06.123,0.87816,0.87823,1.02,1.13
2014.03.07 09:13:06.529,0.87816,0.87823,1.02,1.38
2014.03.07 09:13:06.783,0.87816,0.87823,1.02,1.13
2014.03.07 09:13:06.907,0.87816,0.87823,1.02,1.38
2014.03.07 09:13:07.363,0.87814,0.87818,1.10,1.00
2014.03.07 09:13:07.516,0.87813,0.87818,1.10,1.00
2014.03.07 09:13:07.820,0.8781,0.87817,2.25,1.40
2014.03.07 09:13:07.871,0.8781,0.87817,1.00,1.40
2014.03.07 09:13:07.922,0.87812,0.87818,1.00,1.95
2014.03.07 09:13:08.752,0.8781,0.87818,1.37,1.50
2014.03.07 09:13:09.056,0.87812,0.87818,1.00,1.88
2014.03.07 09:13:09.557,0.8781,0.87818,1.29,1.95
2014.03.07 09:13:10.316,0.8781,0.87818,1.02,1.95
2014.03.07 09:13:10.468,0.8781,0.87818,1.02,1.10
2014.03.07 09:13:11.722,0.8781,0.87818,1.25,1.28
2014.03.07 09:13:12.280,0.87809,0.87815,1.77,1.00
2014.03.07 09:13:12.482,0.87808,0.87815,1.77,1.00
2014.03.07 09:13:13.130,0.8781,0.87815,1.00,1.00
2014.03.07 09:13:13.637,0.87809,0.87815,1.00,1.13
2014.03.07 09:13:13.941,0.87804,0.87813,1.39,2.67
2014.03.07 09:13:14.222,0.87803,0.8781,1.00,1.58
2014.03.07 09:13:14.273,0.87803,0.87808,1.00,1.00
2014.03.07 09:13:14.830,0.87804,0.8781,1.00,1.50
2014.03.07 09:13:15.564,0.87804,0.8781,1.08,1.50
2014.03.07 09:13:16.019,0.87796,0.87806,1.00,2.13
2014.03.07 09:13:16.121,0.87801,0.87805,1.00,1.00
2014.03.07 09:13:16.223,0.87804,0.87808,1.00,1.00
2014.03.07 09:13:16.476,0.87804,0.87808,1.10,1.13
2014.03.07 09:13:16.831,0.87807,0.87812,1.00,1.57
2014.03.07 09:13:16.882,0.87807,0.87813,1.35,2.07
2014.03.07 09:13:16.933,0.87807,0.87814,3.68,3.00
2014.03.07 09:13:16.984,0.87807,0.87814,5.37,1.50
2014.03.07 09:13:17.518,0.8781,0.87815,1.18,1.13
2014.03.07 09:13:18.025,0.8781,0.87815,1.10,1.38
2014.03.07 09:13:18.331,0.87809,0.87815,1.10,1.50
2014.03.07 09:13:18.841,0.87808,0.87813,1.50,1.00
2014.03.07 09:13:19.205,0.87804,0.8781,4.28,2.13
2014.03.07 09:13:19.510,0.87803,0.87807,1.10,1.00
2014.03.07 09:13:19.561,0.87804,0.87808,1.00,1.00
2014.03.07 09:13:19.967,0.87806,0.87811,1.18,1.13
2014.03.07 09:13:20.170,0.87806,0.8781,1.00,1.13
2014.03.07 09:13:20.714,0.87805,0.8781,1.10,1.38
2014.03.07 09:13:22.543,0.87804,0.8781,1.10,1.38
2014.03.07 09:13:23.050,0.87804,0.8781,1.18,1.38
2014.03.07 09:13:23.779,0.87804,0.8781,1.08,1.88
2014.03.07 09:13:24.084,0.878,0.87805,1.84,1.13
2014.03.07 09:13:24.439,0.87801,0.87808,1.09,1.38
2014.03.07 09:13:24.983,0.87803,0.8781,1.02,1.38
2014.03.07 09:13:25.582,0.87804,0.8781,1.00,1.38
2014.03.07 09:13:28.999,0.87803,0.8781,1.02,1.38
2014.03.07 09:13:29.355,0.87802,0.87806,1.25,1.00
2014.03.07 09:13:29.710,0.878,0.87805,1.02,1.00
2014.03.07 09:13:32.238,0.87799,0.87807,1.25,1.47
2014.03.07 09:13:32.694,0.87797,0.87805,1.77,1.48
2014.03.07 09:13:34.044,0.87801,0.87807,1.00,4.13
2014.03.07 09:13:34.095,0.87801,0.87807,1.00,1.18
2014.03.07 09:13:34.400,0.87802,0.87809,1.00,1.48
2014.03.07 09:13:34.943,0.87801,0.87809,1.10,1.95
2014.03.07 09:13:35.450,0.87798,0.87807,7.02,1.00
2014.03.07 09:13:35.604,0.87798,0.87807,2.44,1.15
2014.03.07 09:13:36.162,0.87798,0.87805,1.18,1.00
2014.03.07 09:13:37.003,0.87798,0.87805,1.65,1.38
2014.03.07 09:13:37.580,0.87798,0.87805,1.65,1.13
2014.03.07 09:13:38.115,0.87798,0.87805,1.58,1.00
2014.03.07 09:13:38.268,0.878,0.87807,1.10,1.13
2014.03.07 09:13:38.674,0.87802,0.87809,1.10,1.50
2014.03.07 09:13:39.181,0.87802,0.8781,1.58,1.48
2014.03.07 09:13:39.697,0.87803,0.8781,1.00,1.48
2014.03.07 09:13:40.227,0.87802,0.8781,1.10,1.48
2014.03.07 09:13:41.682,0.87802,0.8781,1.10,1.48
2014.03.07 09:13:43.291,0.87802,0.8781,1.58,1.20
2014.03.07 09:13:43.703,0.87807,0.87812,1.00,1.20
2014.03.07 09:13:43.805,0.87807,0.87814,1.00,1.65
2014.03.07 09:13:43.906,0.87807,0.87815,1.65,3.00
2014.03.07 09:13:44.747,0.87809,0.87815,1.00,1.20
2014.03.07 09:13:48.132,0.87809,0.87816,1.13,1.10
2014.03.07 09:13:48.184,0.87813,0.87817,1.00,2.25
2014.03.07 09:13:48.589,0.87814,0.8782,1.00,3.15
2014.03.07 09:13:49.095,0.87814,0.87818,1.00,1.00
2014.03.07 09:13:49.197,0.87812,0.87818,1.10,1.13
2014.03.07 09:13:49.754,0.87812,0.8782,1.10,3.08
2014.03.07 09:13:49.957,0.87815,0.8782,1.00,1.95
2014.03.07 09:13:50.059,0.87815,0.8782,1.00,1.20
2014.03.07 09:13:50.566,0.87815,0.87822,1.77,1.50
2014.03.07 09:13:51.426,0.87816,0.8782,1.00,1.00
2014.03.07 09:13:51.936,0.87816,0.87822,1.10,1.13
2014.03.07 09:13:52.443,0.87816,0.87823,1.10,1.50
2014.03.07 09:13:52.545,0.87817,0.87823,1.00,1.50
2014.03.07 09:13:53.202,0.87817,0.87823,1.00,1.13
2014.03.07 09:13:53.720,0.87818,0.87825,1.10,1.13
2014.03.07 09:13:53.771,0.87819,0.87825,1.58,1.00
2014.03.07 09:13:54.759,0.87819,0.87825,1.20,1.13
2014.03.07 09:13:55.289,0.87819,0.87825,1.10,1.38
2014.03.07 09:13:55.340,0.87817,0.87825,1.77,1.58
2014.03.07 09:13:57.908,0.87815,0.87823,1.77,1.58
2014.03.07 09:13:58.426,0.87815,0.87823,1.69,1.65
2014.03.07 09:14:02.502,0.87814,0.8782,1.77,1.00
2014.03.07 09:14:02.654,0.87813,0.8782,2.70,1.25
2014.03.07 09:14:03.191,0.87813,0.87822,1.47,1.67
2014.03.07 09:14:03.751,0.87815,0.87822,1.00,1.29
2014.03.07 09:14:03.853,0.87817,0.87822,1.00,1.00
2014.03.07 09:14:04.309,0.87818,0.87825,1.00,1.39
2014.03.07 09:14:04.811,0.87819,0.87827,1.25,1.47
2014.03.07 09:14:06.212,0.87819,0.87827,1.02,1.02
2014.03.07 09:14:06.739,0.8782,0.87827,1.00,1.02
2014.03.07 09:14:11.941,0.8782,0.87827,1.00,1.47
2014.03.07 09:14:12.452,0.87819,0.87825,1.25,1.00
2014.03.07 09:14:13.118,0.87818,0.87825,1.25,1.20
2014.03.07 09:14:14.316,0.87817,0.87825,1.69,1.28
2014.03.07 09:14:14.919,0.87817,0.87825,1.00,1.47
2014.03.07 09:14:15.153,0.87816,0.87822,2.52,1.00
2014.03.07 09:14:15.306,0.87814,0.87822,2.52,1.20
2014.03.07 09:14:15.809,0.87814,0.87822,1.00,2.59
2014.03.07 09:14:16.576,0.87814,0.8782,1.00,1.00
2014.03.07 09:14:16.780,0.87814,0.87822,1.09,1.13
2014.03.07 09:14:16.932,0.87817,0.87824,1.00,1.02
2014.03.07 09:14:18.700,0.87818,0.87825,1.00,4.09
2014.03.07 09:14:19.233,0.87817,0.87825,1.00,4.09
2014.03.07 09:14:23.846,0.87817,0.87822,1.00,1.13
2014.03.07 09:14:23.999,0.87815,0.87822,1.69,1.48
2014.03.07 09:14:25.320,0.87813,0.8782,3.19,1.10
2014.03.07 09:14:25.422,0.87813,0.87817,1.00,1.00
2014.03.07 09:14:26.000,0.87811,0.87817,2.25,1.00
2014.03.07 09:14:26.544,0.87811,0.87817,1.50,1.00
2014.03.07 09:14:29.709,0.8781,0.87816,2.52,1.00
2014.03.07 09:14:30.013,0.87808,0.87815,1.32,1.28
2014.03.07 09:14:32.194,0.87808,0.87814,1.25,1.00
2014.03.07 09:14:32.702,0.87807,0.87815,4.02,1.10
2014.03.07 09:14:32.958,0.87811,0.87815,1.00,1.10
2014.03.07 09:14:33.211,0.8781,0.87817,1.00,1.02
2014.03.07 09:14:34.616,0.8781,0.87817,1.00,1.29
2014.03.07 09:14:35.801,0.87811,0.87817,1.00,1.29
2014.03.07 09:14:36.207,0.87812,0.8782,1.00,2.97
2014.03.07 09:14:37.342,0.87812,0.8782,1.25,1.09
2014.03.07 09:14:39.831,0.87814,0.8782,1.00,1.09
2014.03.07 09:14:39.984,0.87814,0.87822,1.18,1.57
2014.03.07 09:14:40.496,0.87815,0.87822,1.25,1.10
2014.03.07 09:14:41.558,0.87814,0.8782,1.50,1.00
2014.03.07 09:14:42.116,0.87814,0.87822,1.50,1.84
2014.03.07 09:14:42.674,0.87815,0.87823,1.18,2.44
2014.03.07 09:14:42.776,0.87815,0.87823,1.77,1.77
2014.03.07 09:14:43.030,0.87816,0.87825,1.18,4.02
2014.03.07 09:14:48.697,0.87817,0.87825,1.33,2.07
2014.03.07 09:14:49.258,0.87817,0.87824,1.02,1.00
2014.03.07 09:14:49.765,0.87817,0.87825,1.09,2.07
2014.03.07 09:14:50.270,0.87817,0.87824,1.02,1.00
2014.03.07 09:14:50.878,0.87819,0.87824,1.00,1.00
2014.03.07 09:14:51.573,0.8782,0.87824,1.00,1.00
2014.03.07 09:14:53.170,0.87821,0.87825,1.10,1.25
2014.03.07 09:14:53.271,0.87822,0.87828,1.58,1.57
2014.03.07 09:14:53.373,0.87824,0.87829,1.00,1.25
2014.03.07 09:14:53.424,0.87824,0.87829,1.50,1.00
2014.03.07 09:14:53.564,0.87826,0.8783,1.00,1.25
2014.03.07 09:14:54.074,0.87825,0.8783,1.10,1.63
2014.03.07 09:14:54.606,0.87826,0.8783,1.00,1.25
2014.03.07 09:14:55.114,0.87825,0.8783,1.00,1.25
2014.03.07 09:14:55.724,0.87825,0.8783,1.00,1.63
2014.03.07 09:14:56.132,0.87826,0.87833,1.00,1.74
2014.03.07 09:14:56.538,0.87827,0.87834,1.10,1.32
2014.03.07 09:14:59.670,0.87826,0.87834,1.77,1.39
2014.03.07 09:14:59.923,0.87826,0.87833,1.13,1.29
2014.03.07 09:15:00.430,0.87825,0.87834,2.22,1.32
2014.03.07 09:15:01.900,0.87825,0.87834,2.22,1.39
2014.03.07 09:15:02.771,0.87825,0.87834,2.14,2.59
2014.03.07 09:15:04.561,0.87825,0.87834,1.32,3.34
2014.03.07 09:15:05.067,0.87825,0.87834,1.39,4.09
2014.03.07 09:15:05.667,0.87825,0.87833,1.13,1.37
2014.03.07 09:15:06.966,0.87825,0.87833,1.00,1.47
2014.03.07 09:15:10.469,0.87825,0.87833,1.00,1.47
2014.03.07 09:15:11.153,0.87825,0.87831,1.00,1.00
2014.03.07 09:15:11.688,0.87825,0.87832,1.00,1.02
2014.03.07 09:15:13.024,0.87825,0.87831,1.10,1.00
2014.03.07 09:15:13.354,0.87822,0.87828,1.00,1.32
2014.03.07 09:15:13.405,0.8782,0.87828,1.39,1.39
2014.03.07 09:15:13.710,0.87822,0.87828,1.00,1.02
2014.03.07 09:15:17.614,0.87822,0.8783,1.02,1.02
2014.03.07 09:15:18.213,0.87822,0.8783,1.09,1.25
2014.03.07 09:15:21.435,0.87824,0.8783,1.00,1.32
2014.03.07 09:15:22.880,0.87825,0.8783,1.00,1.25
2014.03.07 09:15:23.729,0.87826,0.8783,1.00,1.25
2014.03.07 09:15:23.882,0.87827,0.87834,1.58,1.27
2014.03.07 09:15:24.085,0.87829,0.87836,1.45,3.27
2014.03.07 09:15:24.390,0.87837,0.87841,1.00,1.00
2014.03.07 09:15:24.441,0.87837,0.87843,1.00,1.00
2014.03.07 09:15:24.694,0.8784,0.87844,1.00,1.25
2014.03.07 09:15:24.847,0.87842,0.87847,1.00,1.69
2014.03.07 09:15:25.354,0.87843,0.87847,1.10,1.00
2014.03.07 09:15:26.331,0.87843,0.87848,1.10,1.13
2014.03.07 09:15:26.850,0.87843,0.87849,1.18,1.63
2014.03.07 09:15:27.151,0.87843,0.8785,3.08,2.25
2014.03.07 09:15:27.666,0.87845,0.8785,1.08,1.25
2014.03.07 09:15:28.032,0.87845,0.87852,1.18,1.25
2014.03.07 09:15:29.195,0.87845,0.87852,1.20,2.07
2014.03.07 09:15:29.246,0.87845,0.87852,1.10,2.82
2014.03.07 09:15:31.240,0.87845,0.87852,1.10,2.82
2014.03.07 09:15:37.341,0.87845,0.87852,1.08,3.94
2014.03.07 09:15:38.529,0.87845,0.87852,1.10,3.19
2014.03.07 09:15:39.037,0.87845,0.87852,1.18,3.19
2014.03.07 09:15:39.658,0.87845,0.87852,1.18,3.19
2014.03.07 09:15:41.354,0.87844,0.87852,1.18,3.19
2014.03.07 09:15:43.709,0.87844,0.87852,1.18,3.19
2014.03.07 09:15:45.741,0.87843,0.87851,1.15,2.44
2014.03.07 09:15:46.047,0.8784,0.87847,1.18,1.32
2014.03.07 09:15:46.351,0.87843,0.87848,1.00,2.44
2014.03.07 09:15:46.859,0.87843,0.87848,1.00,1.69
2014.03.07 09:15:47.708,0.87843,0.87848,1.00,1.69
2014.03.07 09:15:51.494,0.87844,0.87848,1.00,1.00
2014.03.07 09:15:51.950,0.87845,0.87849,1.00,1.50
2014.03.07 09:15:52.002,0.87846,0.87851,1.65,2.25
2014.03.07 09:15:52.205,0.87848,0.87854,1.18,1.50
2014.03.07 09:15:52.357,0.87847,0.87854,2.33,1.50
2014.03.07 09:15:52.509,0.87847,0.87851,1.10,1.00
2014.03.07 09:15:53.015,0.87846,0.87854,1.02,2.14
2014.03.07 09:15:53.421,0.87846,0.87851,1.25,1.00
2014.03.07 09:15:53.728,0.87844,0.87851,1.00,2.89
2014.03.07 09:15:55.336,0.87844,0.87851,1.00,2.14
2014.03.07 09:15:56.089,0.87847,0.87851,1.00,2.14
2014.03.07 09:15:56.394,0.87849,0.87853,1.00,1.13
2014.03.07 09:15:56.926,0.87849,0.87855,1.00,4.20
2014.03.07 09:15:57.028,0.87848,0.87854,1.69,1.20
2014.03.07 09:15:57.592,0.87847,0.87853,1.50,1.18
2014.03.07 09:16:02.588,0.87847,0.87851,1.00,1.00
2014.03.07 09:16:02.804,0.87842,0.87848,2.33,2.25
2014.03.07 09:16:03.007,0.87841,0.87848,1.00,2.22
2014.03.07 09:16:04.771,0.87841,0.87849,1.88,1.47
2014.03.07 09:16:05.278,0.87842,0.87849,1.00,1.77
2014.03.07 09:16:05.988,0.87842,0.87848,1.00,1.00
2014.03.07 09:16:07.150,0.87842,0.87849,1.00,2.52
2014.03.07 09:16:07.874,0.87842,0.87848,1.00,1.00
2014.03.07 09:16:08.764,0.87842,0.87849,1.00,1.02
2014.03.07 09:16:09.018,0.87845,0.87849,1.25,1.10
2014.03.07 09:16:09.170,0.87845,0.87851,1.25,1.10
2014.03.07 09:16:09.676,0.87846,0.87852,1.00,1.28
2014.03.07 09:16:10.182,0.87846,0.87852,1.00,2.03
2014.03.07 09:16:10.689,0.87846,0.87851,1.00,1.10
2014.03.07 09:16:12.016,0.87844,0.87852,1.69,2.40
2014.03.07 09:16:12.169,0.87843,0.8785,1.25,1.58
2014.03.07 09:16:12.676,0.87842,0.87849,1.50,1.84
2014.03.07 09:16:13.902,0.87842,0.87849,1.50,1.39
2014.03.07 09:16:14.054,0.87844,0.8785,1.00,1.47
2014.03.07 09:16:14.560,0.87844,0.8785,1.00,1.10
2014.03.07 09:16:17.073,0.87845,0.8785,1.00,1.10
2014.03.07 09:16:17.580,0.87846,0.8785,1.50,1.10
2014.03.07 09:16:18.116,0.87847,0.87851,1.00,1.00
2014.03.07 09:16:18.858,0.87846,0.87851,1.00,1.00
2014.03.07 09:16:20.480,0.87846,0.87851,1.00,1.18
2014.03.07 09:16:21.011,0.87845,0.87851,1.00,1.10
2014.03.07 09:16:21.775,0.87845,0.87851,1.00,1.33
2014.03.07 09:16:22.091,0.87843,0.87849,1.00,1.13
2014.03.07 09:16:22.395,0.87842,0.87849,1.25,1.28
2014.03.07 09:16:25.281,0.87842,0.87849,1.25,2.33
2014.03.07 09:16:25.808,0.87843,0.87849,1.00,2.25
2014.03.07 09:16:26.579,0.87843,0.87849,1.00,2.25
2014.03.07 09:16:28.671,0.87844,0.87849,1.00,1.32
2014.03.07 09:16:30.293,0.87845,0.87851,1.00,2.44
2014.03.07 09:16:30.697,0.87847,0.87851,1.00,2.07
2014.03.07 09:16:32.823,0.87846,0.87851,1.00,1.88
2014.03.07 09:16:35.201,0.87846,0.87851,1.00,1.38
2014.03.07 09:16:35.303,0.87846,0.87852,1.50,1.00
2014.03.07 09:16:37.540,0.87846,0.87852,1.50,1.47
2014.03.07 09:16:38.216,0.87843,0.87852,1.48,1.47
2014.03.07 09:16:38.722,0.87845,0.87851,1.00,1.02
2014.03.07 09:16:40.166,0.87845,0.87852,1.00,1.84
2014.03.07 09:16:40.852,0.87844,0.87852,1.13,1.84
2014.03.07 09:16:41.725,0.87845,0.87852,1.00,1.84
2014.03.07 09:16:52.855,0.87844,0.87852,1.13,1.84
2014.03.07 09:16:59.252,0.87844,0.87852,1.13,1.84
2014.03.07 09:17:00.787,0.87844,0.87852,1.13,1.84
2014.03.07 09:17:01.336,0.87844,0.87852,1.13,1.84
2014.03.07 09:17:01.874,0.87844,0.87852,1.13,1.84
2014.03.07 09:17:09.697,0.87845,0.87852,1.00,2.52
2014.03.07 09:17:27.540,0.87844,0.87852,1.00,2.59
2014.03.07 09:17:27.691,0.87844,0.87849,1.00,1.00
2014.03.07 09:17:30.235,0.87844,0.8785,1.13,1.00
2014.03.07 09:17:30.963,0.87845,0.87852,1.00,1.39
2014.03.07 09:17:31.496,0.87844,0.87853,1.50,3.72
2014.03.07 09:17:32.255,0.87844,0.87851,1.00,1.33
2014.03.07 09:17:32.898,0.87844,0.87851,1.00,1.09
2014.03.07 09:17:36.710,0.87844,0.87851,1.00,1.09
2014.03.07 09:17:38.578,0.87844,0.87851,1.00,1.02
2014.03.07 09:17:41.941,0.87843,0.87851,1.02,1.39
2014.03.07 09:17:42.143,0.87842,0.87847,1.00,3.38
2014.03.07 09:17:42.322,0.87839,0.87847,1.84,5.14
2014.03.07 09:17:45.350,0.8784,0.87847,1.00,4.77
2014.03.07 09:17:45.452,0.87842,0.87847,1.00,1.25
2014.03.07 09:17:45.553,0.87842,0.8785,1.50,1.09
2014.03.07 09:17:45.604,0.87844,0.87851,1.00,2.59
2014.03.07 09:17:46.995,0.87844,0.8785,1.00,1.40
2014.03.07 09:17:48.861,0.87845,0.87851,1.00,2.44
2014.03.07 09:17:48.912,0.87846,0.87852,1.00,1.02
2014.03.07 09:17:49.418,0.87846,0.87854,1.00,5.14
2014.03.07 09:17:49.722,0.87844,0.87852,1.25,2.22
2014.03.07 09:17:50.262,0.87844,0.87852,1.25,2.97
2014.03.07 09:18:00.927,0.87844,0.87851,1.00,1.02
2014.03.07 09:18:01.432,0.87844,0.87851,1.00,1.09
2014.03.07 09:18:01.985,0.87844,0.87851,1.00,1.09
2014.03.07 09:18:02.508,0.87845,0.87851,1.00,1.47
2014.03.07 09:18:03.284,0.87845,0.87851,1.00,1.47
2014.03.07 09:18:05.420,0.87845,0.87851,1.00,1.47
2014.03.07 09:18:05.943,0.87845,0.87851,1.00,1.39
2014.03.07 09:18:08.195,0.87846,0.87851,1.00,1.39
2014.03.07 09:18:12.514,0.87847,0.87852,1.00,2.14
2014.03.07 09:18:12.919,0.87846,0.87853,1.13,1.02
2014.03.07 09:18:13.172,0.87852,0.87856,1.00,1.00
2014.03.07 09:18:13.223,0.87852,0.87859,1.00,1.77
2014.03.07 09:18:15.405,0.8785,0.87855,1.84,1.00
2014.03.07 09:18:15.960,0.8785,0.87854,1.58,1.00
2014.03.07 09:18:16.062,0.8785,0.87859,1.84,1.39
2014.03.07 09:18:16.721,0.8785,0.87859,1.69,1.47
2014.03.07 09:18:17.228,0.8785,0.87859,2.52,1.47
2014.03.07 09:18:18.211,0.8785,0.87859,2.44,1.47
2014.03.07 09:18:18.730,0.87851,0.87859,1.25,1.47
2014.03.07 09:18:20.036,0.87852,0.87859,1.00,1.47
2014.03.07 09:18:21.350,0.87852,0.87859,1.00,1.47
2014.03.07 09:18:21.897,0.87852,0.87859,1.00,1.47
2014.03.07 09:18:23.784,0.87853,0.8786,1.00,1.34
2014.03.07 09:18:24.460,0.87853,0.87859,1.00,1.09
2014.03.07 09:18:24.969,0.87853,0.87859,1.00,2.59
2014.03.07 09:18:27.158,0.87853,0.87859,1.00,2.59
2014.03.07 09:18:27.947,0.87853,0.87859,1.00,2.59
2014.03.07 09:18:32.198,0.87854,0.87859,1.00,1.37
2014.03.07 09:18:32.351,0.87854,0.8786,1.50,1.02
2014.03.07 09:18:33.165,0.87854,0.8786,1.69,1.18
2014.03.07 09:18:33.681,0.87853,0.87859,1.50,1.20
2014.03.07 09:18:34.229,0.87853,0.87859,1.00,1.65
2014.03.07 09:18:34.896,0.87853,0.87859,1.00,1.84
2014.03.07 09:18:35.402,0.87853,0.87859,1.00,1.18
2014.03.07 09:18:38.279,0.87855,0.87863,2.50,1.88
2014.03.07 09:18:38.610,0.8786,0.87864,1.00,1.00
2014.03.07 09:18:38.712,0.87861,0.87866,1.50,1.00
2014.03.07 09:18:39.219,0.87862,0.87868,1.00,2.03
2014.03.07 09:18:48.536,0.87862,0.87867,1.69,1.48
2014.03.07 09:18:49.044,0.87862,0.87867,1.25,1.20
2014.03.07 09:18:50.224,0.8786,0.87867,2.25,1.20
2014.03.07 09:18:50.274,0.8786,0.87867,2.25,1.28
2014.03.07 09:18:51.311,0.87859,0.87867,1.25,1.28
2014.03.07 09:18:51.769,0.87858,0.87864,1.00,1.55
2014.03.07 09:18:52.277,0.87858,0.87862,1.00,1.10
2014.03.07 09:18:52.632,0.87856,0.87864,2.25,2.22
2014.03.07 09:18:53.346,0.87857,0.87864,1.00,2.59
2014.03.07 09:18:53.980,0.87857,0.87864,1.00,2.59
2014.03.07 09:18:55.059,0.87855,0.87864,2.44,2.59
2014.03.07 09:18:55.211,0.87857,0.87864,1.50,1.10
2014.03.07 09:18:56.734,0.87857,0.87862,1.00,1.00
2014.03.07 09:18:56.988,0.87853,0.87861,2.25,1.47
2014.03.07 09:19:03.999,0.87857,0.87862,1.00,3.49
2014.03.07 09:19:04.151,0.87857,0.87863,1.69,1.58
2014.03.07 09:19:04.303,0.87857,0.87865,1.77,1.09
2014.03.07 09:19:04.841,0.87858,0.87865,1.00,1.02
2014.03.07 09:19:04.994,0.8786,0.87866,1.50,1.39
2014.03.07 09:19:05.096,0.8786,0.87867,1.50,4.09
2014.03.07 09:19:05.703,0.8786,0.87867,1.50,4.09
2014.03.07 09:19:06.433,0.8786,0.87867,1.50,4.02
2014.03.07 09:19:06.993,0.87859,0.87867,1.77,4.02
2014.03.07 09:19:07.300,0.87855,0.87861,1.00,1.40
2014.03.07 09:19:07.452,0.87853,0.87861,2.25,1.47
2014.03.07 09:19:08.204,0.87854,0.87861,1.00,1.47
2014.03.07 09:19:09.121,0.87854,0.87861,1.00,1.84
2014.03.07 09:19:09.839,0.87853,0.87861,1.50,1.84
2014.03.07 09:19:14.836,0.87853,0.87861,1.50,1.84
2014.03.07 09:19:15.470,0.87853,0.87861,1.50,1.84
2014.03.07 09:19:16.212,0.87853,0.87861,1.50,1.84
2014.03.07 09:19:17.099,0.87855,0.87862,1.00,8.22
2014.03.07 09:19:17.404,0.87858,0.87865,1.00,3.34
2014.03.07 09:19:18.109,0.87857,0.87864,1.25,1.10
2014.03.07 09:19:18.413,0.87853,0.87862,2.25,4.84
2014.03.07 09:19:23.784,0.87853,0.87861,1.50,1.84
2014.03.07 09:19:28.848,0.87854,0.87861,1.00,2.59
2014.03.07 09:19:30.165,0.87853,0.87861,1.50,2.22
2014.03.07 09:19:36.741,0.87853,0.87861,1.50,1.84
2014.03.07 09:19:37.046,0.87858,0.87865,1.00,1.77
2014.03.07 09:19:40.013,0.87857,0.87864,1.25,1.10
2014.03.07 09:19:45.057,0.87857,0.87865,1.77,1.02
2014.03.07 09:19:46.492,0.87858,0.87866,1.00,2.59
2014.03.07 09:19:48.424,0.87858,0.87866,1.02,1.02
2014.03.07 09:19:48.941,0.87858,0.87867,1.25,2.97
2014.03.07 09:19:49.489,0.87858,0.87867,1.02,2.97
2014.03.07 09:19:49.996,0.87858,0.87866,1.25,1.47
2014.03.07 09:19:50.505,0.87858,0.87867,1.09,1.39
2014.03.07 09:19:51.517,0.87857,0.87865,2.52,1.10
2014.03.07 09:19:54.562,0.87857,0.87866,3.64,1.84
2014.03.07 09:19:55.069,0.87858,0.87867,1.02,3.72
2014.03.07 09:19:55.625,0.87858,0.87866,1.25,1.47
2014.03.07 09:19:56.189,0.87858,0.87866,1.25,1.47
2014.03.07 09:19:56.735,0.87858,0.87866,1.25,1.47
2014.03.07 09:19:57.056,0.8786,0.87866,1.00,1.37
2014.03.07 09:19:57.158,0.87858,0.87867,1.10,2.22
2014.03.07 09:19:57.737,0.87858,0.87866,1.00,1.34
2014.03.07 09:19:58.280,0.8786,0.87867,1.00,1.84
2014.03.07 09:19:58.483,0.8786,0.87867,1.00,2.14
2014.03.07 09:20:01.236,0.87862,0.87867,1.50,1.25
2014.03.07 09:20:01.540,0.87865,0.87872,1.10,2.07
2014.03.07 09:20:01.980,0.87863,0.8787,1.29,3.75
2014.03.07 09:20:02.136,0.87862,0.8787,1.69,5.59
2014.03.07 09:20:02.664,0.87862,0.8787,1.84,4.02
2014.03.07 09:20:03.171,0.87865,0.8787,1.58,1.00
2014.03.07 09:20:03.477,0.87867,0.87872,1.00,1.00
2014.03.07 09:20:09.781,0.87866,0.87872,1.58,1.00
2014.03.07 09:20:11.009,0.87865,0.87872,1.65,1.50
2014.03.07 09:20:11.313,0.87862,0.8787,1.10,2.52
2014.03.07 09:20:11.719,0.87862,0.87871,3.34,1.77
2014.03.07 09:20:12.230,0.87862,0.8787,3.27,1.95
2014.03.07 09:20:13.256,0.87863,0.87871,1.02,1.02
2014.03.07 09:20:13.307,0.87864,0.87872,1.69,3.53
2014.03.07 09:20:13.840,0.87865,0.87872,1.77,1.50
2014.03.07 09:20:14.569,0.87866,0.87872,1.00,1.50
2014.03.07 09:20:16.715,0.87865,0.87872,2.52,1.50
2014.03.07 09:20:17.227,0.87866,0.87872,1.00,1.88
2014.03.07 09:20:23.473,0.87866,0.87872,1.10,2.03
2014.03.07 09:20:23.625,0.87865,0.87872,1.02,1.13
2014.03.07 09:20:27.574,0.87866,0.87872,1.00,1.13
2014.03.07 09:20:27.675,0.87868,0.87872,1.00,1.00
2014.03.07 09:20:28.030,0.87869,0.87876,1.25,5.03
2014.03.07 09:20:30.100,0.87869,0.87876,1.25,2.03
2014.03.07 09:20:34.309,0.87869,0.87876,1.25,2.03
2014.03.07 09:20:44.002,0.87869,0.87876,1.00,2.22
2014.03.07 09:20:46.016,0.87867,0.87876,1.58,2.22
2014.03.07 09:20:46.168,0.87867,0.87876,1.50,4.39
2014.03.07 09:20:46.926,0.87867,0.87875,1.50,2.89
2014.03.07 09:20:47.787,0.87866,0.87875,1.50,2.89
2014.03.07 09:20:49.986,0.87867,0.87875,1.00,2.89
2014.03.07 09:20:50.530,0.87868,0.87877,1.25,5.89
2014.03.07 09:21:10.470,0.87868,0.87877,1.69,5.14
2014.03.07 09:21:11.524,0.87868,0.87877,2.52,2.97
2014.03.07 09:21:12.158,0.87868,0.87877,2.44,2.97
2014.03.07 09:21:19.350,0.87868,0.87873,1.69,1.13
2014.03.07 09:21:19.452,0.87866,0.87875,2.59,1.02
2014.03.07 09:21:26.634,0.87866,0.87876,1.84,3.72
2014.03.07 09:21:28.163,0.87869,0.87876,1.00,4.09
2014.03.07 09:21:29.585,0.87869,0.87876,1.00,3.34
2014.03.07 09:21:40.052,0.87869,0.87876,1.00,3.34
2014.03.07 09:21:47.087,0.8787,0.87876,1.00,2.52
2014.03.07 09:21:51.207,0.8787,0.87876,1.00,3.34
2014.03.07 09:21:51.511,0.87865,0.87871,1.00,4.77
2014.03.07 09:21:51.613,0.87863,0.87871,1.25,7.69
2014.03.07 09:21:52.150,0.87864,0.87871,1.00,7.02
2014.03.07 09:21:54.396,0.87865,0.87871,1.00,5.07
2014.03.07 09:21:54.447,0.87865,0.87871,1.00,2.97
2014.03.07 09:21:55.018,0.87866,0.87872,1.00,1.84
2014.03.07 09:21:55.069,0.87863,0.8787,1.39,1.75
2014.03.07 09:21:55.171,0.87861,0.87868,1.25,1.53
2014.03.07 09:21:55.222,0.87863,0.87868,1.00,1.38
2014.03.07 09:21:55.273,0.87861,0.87867,1.50,1.40
2014.03.07 09:21:55.782,0.87861,0.87866,1.00,1.28
2014.03.07 09:22:03.143,0.87861,0.87867,1.00,1.47
2014.03.07 09:22:03.650,0.87861,0.87866,1.00,1.65
2014.03.07 09:22:04.172,0.87861,0.87866,1.00,1.20
2014.03.07 09:22:04.964,0.87861,0.87866,1.00,1.28
2014.03.07 09:22:05.469,0.87861,0.87866,1.00,1.13
2014.03.07 09:22:05.990,0.87861,0.87867,1.00,1.70
2014.03.07 09:22:06.449,0.87861,0.87867,1.00,1.84
2014.03.07 09:22:09.003,0.87861,0.87867,1.00,2.22
2014.03.07 09:22:21.706,0.87861,0.87866,1.00,1.33
2014.03.07 09:22:25.758,0.87861,0.87866,1.00,1.58
2014.03.07 09:22:26.312,0.87861,0.87866,1.00,1.65
2014.03.07 09:23:00.198,0.87861,0.87866,1.00,1.65
2014.03.07 09:23:00.757,0.87861,0.87866,1.00,1.65
2014.03.07 09:23:01.301,0.87861,0.87866,1.00,1.58
2014.03.07 09:23:02.266,0.87861,0.87866,1.00,1.65
2014.03.07 09:23:03.069,0.87861,0.87867,1.00,2.22
2014.03.07 09:23:03.609,0.87861,0.87867,1.00,2.22
2014.03.07 09:23:04.122,0.87861,0.87867,1.00,2.22
2014.03.07 09:23:05.387,0.87861,0.87867,1.00,2.22
2014.03.07 09:23:06.404,0.87861,0.87867,1.00,2.22
2014.03.07 09:23:06.930,0.87861,0.87867,1.00,2.22
2014.03.07 09:23:08.562,0.87861,0.87867,1.00,2.22
2014.03.07 09:23:09.069,0.87861,0.87867,1.00,1.47
2014.03.07 09:23:17.645,0.8786,0.87865,1.00,1.28
2014.03.07 09:23:17.748,0.87858,0.87865,2.25,2.78
2014.03.07 09:23:18.015,0.87859,0.87864,1.00,1.20
2014.03.07 09:23:19.581,0.87858,0.87864,1.00,1.58
2014.03.07 09:23:20.882,0.87857,0.87864,1.00,1.77
2014.03.07 09:23:20.984,0.87855,0.8786,1.10,1.08
2014.03.07 09:23:21.288,0.87853,0.8786,1.00,4.02
2014.03.07 09:23:21.795,0.87852,0.87858,1.00,1.65
2014.03.07 09:23:22.134,0.87857,0.87862,1.00,1.02
2014.03.07 09:23:22.236,0.87854,0.87862,2.70,2.52
2014.03.07 09:23:22.338,0.87854,0.87862,1.88,4.84
2014.03.07 09:23:23.410,0.87856,0.87862,1.00,1.47
2014.03.07 09:23:23.816,0.87854,0.8786,1.00,1.39
2014.03.07 09:23:23.867,0.87854,0.8786,1.00,1.47
2014.03.07 09:23:24.880,0.87854,0.8786,1.00,1.84
2014.03.07 09:23:33.673,0.87853,0.87859,1.00,1.58
2014.03.07 09:23:33.876,0.87852,0.87858,1.00,2.59
2014.03.07 09:23:34.647,0.87852,0.87858,1.00,2.52
2014.03.07 09:23:35.976,0.87852,0.87858,1.00,2.89
2014.03.07 09:23:37.690,0.87852,0.87857,1.00,1.05
2014.03.07 09:23:37.740,0.8785,0.87857,1.00,1.43
2014.03.07 09:23:37.943,0.87847,0.87853,1.50,1.00
2014.03.07 09:23:38.514,0.87848,0.87855,1.00,1.84
2014.03.07 09:23:38.812,0.87847,0.87853,1.00,2.33
2014.03.07 09:23:39.166,0.87845,0.87852,2.44,1.28
2014.03.07 09:23:39.419,0.87845,0.87852,2.44,1.20
2014.03.07 09:23:40.027,0.87847,0.87852,1.00,1.20
2014.03.07 09:23:41.063,0.87846,0.87853,1.69,1.58
2014.03.07 09:23:41.114,0.87845,0.87853,1.58,1.58
2014.03.07 09:23:44.226,0.87846,0.87854,1.00,1.84
2014.03.07 09:23:44.379,0.87848,0.87855,1.10,2.63
2014.03.07 09:23:45.401,0.87848,0.87855,1.18,1.13
2014.03.07 09:23:45.827,0.87849,0.87857,1.10,3.08
2014.03.07 09:23:46.391,0.87849,0.87857,1.00,3.45
2014.03.07 09:23:51.642,0.87849,0.87855,1.00,1.00
2014.03.07 09:23:59.601,0.87849,0.87855,2.52,1.00
2014.03.07 09:24:05.333,0.87848,0.87854,1.25,2.55
2014.03.07 09:24:05.637,0.87845,0.87853,2.44,2.40
2014.03.07 09:24:07.613,0.87848,0.87853,1.00,1.95
2014.03.07 09:24:08.927,0.87848,0.87853,1.25,1.50
2014.03.07 09:24:11.018,0.87847,0.87851,1.50,1.00
2014.03.07 09:24:11.069,0.87846,0.87851,1.00,1.38
2014.03.07 09:24:11.222,0.87846,0.8785,1.00,1.58
2014.03.07 09:24:11.273,0.87843,0.87848,1.57,1.00
2014.03.07 09:24:11.324,0.8784,0.87846,2.70,1.08
2014.03.07 09:24:11.374,0.87841,0.87846,1.58,1.08
2014.03.07 09:24:11.527,0.87841,0.87848,1.58,1.69
2014.03.07 09:24:11.578,0.87844,0.8785,1.00,2.59
2014.03.07 09:24:11.679,0.87846,0.87851,1.00,1.50
2014.03.07 09:24:11.985,0.87846,0.87853,1.50,1.95
2014.03.07 09:24:12.491,0.87846,0.87853,1.00,1.65
2014.03.07 09:24:12.694,0.87847,0.87853,1.19,1.28
2014.03.07 09:24:13.099,0.87845,0.87853,1.19,1.55
2014.03.07 09:24:14.441,0.87845,0.87853,1.19,1.55
2014.03.07 09:24:15.356,0.87845,0.87849,1.00,1.00
2014.03.07 09:24:15.559,0.87842,0.87849,2.82,1.48
2014.03.07 09:24:15.711,0.87842,0.87849,1.19,1.95
2014.03.07 09:24:15.813,0.87842,0.87849,1.00,1.09
2014.03.07 09:24:16.578,0.87842,0.87849,1.00,1.18
2014.03.07 09:24:17.034,0.8784,0.87848,1.69,1.45
2014.03.07 09:24:17.491,0.87839,0.87845,1.25,1.88
2014.03.07 09:24:17.541,0.87838,0.87844,1.29,1.50
2014.03.07 09:24:17.744,0.87834,0.87842,1.37,1.88
2014.03.07 09:24:18.808,0.87834,0.87843,1.84,1.88
2014.03.07 09:24:19.683,0.87834,0.87843,1.84,2.14
2014.03.07 09:24:20.198,0.87839,0.87843,1.00,1.10
2014.03.07 09:24:20.502,0.87842,0.87849,1.69,1.20
2014.03.07 09:24:20.704,0.87842,0.8785,1.84,1.00
2014.03.07 09:24:22.362,0.87844,0.87852,1.58,4.02
2014.03.07 09:24:22.680,0.87846,0.87853,1.15,1.50
2014.03.07 09:24:23.199,0.87847,0.87853,1.00,1.50
2014.03.07 09:24:23.604,0.87845,0.87853,1.69,1.65
2014.03.07 09:24:25.045,0.87844,0.87852,1.69,1.55
2014.03.07 09:24:25.361,0.87844,0.87852,3.94,1.48
2014.03.07 09:24:25.615,0.87844,0.87853,2.97,1.13
2014.03.07 09:24:26.122,0.87846,0.87854,1.29,1.58
2014.03.07 09:24:28.320,0.87846,0.87855,1.84,1.77
2014.03.07 09:24:28.674,0.87848,0.87857,1.37,1.02
2014.03.07 09:24:29.182,0.87848,0.87857,1.37,1.02
2014.03.07 09:24:30.196,0.87848,0.87857,1.37,1.02
2014.03.07 09:24:30.781,0.87847,0.87855,1.84,1.25
2014.03.07 09:24:30.933,0.87846,0.87855,1.19,2.22
2014.03.07 09:24:31.447,0.87845,0.87853,1.37,1.50
2014.03.07 09:24:32.419,0.87845,0.87853,1.34,1.38
2014.03.07 09:24:32.723,0.87847,0.87853,1.84,1.00
2014.03.07 09:24:33.132,0.87848,0.87856,1.37,1.00
2014.03.07 09:24:34.105,0.87847,0.87857,2.97,1.09
2014.03.07 09:24:36.265,0.87847,0.87857,2.59,1.47
2014.03.07 09:24:36.826,0.87847,0.87857,2.59,1.39
2014.03.07 09:24:37.610,0.87848,0.87857,1.29,1.09
2014.03.07 09:24:38.116,0.87848,0.87857,1.27,1.09
2014.03.07 09:24:38.622,0.87848,0.87857,1.39,1.33
2014.03.07 09:24:38.859,0.87851,0.87857,1.00,1.39
2014.03.07 09:24:39.415,0.87851,0.87857,1.00,1.39
2014.03.07 09:24:40.785,0.8785,0.87858,1.58,4.39
2014.03.07 09:24:46.223,0.87849,0.87858,1.02,2.97
2014.03.07 09:24:46.590,0.87847,0.87857,1.84,2.59
2014.03.07 09:24:47.301,0.87847,0.87855,1.84,1.25
2014.03.07 09:24:48.054,0.87847,0.87856,1.84,1.29
2014.03.07 09:24:48.725,0.87847,0.87856,1.84,1.19
2014.03.07 09:24:49.375,0.87847,0.87856,1.84,1.29
2014.03.07 09:24:50.703,0.87846,0.87854,1.34,1.00
2014.03.07 09:24:51.209,0.87846,0.87853,1.27,1.00
2014.03.07 09:24:51.736,0.87845,0.87853,1.84,1.00
2014.03.07 09:24:55.563,0.87843,0.87853,2.22,2.89
2014.03.07 09:24:55.918,0.87844,0.87853,3.27,2.07
2014.03.07 09:24:56.446,0.87844,0.87853,2.59,1.25
2014.03.07 09:24:56.947,0.87844,0.87852,2.59,1.00
2014.03.07 09:24:58.031,0.87844,0.87851,2.59,1.00
2014.03.07 09:25:00.039,0.87844,0.87853,1.84,2.89
2014.03.07 09:25:00.343,0.87842,0.87852,2.52,1.84
2014.03.07 09:25:00.394,0.87842,0.87852,1.77,2.59
2014.03.07 09:25:00.649,0.87841,0.87848,1.37,1.00
2014.03.07 09:25:00.801,0.8784,0.87848,1.02,1.02
2014.03.07 09:25:01.313,0.87839,0.87848,1.29,1.84
2014.03.07 09:25:01.825,0.87837,0.87848,5.22,2.59
2014.03.07 09:25:01.876,0.87838,0.87848,3.27,2.52
2014.03.07 09:25:02.180,0.8784,0.87849,4.02,1.13
2014.03.07 09:25:05.899,0.87842,0.8785,1.84,1.25
2014.03.07 09:25:06.000,0.87844,0.87852,1.77,2.52
2014.03.07 09:25:06.355,0.87846,0.87853,1.00,2.97
2014.03.07 09:25:10.505,0.87847,0.87853,1.00,2.44
2014.03.07 09:25:12.482,0.87847,0.87853,1.00,1.25
2014.03.07 09:25:12.786,0.87847,0.87856,4.77,1.25
2014.03.07 09:25:13.599,0.87847,0.87855,4.02,1.00
2014.03.07 09:25:14.107,0.87847,0.87855,2.22,1.00
2014.03.07 09:25:14.764,0.87847,0.87855,4.02,1.50
2014.03.07 09:25:15.277,0.87847,0.87856,1.84,1.69
2014.03.07 09:25:15.805,0.87847,0.87856,4.02,1.69
2014.03.07 09:25:21.142,0.87852,0.87856,1.00,1.25
2014.03.07 09:25:21.300,0.87854,0.8786,1.25,1.10
2014.03.07 09:25:21.351,0.87854,0.87862,1.02,2.14
2014.03.07 09:25:21.403,0.87854,0.87862,1.18,1.77
2014.03.07 09:25:21.505,0.87854,0.87863,1.33,1.29
2014.03.07 09:25:21.556,0.87854,0.87863,1.02,1.37
2014.03.07 09:25:21.911,0.87857,0.87861,1.00,1.00
2014.03.07 09:25:22.432,0.87857,0.87863,1.00,1.29
2014.03.07 09:25:23.334,0.87854,0.87862,2.59,1.25
2014.03.07 09:25:23.385,0.87854,0.87862,1.58,5.44
2014.03.07 09:25:23.487,0.87852,0.87861,1.50,2.97
2014.03.07 09:25:23.842,0.8785,0.8786,1.77,2.52
2014.03.07 09:25:24.669,0.8785,0.87861,1.77,10.32
2014.03.07 09:25:29.315,0.87848,0.87858,3.34,1.29
2014.03.07 09:25:29.861,0.87848,0.87858,2.52,2.22
2014.03.07 09:25:32.752,0.87848,0.87858,2.44,4.02
2014.03.07 09:25:33.258,0.87848,0.87858,1.77,1.34
2014.03.07 09:25:33.928,0.87848,0.87858,1.69,3.27
2014.03.07 09:25:34.431,0.87848,0.87858,1.77,1.34
2014.03.07 09:25:35.965,0.87848,0.87858,1.69,3.27
2014.03.07 09:25:36.481,0.87848,0.87858,1.77,2.22
2014.03.07 09:25:38.957,0.87848,0.87858,1.84,2.22
2014.03.07 09:25:39.480,0.87848,0.87858,1.02,2.97
2014.03.07 09:25:43.170,0.8785,0.87858,1.00,1.47
2014.03.07 09:25:43.272,0.8785,0.87859,1.84,1.77
2014.03.07 09:25:43.626,0.87852,0.8786,2.33,1.69
2014.03.07 09:25:43.930,0.87851,0.8786,1.77,1.09
2014.03.07 09:25:45.665,0.87851,0.87861,1.84,2.97
2014.03.07 09:25:46.193,0.87851,0.87861,1.29,4.09
2014.03.07 09:25:48.649,0.87854,0.8786,1.00,1.09
2014.03.07 09:25:54.616,0.87854,0.8786,1.00,1.25
2014.03.07 09:25:55.856,0.87856,0.87861,1.00,2.14
2014.03.07 09:25:59.762,0.87856,0.87861,1.00,1.00
2014.03.07 09:26:00.066,0.8786,0.87865,1.00,2.14
2014.03.07 09:26:00.268,0.8786,0.87865,1.00,2.97
2014.03.07 09:26:00.797,0.87861,0.87865,1.00,2.33
2014.03.07 09:26:01.305,0.8786,0.87865,1.00,1.00
2014.03.07 09:26:01.812,0.87861,0.87865,1.00,1.00
2014.03.07 09:26:02.856,0.87863,0.87867,1.00,1.00
2014.03.07 09:26:02.908,0.87864,0.87869,1.00,1.50
2014.03.07 09:26:03.009,0.87867,0.87872,1.00,1.19
2014.03.07 09:26:03.598,0.87868,0.87874,1.00,1.77
2014.03.07 09:26:04.163,0.87869,0.87874,1.00,1.95
2014.03.07 09:26:04.214,0.87869,0.87874,1.00,1.39
2014.03.07 09:26:07.300,0.87869,0.87875,1.00,4.84
2014.03.07 09:26:07.472,0.87869,0.87875,1.00,4.47
2014.03.07 09:26:07.576,0.87869,0.87874,1.00,1.77
2014.03.07 09:26:08.089,0.87868,0.87874,1.00,2.22
2014.03.07 09:26:08.816,0.87869,0.87875,1.00,4.84
2014.03.07 09:26:09.695,0.87868,0.87874,1.00,1.40
2014.03.07 09:26:10.212,0.87868,0.87874,1.00,2.22
2014.03.07 09:26:20.150,0.87868,0.87875,1.00,4.84
2014.03.07 09:26:26.655,0.87868,0.87875,1.00,3.34
2014.03.07 09:26:27.231,0.87868,0.87875,1.00,3.34
2014.03.07 09:26:27.738,0.87868,0.87875,1.00,4.84
2014.03.07 09:26:28.464,0.87869,0.87875,1.00,4.84
2014.03.07 09:26:29.032,0.87869,0.87875,1.00,4.84
2014.03.07 09:26:30.290,0.87869,0.87875,1.00,4.84
2014.03.07 09:26:39.275,0.87868,0.87873,1.00,1.25
2014.03.07 09:26:39.876,0.87868,0.87873,1.00,1.39
2014.03.07 09:26:41.153,0.87868,0.87873,1.00,1.25
2014.03.07 09:26:41.660,0.87868,0.87873,1.00,1.39
2014.03.07 09:26:57.026,0.87869,0.87873,1.00,1.02
2014.03.07 09:26:58.533,0.87869,0.87873,1.00,1.39
2014.03.07 09:26:59.264,0.87871,0.87875,1.00,1.10
2014.03.07 09:26:59.373,0.87868,0.87876,1.33,1.33
2014.03.07 09:26:59.474,0.87871,0.87876,1.00,1.25
2014.03.07 09:26:59.576,0.87868,0.87876,1.33,1.25
2014.03.07 09:26:59.677,0.87871,0.87876,1.00,1.02
2014.03.07 09:27:01.642,0.87871,0.87875,1.00,1.00
2014.03.07 09:27:02.248,0.87871,0.87877,1.00,2.59
2014.03.07 09:27:03.190,0.87871,0.87877,1.00,1.02
2014.03.07 09:27:04.752,0.87871,0.87877,1.00,1.09
2014.03.07 09:27:05.270,0.87871,0.87877,1.00,1.39
2014.03.07 09:27:05.790,0.87872,0.87877,1.00,1.39
2014.03.07 09:27:13.309,0.87873,0.87877,1.00,1.00
2014.03.07 09:27:13.816,0.87873,0.8788,1.10,2.82
2014.03.07 09:27:17.918,0.87875,0.8788,1.00,2.78
2014.03.07 09:27:18.121,0.87875,0.8788,1.00,2.44
2014.03.07 09:27:19.912,0.87875,0.8788,1.00,2.22
2014.03.07 09:27:20.217,0.87873,0.87879,1.00,1.09
2014.03.07 09:27:20.319,0.87873,0.87878,1.00,2.52
2014.03.07 09:27:20.522,0.87871,0.87878,1.00,3.72
2014.03.07 09:27:21.585,0.87871,0.87877,1.00,1.02
2014.03.07 09:27:24.028,0.87871,0.87877,1.00,1.63
2014.03.07 09:27:24.534,0.87871,0.87875,1.00,1.00
2014.03.07 09:27:27.424,0.8787,0.87875,1.50,1.58
2014.03.07 09:27:27.576,0.87865,0.87872,2.59,1.00
2014.03.07 09:27:27.932,0.87869,0.87874,1.00,1.67
2014.03.07 09:27:28.437,0.87869,0.87873,1.00,1.32
2014.03.07 09:27:29.248,0.87868,0.87873,1.00,1.32
2014.03.07 09:27:30.822,0.87868,0.87873,1.00,1.09
2014.03.07 09:27:31.382,0.87868,0.87873,1.00,1.25
2014.03.07 09:27:35.087,0.8787,0.87874,1.00,1.20
2014.03.07 09:27:35.619,0.8787,0.87875,1.00,2.07
2014.03.07 09:27:36.159,0.8787,0.87875,1.10,2.07
2014.03.07 09:27:36.463,0.87869,0.87875,1.00,2.07
2014.03.07 09:27:38.333,0.8787,0.87875,1.00,1.39
2014.03.07 09:27:38.682,0.8787,0.87877,2.40,2.82
2014.03.07 09:27:39.240,0.8787,0.87877,2.40,2.07
2014.03.07 09:27:39.740,0.87872,0.87877,1.00,2.07
2014.03.07 09:27:45.540,0.87872,0.87877,1.00,1.25
2014.03.07 09:27:46.074,0.87871,0.87877,1.10,1.25
2014.03.07 09:27:46.864,0.87872,0.87877,1.00,1.69
2014.03.07 09:27:49.962,0.87873,0.87877,1.10,1.88
2014.03.07 09:27:50.267,0.87875,0.8788,1.10,3.57
2014.03.07 09:27:50.419,0.87875,0.8788,1.10,1.69
2014.03.07 09:27:54.765,0.87876,0.87881,1.18,1.13
2014.03.07 09:27:55.271,0.87876,0.8788,1.00,1.00
2014.03.07 09:27:55.900,0.87873,0.8788,1.34,1.00
2014.03.07 09:27:56.416,0.87872,0.8788,1.84,1.00
2014.03.07 09:28:01.764,0.87872,0.8788,1.69,1.28
2014.03.07 09:28:02.755,0.87872,0.8788,1.69,1.28
2014.03.07 09:28:03.282,0.87872,0.8788,2.52,1.10
2014.03.07 09:28:05.302,0.87873,0.8788,1.02,1.00
2014.03.07 09:28:13.282,0.87872,0.8788,1.77,1.20
2014.03.07 09:28:13.637,0.87871,0.8788,1.02,1.74
2014.03.07 09:28:14.752,0.87871,0.8788,1.09,1.67
2014.03.07 09:28:15.259,0.87871,0.8788,1.02,1.74
2014.03.07 09:28:23.334,0.87871,0.8788,1.29,1.47
2014.03.07 09:28:24.432,0.87871,0.87879,1.10,1.67
2014.03.07 09:28:24.938,0.87871,0.87877,1.00,1.10
2014.03.07 09:28:25.493,0.87871,0.87879,1.00,4.39
2014.03.07 09:28:27.013,0.8787,0.87879,2.07,4.39
2014.03.07 09:28:31.010,0.8787,0.87874,2.07,1.00
2014.03.07 09:28:31.213,0.8787,0.87878,1.69,1.78
2014.03.07 09:28:37.388,0.8787,0.87878,1.77,1.39
2014.03.07 09:28:37.904,0.8787,0.87878,1.69,1.78
2014.03.07 09:28:53.788,0.8787,0.87878,1.88,1.47
2014.03.07 09:28:55.978,0.87872,0.87879,1.13,2.22
2014.03.07 09:28:56.485,0.8787,0.87878,4.02,1.20
2014.03.07 09:28:56.890,0.8787,0.87878,3.19,2.22
2014.03.07 09:28:58.622,0.8787,0.87878,1.77,2.22
2014.03.07 09:28:59.130,0.8787,0.87878,1.69,2.22
2014.03.07 09:28:59.995,0.8787,0.87875,1.69,1.00
2014.03.07 09:29:01.068,0.87869,0.87875,1.00,1.13
2014.03.07 09:29:01.373,0.87868,0.87874,1.50,1.48
2014.03.07 09:29:01.575,0.8787,0.87874,1.00,1.10
2014.03.07 09:29:03.318,0.8787,0.87874,1.00,1.00
2014.03.07 09:29:03.800,0.87868,0.87873,1.58,1.38
2014.03.07 09:29:03.902,0.8787,0.87876,1.50,1.77
2014.03.07 09:29:03.953,0.8787,0.87875,1.50,1.32
2014.03.07 09:29:04.408,0.87869,0.87875,1.00,1.47
2014.03.07 09:29:06.287,0.87866,0.87872,1.19,1.00
2014.03.07 09:29:06.458,0.87863,0.87871,2.14,2.44
2014.03.07 09:29:06.509,0.87865,0.87871,1.00,2.52
2014.03.07 09:29:06.965,0.87867,0.87871,1.00,2.37
2014.03.07 09:29:07.067,0.87867,0.87874,1.00,1.15
2014.03.07 09:29:07.118,0.87865,0.87874,1.50,2.03
2014.03.07 09:29:07.219,0.87865,0.87872,1.69,2.25
2014.03.07 09:29:07.423,0.87867,0.87874,1.50,1.34
2014.03.07 09:29:07.778,0.87865,0.87873,1.69,1.47
2014.03.07 09:29:11.612,0.87865,0.87873,1.69,1.47
2014.03.07 09:29:12.562,0.87865,0.87873,1.69,1.47
2014.03.07 09:29:16.091,0.87865,0.87873,1.69,1.78
2014.03.07 09:29:16.598,0.87865,0.87873,1.69,2.22
2014.03.07 09:29:17.139,0.87865,0.87873,2.52,1.63
2014.03.07 09:29:17.798,0.87865,0.87873,2.59,1.38
2014.03.07 09:29:18.541,0.87865,0.87873,4.77,1.38
2014.03.07 09:29:22.009,0.87865,0.87873,4.77,1.13
2014.03.07 09:29:25.841,0.87865,0.87874,2.59,1.38
2014.03.07 09:29:26.402,0.87865,0.87874,6.27,1.38
2014.03.07 09:29:26.913,0.87866,0.87874,2.52,1.38
2014.03.07 09:29:27.167,0.8787,0.87876,1.10,1.63
2014.03.07 09:29:27.371,0.8787,0.87878,1.84,1.58
2014.03.07 09:29:27.677,0.87871,0.87879,3.27,2.25
2014.03.07 09:29:28.386,0.87871,0.8788,4.02,1.32
2014.03.07 09:29:29.038,0.87871,0.8788,2.22,1.25
2014.03.07 09:29:33.685,0.87873,0.87881,1.28,1.77
2014.03.07 09:29:33.989,0.87875,0.87882,1.10,1.25
2014.03.07 09:29:36.294,0.87875,0.87883,1.15,2.07
2014.03.07 09:29:36.802,0.87877,0.87884,1.10,1.57
2014.03.07 09:29:38.505,0.87874,0.87883,1.84,1.32
2014.03.07 09:29:38.761,0.87874,0.87883,1.77,1.47
2014.03.07 09:29:39.304,0.87874,0.87883,1.84,1.39
2014.03.07 09:29:41.281,0.87874,0.87883,1.77,1.47
2014.03.07 09:29:45.295,0.87874,0.87882,1.77,1.39
2014.03.07 09:29:45.346,0.87873,0.87879,1.10,1.25
2014.03.07 09:29:45.599,0.87869,0.87879,3.64,2.59
2014.03.07 09:29:46.131,0.87869,0.87879,1.77,2.22
2014.03.07 09:29:49.261,0.8787,0.87879,1.00,1.47
2014.03.07 09:29:52.754,0.8787,0.87877,1.00,1.39
2014.03.07 09:29:53.344,0.8787,0.87877,1.00,1.39
2014.03.07 09:29:55.558,0.8787,0.87877,1.00,1.77
2014.03.07 09:30:06.826,0.8787,0.87877,1.00,5.89
2014.03.07 09:30:08.851,0.87869,0.87876,1.00,2.33
2014.03.07 09:30:11.088,0.8787,0.87877,1.00,4.20
2014.03.07 09:30:13.483,0.87869,0.87876,1.00,2.70
2014.03.07 09:30:13.984,0.8787,0.87877,1.00,4.58
2014.03.07 09:30:14.499,0.8787,0.87877,1.00,2.40
2014.03.07 09:30:15.810,0.8787,0.87877,1.00,1.28
2014.03.07 09:30:16.635,0.87872,0.87879,1.00,4.20
2014.03.07 09:30:16.736,0.87872,0.87879,1.00,2.03
2014.03.07 09:30:17.384,0.87872,0.87879,1.00,1.65
2014.03.07 09:30:17.941,0.87872,0.87879,1.00,1.65
2014.03.07 09:30:19.249,0.87871,0.87879,1.00,1.65
2014.03.07 09:30:20.407,0.87869,0.87879,1.39,2.40
2014.03.07 09:30:20.509,0.87869,0.87879,1.32,4.58
2014.03.07 09:30:20.763,0.87868,0.87878,3.27,1.15
2014.03.07 09:30:21.281,0.87868,0.87878,3.19,3.08
2014.03.07 09:30:22.187,0.87868,0.87878,2.44,3.08
2014.03.07 09:30:23.295,0.87868,0.87878,2.14,1.15
2014.03.07 09:30:23.842,0.87868,0.87878,2.82,3.08
2014.03.07 09:30:25.010,0.87868,0.87878,2.82,3.83
2014.03.07 09:30:25.532,0.87868,0.87878,2.89,1.65
2014.03.07 09:30:26.033,0.87868,0.87878,2.97,1.65
2014.03.07 09:30:26.610,0.87868,0.87878,3.27,1.65
2014.03.07 09:30:27.418,0.87868,0.87878,4.09,1.84
2014.03.07 09:30:28.407,0.87868,0.87878,4.09,2.59
2014.03.07 09:30:29.764,0.87868,0.87878,3.34,2.59
2014.03.07 09:30:30.510,0.87868,0.87878,4.09,1.84
2014.03.07 09:30:31.121,0.87868,0.87878,4.02,1.84
2014.03.07 09:30:32.621,0.87868,0.87878,4.77,1.34
2014.03.07 09:30:32.926,0.87868,0.87876,1.00,1.34
2014.03.07 09:30:33.078,0.87866,0.87875,3.27,1.34
2014.03.07 09:30:33.332,0.87866,0.87875,2.07,1.34
2014.03.07 09:30:33.737,0.87868,0.87877,1.20,1.47
2014.03.07 09:30:34.415,0.87867,0.87876,1.69,4.77
2014.03.07 09:30:34.922,0.87868,0.87875,1.50,1.34
2014.03.07 09:30:35.428,0.87868,0.87876,1.00,1.84
2014.03.07 09:30:35.935,0.87868,0.87876,1.00,2.89
2014.03.07 09:30:36.549,0.87866,0.87876,3.57,4.77
2014.03.07 09:30:36.856,0.87865,0.87873,1.50,1.47
2014.03.07 09:30:37.425,0.87865,0.87873,1.50,1.47
2014.03.07 09:30:38.040,0.87865,0.87873,1.50,1.47
2014.03.07 09:30:38.542,0.87865,0.87873,1.50,1.47
2014.03.07 09:30:39.130,0.87865,0.87873,1.50,1.47
2014.03.07 09:30:39.642,0.87865,0.87873,1.50,1.47
2014.03.07 09:30:40.147,0.87865,0.87873,1.50,1.47
2014.03.07 09:30:44.257,0.87865,0.87873,1.50,1.47
2014.03.07 09:30:44.606,0.87865,0.87873,1.50,3.64
2014.03.07 09:30:52.337,0.87865,0.87873,1.50,1.47
2014.03.07 09:30:55.623,0.87865,0.87873,1.00,3.64
2014.03.07 09:30:56.202,0.87865,0.87872,1.00,1.09
2014.03.07 09:30:57.645,0.87865,0.87872,1.00,1.40
2014.03.07 09:30:59.683,0.87865,0.87872,1.00,1.09
2014.03.07 09:31:01.338,0.87865,0.87872,1.00,1.40
2014.03.07 09:31:05.070,0.87865,0.87872,1.00,1.09
2014.03.07 09:31:05.906,0.87865,0.87873,1.00,2.52
2014.03.07 09:31:15.429,0.87865,0.87874,1.25,6.19
2014.03.07 09:31:15.681,0.87866,0.87875,1.25,2.59
2014.03.07 09:31:15.833,0.87868,0.87876,1.10,2.59
2014.03.07 09:31:16.036,0.87868,0.87876,1.02,1.02
2014.03.07 09:31:16.596,0.87868,0.87878,1.39,3.34
2014.03.07 09:31:18.039,0.8787,0.87878,1.00,1.84
2014.03.07 09:31:18.541,0.8787,0.87878,1.25,1.09
2014.03.07 09:31:19.512,0.8787,0.87878,1.25,1.09
2014.03.07 09:31:21.813,0.8787,0.87878,1.25,1.09
2014.03.07 09:31:22.902,0.87869,0.87878,1.19,1.84
2014.03.07 09:31:24.129,0.87869,0.87878,1.29,1.84
2014.03.07 09:31:26.625,0.87869,0.87878,1.19,1.84
2014.03.07 09:31:27.149,0.87869,0.87878,1.29,1.84
2014.03.07 09:31:31.855,0.87869,0.87878,1.19,1.84
2014.03.07 09:31:32.381,0.87869,0.87878,1.29,1.84
2014.03.07 09:31:37.322,0.87869,0.87878,1.19,1.84
2014.03.07 09:31:38.064,0.87869,0.87878,1.25,2.59
2014.03.07 09:31:50.374,0.87869,0.87878,1.02,2.97
2014.03.07 09:31:50.886,0.87869,0.87878,1.25,2.97
2014.03.07 09:31:51.606,0.87869,0.87878,1.02,2.97
2014.03.07 09:31:52.175,0.87869,0.87878,1.25,2.97
2014.03.07 09:31:54.887,0.87869,0.87877,1.02,1.02
2014.03.07 09:31:55.992,0.87869,0.87877,1.25,1.09
2014.03.07 09:31:56.960,0.87869,0.87877,1.02,1.02
2014.03.07 09:31:57.732,0.87869,0.87877,1.25,1.09
2014.03.07 09:31:58.740,0.87869,0.87877,1.02,1.02
2014.03.07 09:31:59.484,0.87869,0.87877,1.25,1.09
2014.03.07 09:32:00.043,0.87869,0.87877,1.02,1.02
2014.03.07 09:32:00.728,0.8787,0.87878,1.00,1.37
2014.03.07 09:32:01.234,0.8787,0.87878,1.50,1.34
2014.03.07 09:32:03.554,0.8787,0.87878,1.88,1.84
2014.03.07 09:32:04.082,0.8787,0.87878,1.88,1.84
2014.03.07 09:32:05.087,0.8787,0.87878,2.22,1.25
2014.03.07 09:32:07.497,0.8787,0.87877,1.39,1.00
2014.03.07 09:32:09.089,0.8787,0.87877,1.63,1.10
2014.03.07 09:32:09.241,0.87868,0.87877,1.13,1.84
2014.03.07 09:32:09.443,0.87867,0.87875,1.32,2.22
2014.03.07 09:32:09.748,0.87865,0.87873,1.00,1.47
2014.03.07 09:32:10.329,0.87865,0.87873,1.00,1.47
2014.03.07 09:32:10.643,0.87865,0.87873,1.00,2.89
2014.03.07 09:32:11.158,0.87865,0.87873,1.00,1.47
2014.03.07 09:32:11.665,0.87864,0.87873,1.21,1.47
2014.03.07 09:32:12.170,0.87865,0.87873,1.00,2.22
2014.03.07 09:32:12.677,0.87863,0.87872,2.14,1.47
2014.03.07 09:32:13.206,0.87862,0.87872,1.57,4.39
2014.03.07 09:32:15.714,0.87862,0.87869,1.32,1.48
2014.03.07 09:32:16.019,0.87857,0.87866,1.27,2.14
2014.03.07 09:32:16.070,0.87856,0.87865,1.19,3.45
2014.03.07 09:32:16.122,0.87855,0.87865,2.07,5.14
2014.03.07 09:32:16.642,0.87855,0.87864,1.32,3.64
2014.03.07 09:32:18.928,0.87855,0.87864,1.32,1.47
2014.03.07 09:32:22.070,0.87855,0.87864,1.13,2.52
2014.03.07 09:32:23.075,0.87855,0.87863,1.00,2.52
2014.03.07 09:32:25.282,0.87855,0.87863,1.00,1.78
2014.03.07 09:32:25.788,0.87854,0.87863,1.40,3.64
2014.03.07 09:32:26.505,0.87854,0.87863,1.40,1.78
2014.03.07 09:32:27.907,0.87854,0.87864,1.48,2.22
2014.03.07 09:32:28.338,0.87856,0.87864,1.00,1.47
2014.03.07 09:32:28.693,0.87856,0.87864,1.00,3.64
2014.03.07 09:32:28.998,0.87853,0.87861,1.69,2.33
2014.03.07 09:32:29.507,0.87854,0.87861,1.00,2.33
2014.03.07 09:32:31.962,0.87851,0.8786,3.84,2.33
2014.03.07 09:32:32.266,0.87847,0.87855,2.07,2.33
2014.03.07 09:32:32.418,0.87847,0.87855,2.44,2.33
2014.03.07 09:32:39.438,0.87847,0.87854,1.00,2.52
2014.03.07 09:32:40.651,0.87846,0.87854,1.32,2.89
2014.03.07 09:32:41.065,0.87843,0.87849,4.20,1.00
2014.03.07 09:32:41.167,0.87843,0.87848,1.39,1.10
2014.03.07 09:32:41.269,0.87841,0.87847,1.50,1.15
2014.03.07 09:32:41.371,0.8784,0.87847,1.19,1.28
2014.03.07 09:32:41.451,0.87839,0.87847,2.07,1.47
2014.03.07 09:32:41.553,0.87839,0.87846,1.32,2.33
2014.03.07 09:32:42.116,0.87839,0.87847,1.32,3.27
2014.03.07 09:32:42.859,0.87839,0.87847,1.25,1.40
2014.03.07 09:32:43.544,0.8784,0.87847,1.00,1.40
2014.03.07 09:32:43.645,0.87842,0.87851,2.82,2.14
2014.03.07 09:32:43.747,0.87843,0.87851,1.62,1.20
2014.03.07 09:32:44.356,0.87844,0.87852,1.47,1.10
2014.03.07 09:32:44.863,0.87844,0.87854,1.77,4.77
2014.03.07 09:32:44.913,0.87844,0.87854,1.92,2.22
2014.03.07 09:32:46.083,0.87844,0.87849,2.49,1.00
2014.03.07 09:32:46.286,0.87842,0.87852,1.74,1.09
2014.03.07 09:32:46.819,0.87844,0.87851,1.03,1.37
2014.03.07 09:32:46.870,0.87844,0.87852,1.29,1.10
2014.03.07 09:32:47.225,0.87842,0.87853,3.64,4.77
2014.03.07 09:32:47.740,0.87842,0.87852,2.14,1.47
2014.03.07 09:32:49.986,0.87844,0.87853,1.69,5.14
2014.03.07 09:32:50.040,0.87844,0.87853,1.77,2.97
2014.03.07 09:32:50.557,0.87844,0.87854,3.61,1.47
2014.03.07 09:32:55.156,0.87845,0.87854,1.77,1.28
2014.03.07 09:33:01.442,0.87845,0.87854,1.84,1.10
2014.03.07 09:33:01.978,0.87845,0.87854,1.77,1.18
2014.03.07 09:33:05.084,0.87845,0.87854,4.47,1.00
2014.03.07 09:33:05.388,0.87849,0.87856,1.25,1.58
2014.03.07 09:33:05.693,0.87848,0.87855,1.19,1.20
2014.03.07 09:33:07.432,0.87848,0.87853,1.19,1.00
2014.03.07 09:33:07.635,0.87846,0.87853,1.69,1.20
2014.03.07 09:33:10.212,0.87846,0.87853,1.84,1.13
2014.03.07 09:33:10.964,0.87846,0.87853,1.84,1.13
2014.03.07 09:33:11.612,0.87846,0.87853,4.02,1.13
2014.03.07 09:33:12.182,0.87846,0.87853,1.84,1.13
2014.03.07 09:33:13.199,0.87846,0.87853,4.02,1.13
2014.03.07 09:33:13.505,0.87848,0.87855,1.08,1.69
2014.03.07 09:33:14.010,0.87848,0.87855,2.22,1.00
2014.03.07 09:33:14.525,0.87848,0.87855,2.22,1.00
2014.03.07 09:33:17.542,0.87848,0.87855,2.22,1.00
2014.03.07 09:33:24.167,0.87847,0.87854,1.77,1.00
2014.03.07 09:33:24.521,0.87845,0.87853,2.52,1.10
2014.03.07 09:33:25.029,0.87845,0.87855,2.97,2.59
2014.03.07 09:33:25.130,0.87846,0.87855,2.14,1.65
2014.03.07 09:33:25.637,0.87848,0.87855,1.02,1.50
2014.03.07 09:33:26.449,0.87848,0.87855,1.09,1.00
2014.03.07 09:33:26.652,0.87848,0.87857,1.84,1.77
2014.03.07 09:33:26.855,0.87848,0.87857,4.39,1.69
2014.03.07 09:33:30.517,0.87848,0.87857,1.84,1.77
2014.03.07 09:33:33.313,0.87848,0.87857,1.34,2.44
2014.03.07 09:33:33.814,0.87848,0.87856,1.29,1.10
2014.03.07 09:33:39.959,0.87848,0.87856,1.27,1.00
2014.03.07 09:33:40.572,0.87848,0.87856,1.37,1.00
2014.03.07 09:33:41.131,0.87848,0.87856,1.34,1.00
2014.03.07 09:33:41.334,0.8785,0.87857,3.27,1.00
2014.03.07 09:33:41.513,0.87852,0.87861,1.40,1.39
2014.03.07 09:33:42.019,0.87853,0.87861,1.37,1.50
2014.03.07 09:33:46.092,0.87853,0.87861,4.77,1.25
2014.03.07 09:33:46.598,0.87854,0.87861,1.29,1.00
2014.03.07 09:33:55.621,0.87854,0.87862,1.29,1.10
2014.03.07 09:33:56.150,0.87854,0.87862,1.02,1.02
2014.03.07 09:34:00.336,0.87853,0.87862,1.47,1.77
2014.03.07 09:34:00.846,0.87852,0.8786,2.59,1.00
2014.03.07 09:34:06.498,0.87855,0.87861,1.00,1.39
2014.03.07 09:34:07.823,0.87855,0.87861,1.09,1.00
2014.03.07 09:34:14.696,0.87853,0.87861,2.59,1.00
2014.03.07 09:34:16.601,0.87852,0.87861,3.72,1.25
2014.03.07 09:34:17.251,0.87852,0.87861,2.97,1.02
2014.03.07 09:34:17.797,0.87852,0.87861,2.97,1.25
2014.03.07 09:34:18.314,0.87852,0.87861,2.97,1.02
2014.03.07 09:34:18.834,0.87852,0.87861,2.97,1.25
2014.03.07 09:34:19.605,0.87852,0.87861,2.97,1.02
2014.03.07 09:34:21.989,0.87852,0.87861,2.97,1.25
2014.03.07 09:34:22.624,0.87852,0.87861,2.97,1.02
2014.03.07 09:34:24.895,0.87852,0.87861,4.84,1.25
2014.03.07 09:34:25.403,0.87852,0.8786,4.09,1.00
2014.03.07 09:34:27.678,0.87852,0.87859,1.09,1.00
2014.03.07 09:34:28.184,0.87852,0.87859,1.02,1.88
2014.03.07 09:34:28.689,0.8785,0.87858,1.09,1.32
2014.03.07 09:34:30.674,0.8785,0.87858,1.09,2.07
2014.03.07 09:34:32.361,0.8785,0.87858,1.40,2.07
2014.03.07 09:34:33.192,0.8785,0.87858,1.09,2.07
2014.03.07 09:34:34.350,0.8785,0.87858,1.02,2.89
2014.03.07 09:34:35.688,0.8785,0.87858,1.18,3.57
2014.03.07 09:34:36.316,0.8785,0.87858,1.15,3.57
2014.03.07 09:34:36.832,0.8785,0.87858,1.18,3.57
2014.03.07 09:34:37.812,0.8785,0.87856,1.18,1.00
2014.03.07 09:34:38.965,0.87848,0.87855,2.52,1.00
2014.03.07 09:34:42.472,0.87848,0.87853,2.44,1.00
2014.03.07 09:34:42.523,0.87847,0.87853,2.59,1.00
2014.03.07 09:34:43.453,0.87847,0.87854,2.59,1.00
2014.03.07 09:34:44.456,0.87847,0.87855,2.59,1.00
2014.03.07 09:34:46.448,0.87847,0.87856,1.84,1.77
2014.03.07 09:34:47.740,0.87847,0.87856,4.02,1.25
2014.03.07 09:34:48.297,0.87849,0.87856,2.78,1.25
2014.03.07 09:34:48.810,0.8785,0.87858,1.84,1.38
2014.03.07 09:34:49.748,0.8785,0.87858,1.84,1.38
2014.03.07 09:34:49.850,0.87849,0.87858,2.14,2.22
2014.03.07 09:34:53.863,0.87853,0.87857,1.00,1.10
2014.03.07 09:34:54.787,0.87852,0.87857,1.00,1.10
2014.03.07 09:34:54.838,0.8785,0.87857,1.25,1.10
2014.03.07 09:34:55.944,0.8785,0.87858,4.24,1.32
2014.03.07 09:34:56.248,0.87854,0.87862,1.84,2.63
2014.03.07 09:34:56.451,0.87854,0.87862,1.84,2.63
2014.03.07 09:34:56.659,0.87858,0.87862,1.00,2.63
2014.03.07 09:34:57.663,0.87857,0.87861,1.00,1.00
2014.03.07 09:34:57.714,0.87854,0.87861,1.77,1.00
2014.03.07 09:34:57.765,0.87852,0.8786,1.09,1.00
2014.03.07 09:34:57.816,0.87856,0.8786,1.00,1.00
2014.03.07 09:34:58.323,0.87856,0.87861,1.00,1.02
2014.03.07 09:34:58.845,0.87855,0.87861,1.00,1.09
2014.03.07 09:34:59.384,0.87854,0.87861,1.50,1.09
2014.03.07 09:34:59.961,0.87852,0.87861,1.39,1.09
2014.03.07 09:35:00.671,0.87852,0.87861,1.47,1.02
2014.03.07 09:35:02.373,0.87852,0.87861,1.47,1.25
2014.03.07 09:35:04.716,0.87852,0.87861,1.39,1.09
2014.03.07 09:35:05.222,0.87852,0.8786,1.29,1.58
2014.03.07 09:35:05.582,0.87848,0.87857,1.27,1.09
2014.03.07 09:35:06.548,0.87848,0.87857,1.29,1.84
2014.03.07 09:35:07.119,0.87848,0.87857,1.37,1.77
2014.03.07 09:35:08.094,0.87848,0.87857,1.29,1.84
2014.03.07 09:35:08.620,0.8785,0.87857,1.00,1.84
2014.03.07 09:35:09.025,0.87848,0.87855,1.69,1.65
2014.03.07 09:35:09.545,0.87848,0.87855,1.00,2.59
2014.03.07 09:35:11.812,0.87847,0.87853,1.00,1.10
2014.03.07 09:35:11.914,0.87846,0.87853,1.25,1.65
2014.03.07 09:35:12.419,0.87845,0.87852,1.00,1.34
2014.03.07 09:35:13.331,0.87845,0.87852,1.00,1.37
2014.03.07 09:35:19.659,0.87845,0.8785,1.00,1.00
2014.03.07 09:35:19.862,0.8784,0.87847,2.52,1.00
2014.03.07 09:35:20.370,0.8784,0.87849,1.69,3.64
2014.03.07 09:35:20.471,0.87842,0.87849,1.00,4.02
2014.03.07 09:35:20.573,0.87842,0.87849,1.10,1.25
2014.03.07 09:35:22.187,0.87842,0.87849,1.00,1.39
2014.03.07 09:35:23.066,0.87842,0.87849,1.00,1.09
2014.03.07 09:35:23.673,0.87842,0.87849,1.00,1.33
2014.03.07 09:35:24.598,0.87843,0.8785,1.00,1.34
2014.03.07 09:35:24.750,0.87843,0.87851,1.25,1.47
2014.03.07 09:35:25.388,0.87843,0.87851,1.25,1.47
2014.03.07 09:35:26.990,0.87843,0.87851,1.25,1.47
2014.03.07 09:35:33.796,0.87843,0.87851,1.00,1.34
2014.03.07 09:35:34.305,0.87843,0.87851,1.00,1.37
2014.03.07 09:35:34.964,0.87843,0.87851,1.00,1.84
2014.03.07 09:35:37.331,0.87846,0.87852,1.00,3.87
2014.03.07 09:35:37.428,0.87846,0.87852,1.25,1.10
2014.03.07 09:35:42.327,0.87847,0.87854,1.00,2.59
2014.03.07 09:35:44.313,0.87847,0.87854,1.00,2.52
2014.03.07 09:35:49.607,0.87847,0.87855,1.10,1.77
2014.03.07 09:35:50.113,0.87848,0.87855,1.00,1.77
2014.03.07 09:35:51.076,0.87849,0.87856,1.00,1.09
2014.03.07 09:35:51.583,0.87849,0.87856,1.00,1.09
2014.03.07 09:35:52.099,0.87849,0.87856,1.00,1.09
2014.03.07 09:36:03.986,0.87852,0.87856,1.00,1.50
2014.03.07 09:36:04.189,0.87854,0.87858,1.00,1.00
2014.03.07 09:36:04.341,0.87856,0.87862,1.00,1.32
2014.03.07 09:36:04.392,0.87856,0.87863,1.00,3.27
2014.03.07 09:36:12.823,0.87856,0.87863,1.00,2.97
2014.03.07 09:36:13.340,0.87856,0.87863,1.00,2.97
2014.03.07 09:36:17.387,0.87856,0.87863,1.00,2.14
2014.03.07 09:36:20.241,0.87856,0.87863,1.25,1.48
2014.03.07 09:36:20.748,0.87856,0.87863,1.25,1.20
2014.03.07 09:36:29.725,0.87856,0.87863,1.00,1.47
2014.03.07 09:36:31.236,0.87856,0.87863,1.00,1.39
2014.03.07 09:36:31.742,0.87856,0.87863,1.00,1.09
2014.03.07 09:36:32.341,0.87856,0.87863,1.00,1.02
2014.03.07 09:36:32.849,0.87856,0.87863,1.00,1.09
2014.03.07 09:36:33.354,0.87856,0.87863,1.00,1.02
2014.03.07 09:36:35.713,0.87856,0.87863,1.00,1.09
2014.03.07 09:36:36.242,0.87856,0.87863,1.00,1.02
2014.03.07 09:36:37.118,0.87856,0.87863,1.00,1.47
2014.03.07 09:36:42.433,0.87856,0.87861,1.00,1.00
2014.03.07 09:36:47.993,0.87856,0.8786,1.00,1.00
2014.03.07 09:36:48.500,0.87854,0.87861,1.25,1.18
2014.03.07 09:36:53.382,0.87854,0.8786,1.25,1.48
2014.03.07 09:36:56.942,0.87854,0.8786,1.25,1.20
2014.03.07 09:36:57.452,0.87855,0.8786,1.00,1.13
2014.03.07 09:36:59.146,0.87855,0.87861,1.00,1.20
2014.03.07 09:37:10.161,0.87855,0.87861,1.00,1.38
2014.03.07 09:37:10.264,0.87854,0.8786,1.02,1.38
2014.03.07 09:37:10.922,0.87855,0.8786,1.00,1.13
2014.03.07 09:37:13.961,0.87855,0.87861,1.00,1.00
2014.03.07 09:37:15.777,0.87855,0.8786,1.00,1.00
2014.03.07 09:37:20.834,0.87855,0.8786,1.00,2.14
2014.03.07 09:37:21.143,0.87848,0.87853,1.00,1.00
2014.03.07 09:37:21.194,0.87847,0.87851,1.25,1.00
2014.03.07 09:37:21.500,0.87842,0.87848,1.50,2.59
2014.03.07 09:37:21.705,0.8784,0.87847,1.50,1.18
2014.03.07 09:37:22.010,0.8784,0.87848,1.58,1.02
2014.03.07 09:37:22.517,0.87841,0.87848,1.00,1.39
2014.03.07 09:37:23.024,0.8784,0.87848,1.58,1.39
2014.03.07 09:37:23.650,0.8784,0.87847,1.58,1.13
2014.03.07 09:37:23.754,0.8784,0.87847,1.58,1.38
2014.03.07 09:37:23.856,0.8784,0.87847,1.58,1.13
2014.03.07 09:37:24.182,0.8784,0.87847,1.58,1.38
2014.03.07 09:37:26.772,0.8784,0.87847,2.33,1.38
2014.03.07 09:37:27.292,0.87839,0.87847,1.69,1.55
2014.03.07 09:37:29.831,0.87839,0.87847,1.69,2.03
2014.03.07 09:37:33.705,0.87839,0.87844,1.00,1.13
2014.03.07 09:37:33.806,0.87837,0.87844,1.50,1.20
2014.03.07 09:37:34.317,0.87839,0.87844,1.00,1.38
2014.03.07 09:37:34.368,0.87839,0.87845,1.00,1.20
2014.03.07 09:37:34.947,0.8784,0.87845,1.10,1.00
2014.03.07 09:37:49.871,0.8784,0.87848,1.09,3.19
2014.03.07 09:37:51.684,0.8784,0.87848,1.02,4.02
2014.03.07 09:37:52.191,0.8784,0.87848,1.02,4.39
2014.03.07 09:37:52.293,0.8784,0.87848,1.77,2.44
2014.03.07 09:37:52.800,0.87842,0.87848,1.02,1.50
2014.03.07 09:37:53.560,0.87842,0.8785,1.02,2.52
2014.03.07 09:37:59.501,0.87842,0.8785,1.18,2.82
2014.03.07 09:38:00.984,0.87844,0.8785,1.00,2.07
2014.03.07 09:38:01.086,0.87846,0.87852,1.00,2.97
2014.03.07 09:38:01.604,0.87846,0.87854,1.18,2.07
2014.03.07 09:38:02.100,0.87847,0.87854,1.48,1.32
2014.03.07 09:38:05.636,0.87845,0.87855,1.47,4.09
2014.03.07 09:38:05.738,0.87848,0.87855,1.00,2.14
2014.03.07 09:38:06.244,0.87849,0.87855,1.00,1.39
2014.03.07 09:38:06.447,0.87849,0.87856,1.00,1.09
2014.03.07 09:38:13.931,0.87849,0.87856,1.00,2.14
2014.03.07 09:38:21.850,0.87847,0.87854,1.19,1.08
2014.03.07 09:38:22.255,0.87846,0.87852,1.02,1.00
2014.03.07 09:38:22.762,0.87847,0.87854,1.00,2.40
2014.03.07 09:38:23.117,0.87845,0.87853,1.10,1.39
2014.03.07 09:38:23.471,0.87844,0.87852,1.25,2.03
2014.03.07 09:38:23.977,0.87844,0.87851,1.25,1.10
2014.03.07 09:38:32.482,0.87844,0.87851,1.00,1.09
2014.03.07 09:38:33.132,0.87844,0.87851,1.00,1.02
2014.03.07 09:38:41.528,0.87844,0.87851,1.00,2.52
2014.03.07 09:38:42.035,0.87844,0.87851,1.00,2.52
2014.03.07 09:38:42.583,0.87844,0.87851,1.00,2.59
2014.03.07 09:38:43.090,0.87844,0.87851,1.00,2.59
2014.03.07 09:38:43.597,0.87844,0.87851,1.00,2.59
2014.03.07 09:38:44.257,0.87843,0.8785,1.02,1.00
2014.03.07 09:38:48.873,0.87843,0.8785,1.25,1.20
2014.03.07 09:38:50.053,0.87843,0.87849,1.00,1.47
2014.03.07 09:38:50.576,0.87843,0.87849,1.00,1.39
2014.03.07 09:38:54.383,0.87844,0.87849,1.00,1.00
2014.03.07 09:38:54.927,0.87844,0.8785,1.00,1.00
2014.03.07 09:38:55.434,0.87843,0.8785,1.25,1.28
2014.03.07 09:38:55.952,0.87843,0.8785,1.25,1.10
2014.03.07 09:38:58.891,0.87841,0.8785,2.89,1.28
2014.03.07 09:38:59.514,0.87841,0.8785,2.97,1.20
2014.03.07 09:39:00.192,0.87841,0.87851,2.59,2.97
2014.03.07 09:39:00.496,0.87839,0.87846,1.39,1.00
2014.03.07 09:39:01.011,0.87838,0.87846,2.59,1.00
2014.03.07 09:39:01.600,0.87838,0.87846,1.10,2.89
2014.03.07 09:39:01.904,0.87836,0.87841,1.29,1.00
2014.03.07 09:39:02.006,0.87835,0.87841,1.20,1.00
2014.03.07 09:39:02.516,0.87834,0.87841,1.02,1.00
2014.03.07 09:39:03.541,0.87834,0.8784,1.02,1.00
2014.03.07 09:39:04.452,0.87832,0.8784,2.52,1.10
2014.03.07 09:39:05.891,0.87831,0.8784,4.02,1.28
2014.03.07 09:39:06.297,0.87831,0.8784,2.07,2.97
2014.03.07 09:39:06.803,0.87831,0.8784,2.14,1.84
2014.03.07 09:39:07.279,0.87831,0.8784,3.72,1.10
2014.03.07 09:39:09.327,0.87833,0.87843,4.02,1.40
2014.03.07 09:39:09.833,0.87833,0.87844,4.47,2.97
2014.03.07 09:39:10.741,0.87833,0.87844,4.47,2.59
2014.03.07 09:39:11.290,0.87833,0.87844,4.47,2.59
2014.03.07 09:39:11.799,0.87833,0.87844,5.59,1.84
2014.03.07 09:39:13.711,0.87835,0.87844,3.34,1.08
2014.03.07 09:39:14.420,0.87835,0.87841,1.29,1.00
2014.03.07 09:39:14.521,0.87834,0.87841,1.29,1.00
2014.03.07 09:39:22.782,0.87834,0.8784,1.29,1.00
2014.03.07 09:39:25.145,0.87834,0.8784,1.02,1.00
2014.03.07 09:39:27.092,0.87834,0.87843,1.02,1.84
2014.03.07 09:39:28.413,0.87834,0.8784,1.02,1.00
2014.03.07 09:39:28.970,0.87834,0.8784,1.00,1.18
2014.03.07 09:39:29.516,0.87832,0.8784,1.69,1.18
2014.03.07 09:39:30.076,0.87832,0.8784,1.77,1.20
2014.03.07 09:39:33.490,0.87833,0.87841,1.32,1.18
2014.03.07 09:39:33.794,0.87835,0.87843,2.82,2.33
2014.03.07 09:39:33.896,0.87837,0.87846,1.47,1.39
2014.03.07 09:39:34.533,0.87837,0.87846,1.77,1.09
2014.03.07 09:39:36.044,0.87837,0.87846,2.97,1.10
2014.03.07 09:39:36.717,0.87837,0.87846,2.59,1.48
2014.03.07 09:39:37.025,0.87837,0.87843,1.02,1.00
2014.03.07 09:39:37.532,0.87836,0.87844,1.77,1.10
2014.03.07 09:39:42.057,0.87838,0.87846,1.10,1.29
2014.03.07 09:39:42.585,0.87838,0.87847,1.29,1.09
2014.03.07 09:39:43.350,0.87838,0.87847,1.02,1.18
2014.03.07 09:39:47.913,0.87841,0.87847,1.00,1.18
2014.03.07 09:39:48.218,0.87843,0.87849,1.28,1.00
2014.03.07 09:39:48.370,0.87844,0.87852,1.20,1.20
2014.03.07 09:39:48.422,0.87846,0.87852,1.10,1.13
2014.03.07 09:39:48.574,0.87845,0.87854,1.34,1.50
2014.03.07 09:39:49.079,0.87845,0.87854,1.34,1.38
2014.03.07 09:39:49.603,0.87845,0.87854,1.34,1.13
2014.03.07 09:39:50.328,0.87845,0.87855,1.84,2.03
2014.03.07 09:39:51.036,0.87845,0.87855,1.84,1.95
2014.03.07 09:39:52.081,0.87845,0.87855,1.34,1.95
2014.03.07 09:39:53.093,0.87845,0.87855,1.34,1.95
2014.03.07 09:39:53.633,0.87845,0.87855,1.34,1.95
2014.03.07 09:39:54.635,0.87845,0.87855,1.34,1.95
2014.03.07 09:39:55.137,0.87845,0.87855,1.37,2.03
2014.03.07 09:39:55.395,0.87845,0.87853,1.37,1.38
2014.03.07 09:39:55.699,0.87845,0.87855,1.18,3.34
2014.03.07 09:39:57.321,0.87847,0.87855,1.00,2.03
2014.03.07 09:40:03.000,0.87847,0.87856,1.10,2.78
2014.03.07 09:40:03.570,0.87847,0.87856,1.10,2.78
2014.03.07 09:40:05.453,0.87847,0.87856,1.10,4.65
2014.03.07 09:40:05.605,0.87843,0.87852,4.32,1.58
2014.03.07 09:40:05.656,0.87844,0.87852,1.13,1.65
2014.03.07 09:40:06.163,0.87842,0.87852,1.29,2.78
2014.03.07 09:40:06.774,0.87842,0.87852,1.10,2.97
2014.03.07 09:40:07.595,0.87842,0.87852,1.18,2.97
2014.03.07 09:40:08.114,0.87842,0.87852,1.10,2.97
2014.03.07 09:40:08.645,0.87842,0.87852,1.00,5.14
2014.03.07 09:40:09.682,0.87842,0.8785,1.00,1.15
2014.03.07 09:40:09.784,0.87841,0.87849,1.00,2.33
2014.03.07 09:40:10.314,0.87839,0.87846,3.00,1.10
2014.03.07 09:40:10.820,0.87839,0.87846,1.50,1.10
2014.03.07 09:40:13.922,0.87839,0.87846,1.00,1.18
2014.03.07 09:40:14.428,0.87839,0.87846,1.50,1.10
2014.03.07 09:40:14.934,0.8784,0.87846,3.38,1.10
2014.03.07 09:40:15.238,0.87844,0.87851,1.74,1.00
2014.03.07 09:40:15.340,0.87844,0.87853,2.22,1.00
2014.03.07 09:40:15.880,0.87844,0.87853,2.59,1.10
2014.03.07 09:40:19.341,0.87845,0.87853,1.39,1.25
2014.03.07 09:40:19.863,0.87845,0.87854,1.39,2.59
2014.03.07 09:40:23.904,0.87845,0.87854,1.84,2.52
2014.03.07 09:40:24.430,0.87845,0.87854,2.22,1.58
2014.03.07 09:40:24.784,0.87846,0.87857,3.34,3.72
2014.03.07 09:40:25.625,0.8785,0.87857,1.00,3.72
2014.03.07 09:40:25.930,0.87852,0.87858,1.29,1.00
2014.03.07 09:40:25.981,0.87851,0.8786,3.34,1.50
2014.03.07 09:40:28.325,0.87852,0.87861,1.10,1.55
2014.03.07 09:40:28.831,0.8785,0.8786,1.37,2.78
2014.03.07 09:40:29.668,0.87849,0.87858,2.97,1.13
2014.03.07 09:40:29.719,0.87849,0.87858,2.14,1.20
2014.03.07 09:40:29.873,0.87847,0.87857,2.22,1.55
2014.03.07 09:40:30.076,0.8785,0.87857,1.00,1.18
2014.03.07 09:40:30.582,0.87848,0.87858,2.59,1.65
2014.03.07 09:40:31.139,0.87848,0.87857,2.59,1.10
2014.03.07 09:40:33.050,0.8785,0.87859,1.00,2.03
2014.03.07 09:40:33.404,0.87851,0.87859,1.08,1.10
2014.03.07 09:40:34.037,0.87851,0.8786,1.09,1.20
2014.03.07 09:40:34.695,0.87853,0.8786,1.00,1.10
2014.03.07 09:40:35.210,0.87853,0.87862,1.02,3.15
2014.03.07 09:40:35.769,0.87853,0.87862,1.33,2.70
2014.03.07 09:40:36.800,0.87852,0.8786,4.39,1.00
2014.03.07 09:40:37.053,0.87852,0.8786,2.07,1.18
2014.03.07 09:40:38.772,0.87852,0.87857,1.19,1.00
2014.03.07 09:40:38.926,0.8785,0.87856,1.00,1.00
2014.03.07 09:40:39.482,0.87851,0.87856,1.00,1.00
2014.03.07 09:40:39.686,0.87852,0.87859,1.10,1.00
2014.03.07 09:40:42.614,0.87852,0.87858,1.00,1.00
2014.03.07 09:40:44.413,0.87852,0.87859,1.00,1.10
2014.03.07 09:40:45.391,0.87852,0.8786,1.10,1.10
2014.03.07 09:40:45.493,0.87853,0.8786,1.18,1.00
2014.03.07 09:40:48.225,0.87853,0.8786,1.95,1.00
2014.03.07 09:40:48.731,0.87853,0.8786,2.52,1.00
2014.03.07 09:41:02.628,0.87853,0.8786,1.69,1.18
2014.03.07 09:41:03.599,0.87853,0.8786,2.07,1.10
2014.03.07 09:41:06.963,0.87853,0.8786,2.44,1.10
2014.03.07 09:41:07.166,0.87853,0.8786,1.69,1.18
2014.03.07 09:41:25.480,0.87853,0.87859,1.25,1.15
2014.03.07 09:41:26.021,0.87852,0.87859,1.69,1.15
2014.03.07 09:41:26.540,0.87852,0.87859,1.69,1.18
2014.03.07 09:41:31.302,0.87852,0.87859,1.69,1.15
2014.03.07 09:41:31.961,0.87852,0.87859,1.69,1.18
2014.03.07 09:41:35.427,0.87852,0.87859,1.69,1.15
2014.03.07 09:41:36.097,0.87852,0.87859,1.69,1.15
2014.03.07 09:41:40.767,0.87853,0.87859,1.00,1.18
2014.03.07 09:41:45.218,0.87853,0.87859,1.50,1.10
2014.03.07 09:41:57.040,0.87852,0.87859,2.52,1.00
2014.03.07 09:41:57.547,0.87852,0.87859,1.77,1.00
2014.03.07 09:42:05.876,0.87852,0.87859,1.02,1.00
2014.03.07 09:42:08.148,0.87852,0.87859,1.33,1.00
2014.03.07 09:42:08.802,0.87852,0.87859,1.02,1.00
2014.03.07 09:42:09.462,0.87852,0.87859,1.09,1.00
2014.03.07 09:42:09.979,0.87852,0.87859,1.09,1.00
2014.03.07 09:42:10.650,0.87852,0.87859,1.09,1.00
2014.03.07 09:42:12.453,0.87853,0.87859,1.29,1.00
2014.03.07 09:42:12.961,0.87853,0.8786,1.29,1.00
2014.03.07 09:42:17.470,0.87852,0.87859,1.29,1.00
2014.03.07 09:42:18.590,0.87852,0.87858,1.29,1.38
2014.03.07 09:42:18.691,0.8785,0.87856,1.18,1.00
2014.03.07 09:42:18.894,0.8785,0.87854,1.00,1.50
2014.03.07 09:42:19.162,0.87845,0.87853,2.14,1.10
2014.03.07 09:42:23.565,0.87847,0.87855,1.84,1.32
2014.03.07 09:42:24.142,0.8785,0.87856,1.00,1.32
2014.03.07 09:42:24.447,0.87852,0.87858,1.10,1.25
2014.03.07 09:42:24.751,0.87852,0.87859,1.84,1.13
2014.03.07 09:42:25.055,0.87856,0.87861,1.00,2.25
2014.03.07 09:42:29.745,0.87856,0.87861,1.00,1.88
2014.03.07 09:42:30.259,0.87854,0.87861,1.09,1.88
2014.03.07 09:42:30.982,0.87854,0.87861,1.02,1.88
2014.03.07 09:42:31.603,0.87854,0.87861,1.25,1.28
2014.03.07 09:42:32.114,0.87854,0.8786,1.25,1.10
2014.03.07 09:42:44.484,0.87855,0.8786,1.00,1.02
2014.03.07 09:42:45.932,0.87855,0.8786,1.00,1.29
2014.03.07 09:42:46.448,0.87854,0.8786,1.50,1.29
2014.03.07 09:42:46.956,0.87855,0.8786,1.00,1.29
2014.03.07 09:42:49.612,0.87854,0.87858,1.00,1.00
2014.03.07 09:42:49.714,0.8785,0.87857,1.18,1.25
2014.03.07 09:42:49.967,0.8785,0.87857,1.00,1.47
2014.03.07 09:42:53.971,0.87852,0.87857,1.00,1.02
2014.03.07 09:42:54.477,0.87852,0.87858,1.00,1.20
2014.03.07 09:42:57.364,0.87852,0.87859,1.58,1.02
2014.03.07 09:42:57.668,0.87855,0.8786,1.00,1.10
2014.03.07 09:43:00.035,0.87854,0.8786,1.00,1.10
2014.03.07 09:43:05.189,0.87852,0.8786,1.29,1.95
2014.03.07 09:43:05.492,0.87852,0.87858,1.00,1.00
2014.03.07 09:43:10.015,0.87851,0.87858,1.02,1.00
2014.03.07 09:43:10.519,0.87851,0.87857,1.10,1.00
2014.03.07 09:43:18.929,0.87849,0.87857,2.07,1.18
2014.03.07 09:43:19.462,0.87849,0.87856,1.00,1.09
2014.03.07 09:43:20.074,0.87848,0.87856,1.32,1.09
2014.03.07 09:43:23.459,0.87849,0.87856,1.00,1.09
2014.03.07 09:43:23.998,0.87848,0.87855,1.32,1.10
2014.03.07 09:43:24.737,0.87848,0.87855,1.25,1.18
2014.03.07 09:43:26.120,0.87849,0.87855,1.00,1.18
2014.03.07 09:43:26.475,0.87846,0.87853,1.67,1.08
2014.03.07 09:43:27.079,0.87846,0.87853,1.57,1.15
2014.03.07 09:43:27.603,0.87846,0.87853,1.57,1.18
2014.03.07 09:43:28.119,0.87846,0.87853,1.57,1.15
2014.03.07 09:43:28.713,0.87845,0.87849,1.00,1.00
2014.03.07 09:43:28.764,0.87842,0.87849,2.14,1.10
2014.03.07 09:43:28.916,0.87842,0.87847,1.25,1.00
2014.03.07 09:43:29.423,0.87839,0.87847,2.82,1.18
2014.03.07 09:43:36.615,0.87839,0.87847,2.07,1.18
2014.03.07 09:43:37.162,0.87839,0.87847,2.07,1.18
2014.03.07 09:43:46.757,0.87839,0.87847,1.63,1.09
2014.03.07 09:43:47.097,0.87838,0.87846,1.25,1.47
2014.03.07 09:43:47.351,0.87836,0.87844,2.89,1.20
2014.03.07 09:43:47.402,0.87836,0.87842,1.69,1.00
2014.03.07 09:43:47.503,0.87834,0.8784,1.25,1.00
2014.03.07 09:43:48.041,0.87835,0.87841,1.00,1.10
2014.03.07 09:43:49.263,0.87835,0.87841,1.13,1.18
2014.03.07 09:43:50.064,0.87835,0.87841,1.13,1.10
2014.03.07 09:43:51.354,0.87835,0.87841,1.38,1.20
2014.03.07 09:43:51.876,0.87836,0.87841,1.13,1.18
2014.03.07 09:43:52.590,0.87836,0.87841,1.13,1.00
2014.03.07 09:43:53.234,0.87836,0.87841,1.38,1.00
2014.03.07 09:43:53.437,0.87838,0.87845,1.39,1.00
2014.03.07 09:43:54.611,0.87838,0.87846,1.39,2.14
2014.03.07 09:44:03.355,0.87838,0.87846,1.39,1.10
2014.03.07 09:44:07.665,0.87838,0.87846,1.67,1.10
2014.03.07 09:44:20.360,0.8784,0.87847,1.13,1.02
2014.03.07 09:44:28.629,0.87838,0.87847,3.27,1.33
2014.03.07 09:44:29.136,0.87839,0.87844,1.25,1.10
2014.03.07 09:44:29.643,0.87838,0.87845,1.10,1.32
2014.03.07 09:44:37.581,0.87838,0.87845,2.89,1.00
2014.03.07 09:44:49.218,0.87838,0.87845,1.02,1.00
2014.03.07 09:44:53.650,0.8784,0.87845,1.00,1.00
2014.03.07 09:44:54.159,0.8784,0.87846,1.10,1.00
2014.03.07 09:44:55.754,0.8784,0.87848,1.10,1.29
2014.03.07 09:44:57.659,0.87841,0.87848,1.00,1.29
2014.03.07 09:44:59.489,0.87842,0.87848,1.00,1.29
2014.03.07 09:44:59.592,0.87841,0.87849,1.29,1.10
2014.03.07 09:45:00.140,0.8784,0.87848,2.59,1.00
2014.03.07 09:45:02.710,0.8784,0.87848,1.47,1.25
2014.03.07 09:45:03.318,0.8784,0.87848,1.47,1.02
2014.03.07 09:45:03.827,0.8784,0.87848,1.47,1.25
2014.03.07 09:45:04.727,0.8784,0.87848,1.47,1.02
2014.03.07 09:45:05.234,0.8784,0.87848,1.09,1.25
2014.03.07 09:45:06.367,0.8784,0.87848,1.09,1.02
2014.03.07 09:45:10.934,0.8784,0.87846,1.39,1.00
2014.03.07 09:45:12.964,0.8784,0.87846,1.25,1.18
2014.03.07 09:45:13.723,0.8784,0.87846,1.25,1.15
2014.03.07 09:45:31.558,0.87838,0.87845,1.13,2.33
2014.03.07 09:45:31.710,0.8784,0.87845,1.00,1.18
2014.03.07 09:45:36.823,0.87837,0.87845,4.32,1.18
2014.03.07 09:45:36.874,0.87837,0.87845,3.38,3.08
2014.03.07 09:45:37.436,0.87837,0.87842,1.50,1.18
2014.03.07 09:45:37.487,0.87835,0.8784,1.13,1.00
2014.03.07 09:45:37.538,0.87835,0.8784,1.13,1.00
2014.03.07 09:45:37.589,0.87834,0.8784,2.07,1.15
2014.03.07 09:45:38.096,0.87834,0.8784,1.25,1.15
2014.03.07 09:45:38.520,0.87834,0.87841,1.63,2.33
2014.03.07 09:45:38.672,0.87835,0.87841,1.00,2.33
2014.03.07 09:45:39.183,0.87834,0.8784,1.00,1.18
2014.03.07 09:45:39.690,0.87832,0.87839,2.07,1.53
2014.03.07 09:45:48.560,0.87834,0.87838,1.00,1.20
2014.03.07 09:45:58.709,0.87832,0.87838,2.07,1.10
2014.03.07 09:46:01.801,0.87832,0.87837,1.19,1.00
2014.03.07 09:46:02.312,0.8783,0.87837,3.57,1.18
2014.03.07 09:46:03.029,0.8783,0.87837,3.19,1.18
2014.03.07 09:46:03.914,0.8783,0.87835,2.07,1.00
2014.03.07 09:46:04.420,0.8783,0.87836,1.00,1.10
2014.03.07 09:46:07.975,0.8783,0.87837,1.02,1.00
2014.03.07 09:46:09.935,0.87832,0.87838,1.00,1.02
2014.03.07 09:46:16.798,0.8783,0.87838,1.39,1.02
2014.03.07 09:46:17.001,0.8783,0.87837,1.32,1.18
2014.03.07 09:46:18.421,0.8783,0.87837,1.02,1.00
2014.03.07 09:46:19.857,0.8783,0.87836,1.25,1.00
2014.03.07 09:46:30.828,0.87832,0.87839,1.00,3.34
2014.03.07 09:46:31.334,0.87833,0.87839,1.00,1.84
2014.03.07 09:46:35.975,0.87833,0.87839,1.00,2.14
2014.03.07 09:46:47.078,0.87832,0.87838,1.10,1.38
2014.03.07 09:46:47.605,0.87833,0.87838,1.00,1.38
2014.03.07 09:46:54.823,0.87832,0.87838,1.00,1.88
2014.03.07 09:47:03.166,0.87833,0.87838,1.00,1.08
2014.03.07 09:47:03.318,0.87833,0.87839,1.00,2.52
2014.03.07 09:47:04.675,0.87833,0.87839,1.00,2.89
2014.03.07 09:47:04.777,0.87832,0.87839,1.00,3.64
2014.03.07 09:47:15.697,0.87832,0.87838,1.00,2.33
2014.03.07 09:47:16.207,0.87832,0.87838,1.00,2.33
2014.03.07 09:47:20.869,0.87832,0.87838,1.00,1.48
2014.03.07 09:47:22.014,0.87832,0.87838,1.00,1.48
2014.03.07 09:47:25.567,0.87833,0.87838,1.00,1.10
2014.03.07 09:47:28.406,0.87833,0.87839,1.00,1.88
2014.03.07 09:47:28.558,0.87835,0.87841,1.50,2.03
2014.03.07 09:47:29.100,0.87836,0.87841,1.00,1.20
2014.03.07 09:47:32.392,0.87836,0.87842,1.00,4.09
2014.03.07 09:47:40.251,0.87835,0.87842,1.00,2.58
2014.03.07 09:47:43.726,0.87836,0.87841,1.00,1.46
2014.03.07 09:47:49.022,0.87836,0.87841,1.00,1.20
2014.03.07 09:47:55.686,0.87836,0.87842,1.00,2.14
2014.03.07 09:47:58.223,0.87836,0.87842,1.00,2.14
2014.03.07 09:48:01.343,0.87837,0.87842,1.00,1.38
2014.03.07 09:48:04.086,0.87836,0.87841,1.10,1.13
2014.03.07 09:48:04.869,0.87836,0.87841,1.00,1.50
2014.03.07 09:48:05.376,0.87835,0.8784,1.00,1.58
2014.03.07 09:48:05.933,0.87834,0.8784,1.00,1.88
2014.03.07 09:48:06.035,0.87835,0.8784,1.00,1.95
2014.03.07 09:48:06.136,0.87834,0.8784,1.00,1.88
2014.03.07 09:48:06.659,0.87835,0.8784,1.00,1.58
2014.03.07 09:48:06.811,0.87835,0.8784,1.00,1.13
2014.03.07 09:48:11.982,0.87835,0.87842,1.00,3.34
2014.03.07 09:48:12.492,0.87837,0.87843,1.00,2.97
2014.03.07 09:48:15.324,0.87839,0.87843,1.00,1.13
2014.03.07 09:48:15.845,0.87839,0.87844,1.00,2.14
2014.03.07 09:48:18.717,0.87835,0.87844,1.84,2.52
2014.03.07 09:48:19.256,0.87833,0.87842,1.84,1.20
2014.03.07 09:48:21.203,0.87835,0.87844,1.02,4.09
2014.03.07 09:48:21.456,0.87835,0.87844,3.34,2.44
2014.03.07 09:48:22.094,0.87835,0.87844,2.59,2.44
2014.03.07 09:48:25.794,0.87835,0.87845,4.47,4.77
2014.03.07 09:48:26.303,0.87837,0.87845,1.84,1.13
2014.03.07 09:48:32.981,0.87837,0.87845,1.37,1.50
2014.03.07 09:48:33.488,0.87837,0.87845,1.37,1.50
2014.03.07 09:48:34.808,0.87837,0.87845,1.37,1.50
2014.03.07 09:48:34.961,0.87837,0.87845,1.47,1.13
2014.03.07 09:48:35.466,0.87837,0.87845,1.37,1.50
2014.03.07 09:48:36.796,0.87836,0.87845,2.97,1.69
2014.03.07 09:48:37.324,0.87836,0.87845,2.97,1.69
