2007.05.07 05:00:02.530,1.2092,1.2093,0.80,16.00
2007.05.07 05:00:06.855,1.2092,1.2093,0.80,8.00
2007.05.07 05:00:07.101,1.2092,1.2094,0.80,32.10
2007.05.07 05:00:07.458,1.20915,1.2094,2.40,32.10
2007.05.07 05:00:07.579,1.2092,1.2094,0.80,31.60
2007.05.07 05:00:07.907,1.20915,1.2094,2.40,31.60
2007.05.07 05:00:09.398,1.20915,1.2094,24.80,29.20
2007.05.07 05:00:09.657,1.2092,1.2094,3.90,29.20
2007.05.07 05:00:12.376,1.20915,1.2094,17.60,24.40
2007.05.07 05:00:14.498,1.2092,1.2094,3.90,24.40
2007.05.07 05:00:15.845,1.2092,1.2094,4.10,28.90
2007.05.07 05:00:24.719,1.20915,1.2094,17.60,28.90
2007.05.07 05:00:38.165,1.2092,1.2094,20.00,28.90
2007.05.07 05:00:39.417,1.2093,1.2094,0.80,20.00
2007.05.07 05:00:42.500,1.2092,1.2094,20.00,28.80
2007.05.07 05:00:44.865,1.2093,1.2094,0.80,28.80
2007.05.07 05:00:45.091,1.2093,1.2094,0.80,20.80
2007.05.07 05:00:45.518,1.2093,1.2094,0.80,16.80
2007.05.07 05:00:47.597,1.2093,1.2094,0.80,16.00
2007.05.07 05:00:49.584,1.2093,1.2094,0.80,16.00
2007.05.07 05:01:08.698,1.20925,1.2094,2.40,16.80
2007.05.07 05:01:14.526,1.2093,1.2094,0.80,16.00
2007.05.07 05:01:20.624,1.2093,1.2094,0.80,16.80
2007.05.07 05:01:21.653,1.2093,1.2094,0.80,16.00
2007.05.07 05:01:26.987,1.2093,1.2094,0.80,16.80
2007.05.07 05:01:52.411,1.2092,1.2094,25.50,16.80
2007.05.07 05:01:52.661,1.2092,1.2094,24.80,16.80
2007.05.07 05:01:53.430,1.2092,1.2094,8.80,24.00
2007.05.07 05:01:53.987,1.2091,1.2094,31.20,43.90
2007.05.07 05:01:54.331,1.2091,1.2094,30.40,43.90
2007.05.07 05:01:54.583,1.2091,1.2094,24.00,47.90
2007.05.07 05:01:55.122,1.2091,1.2093,24.00,8.00
2007.05.07 05:01:55.353,1.2091,1.2093,16.00,20.80
2007.05.07 05:01:55.738,1.2091,1.2093,16.00,24.80
2007.05.07 05:02:03.360,1.2091,1.2093,11.20,29.60
2007.05.07 05:02:15.662,1.2091,1.2093,11.20,33.60
2007.05.07 05:02:20.931,1.2091,1.2093,16.00,28.80
2007.05.07 05:02:21.908,1.2091,1.2092,0.80,16.00
2007.05.07 05:02:23.986,1.2091,1.2092,0.80,16.80
2007.05.07 05:02:24.512,1.2091,1.2092,0.80,16.00
2007.05.07 05:02:26.053,1.2091,1.2092,0.80,16.80
2007.05.07 05:02:51.949,1.2091,1.2092,0.80,16.00
2007.05.07 05:02:55.586,1.2091,1.2092,0.80,16.80
2007.05.07 05:03:00.837,1.209,1.2092,26.40,20.80
2007.05.07 05:03:01.076,1.209,1.2092,24.00,20.80
2007.05.07 05:03:09.314,1.209,1.2092,24.00,16.80
2007.05.07 05:03:11.500,1.2091,1.2092,0.80,16.00
2007.05.07 05:03:22.221,1.2091,1.2092,0.80,16.80
2007.05.07 05:03:24.836,1.209,1.2092,25.50,16.80
2007.05.07 05:03:25.046,1.209,1.2092,24.00,20.80
2007.05.07 05:03:29.555,1.209,1.2092,24.00,16.80
2007.05.07 05:03:29.819,1.20905,1.2092,1.60,16.80
2007.05.07 05:03:30.082,1.2091,1.2092,0.80,16.80
2007.05.07 05:03:31.736,1.2091,1.2092,0.80,0.50
2007.05.07 05:03:38.222,1.20905,1.2091,1.60,8.00
2007.05.07 05:03:38.486,1.209,1.2091,1.60,8.00
2007.05.07 05:03:38.938,1.209,1.2092,16.00,24.80
2007.05.07 05:03:39.176,1.209,1.2092,24.00,24.80
2007.05.07 05:03:39.535,1.209,1.2092,24.00,16.80
2007.05.07 05:03:42.041,1.209,1.2092,24.00,20.80
2007.05.07 05:03:44.517,1.209,1.2092,16.00,20.80
2007.05.07 05:03:45.644,1.209,1.2092,16.00,24.80
2007.05.07 05:03:48.766,1.209,1.2092,0.90,24.80
2007.05.07 05:03:55.028,1.209,1.2092,20.00,24.80
2007.05.07 05:04:00.625,1.209,1.2092,24.00,20.80
2007.05.07 05:04:00.857,1.2091,1.2092,0.80,20.80
2007.05.07 05:04:01.077,1.2091,1.2092,0.80,16.80
2007.05.07 05:04:06.378,1.209,1.2092,27.20,20.80
2007.05.07 05:04:06.657,1.209,1.2092,24.80,24.80
2007.05.07 05:04:06.977,1.209,1.2092,24.00,24.80
2007.05.07 05:04:13.331,1.20905,1.2092,1.60,20.80
2007.05.07 05:04:13.567,1.2091,1.2092,0.80,16.80
2007.05.07 05:04:19.974,1.2091,1.2092,0.80,16.00
2007.05.07 05:05:01.131,1.2091,1.2092,4.80,16.00
2007.05.07 05:05:01.746,1.2091,1.2092,4.80,8.00
2007.05.07 05:05:02.913,1.2091,1.2092,0.80,8.00
2007.05.07 05:05:03.625,1.2091,1.2092,0.80,16.00
2007.05.07 05:05:09.378,1.2091,1.2092,0.80,16.00
2007.05.07 05:05:21.990,1.2091,1.2092,0.80,16.80
2007.05.07 05:05:40.037,1.2091,1.2092,0.80,16.00
2007.05.07 05:05:42.400,1.2091,1.2093,16.00,25.60
2007.05.07 05:05:42.633,1.2091,1.2093,16.00,21.60
2007.05.07 05:05:42.910,1.2091,1.2093,16.00,20.80
2007.05.07 05:05:43.345,1.2091,1.2093,16.00,24.80
2007.05.07 05:05:43.834,1.2091,1.2093,20.00,16.80
2007.05.07 05:05:44.881,1.2092,1.2093,0.80,16.80
2007.05.07 05:05:55.605,1.2092,1.2093,0.80,16.00
2007.05.07 05:05:59.892,1.2092,1.2094,16.00,25.10
2007.05.07 05:06:00.127,1.2092,1.2094,16.00,24.90
2007.05.07 05:06:00.653,1.2092,1.2094,16.00,20.90
2007.05.07 05:06:01.324,1.2093,1.2094,0.80,16.80
2007.05.07 05:06:23.932,1.2093,1.2095,11.20,29.60
2007.05.07 05:06:24.573,1.2093,1.2095,11.20,25.60
2007.05.07 05:06:28.416,1.2093,1.2095,16.00,20.80
2007.05.07 05:06:30.886,1.2093,1.2095,16.00,24.80
2007.05.07 05:06:33.034,1.2093,1.2095,20.00,24.80
2007.05.07 05:06:34.550,1.2093,1.2095,15.20,29.60
2007.05.07 05:06:34.806,1.2093,1.2095,11.20,29.60
2007.05.07 05:06:36.031,1.2093,1.2095,15.20,25.60
2007.05.07 05:06:36.517,1.2093,1.2095,16.00,24.80
2007.05.07 05:06:40.875,1.2093,1.2095,15.20,25.60
2007.05.07 05:06:46.846,1.2093,1.2095,16.00,24.80
2007.05.07 05:06:49.755,1.2093,1.2095,20.00,16.80
2007.05.07 05:06:49.963,1.2093,1.2095,24.00,16.80
2007.05.07 05:06:50.890,1.2093,1.2095,8.00,24.00
2007.05.07 05:06:51.346,1.2093,1.2095,8.20,24.00
2007.05.07 05:06:51.600,1.2093,1.2095,0.30,32.00
2007.05.07 05:06:51.838,1.20935,1.2095,1.60,20.80
2007.05.07 05:06:52.349,1.2093,1.2095,30.50,20.80
2007.05.07 05:06:52.583,1.2093,1.2095,24.20,20.80
2007.05.07 05:06:52.849,1.2093,1.2095,8.20,28.00
2007.05.07 05:06:52.878,1.2093,1.2095,8.20,0.80
2007.05.07 05:06:53.359,1.2093,1.2095,13.00,0.80
2007.05.07 05:06:53.874,1.2093,1.20955,23.40,22.40
2007.05.07 05:06:54.649,1.2093,1.20955,23.20,22.40
2007.05.07 05:06:55.851,1.2093,1.20955,12.80,24.80
2007.05.07 05:06:56.304,1.2093,1.20955,13.60,24.80
2007.05.07 05:06:57.072,1.2093,1.20955,21.60,24.80
2007.05.07 05:06:57.398,1.2094,1.20955,0.80,22.40
2007.05.07 05:06:57.623,1.2094,1.20955,0.80,18.40
2007.05.07 05:07:14.021,1.2094,1.2095,0.80,0.60
2007.05.07 05:07:14.922,1.20935,1.20955,2.40,17.60
2007.05.07 05:07:15.525,1.2094,1.2095,0.80,0.90
2007.05.07 05:07:22.160,1.2094,1.2095,0.80,16.00
2007.05.07 05:07:22.662,1.2094,1.2095,0.80,16.80
2007.05.07 05:07:33.834,1.20925,1.2095,25.60,16.80
2007.05.07 05:07:34.608,1.20925,1.2095,29.60,20.80
2007.05.07 05:07:35.356,1.20925,1.2095,24.80,25.60
2007.05.07 05:07:38.204,1.20935,1.2095,2.40,16.80
2007.05.07 05:07:38.418,1.2093,1.2095,10.50,20.80
2007.05.07 05:07:38.928,1.2093,1.2095,5.70,25.60
2007.05.07 05:07:45.372,1.2093,1.2095,24.00,20.80
2007.05.07 05:07:48.871,1.2093,1.2095,19.20,25.60
2007.05.07 05:07:49.614,1.2093,1.2095,19.20,29.60
2007.05.07 05:07:55.351,1.2093,1.2095,24.00,24.80
2007.05.07 05:07:59.004,1.2093,1.2095,24.00,20.80
2007.05.07 05:08:06.872,1.2093,1.2095,11.20,46.30
2007.05.07 05:08:07.085,1.2093,1.2094,8.80,8.00
2007.05.07 05:08:09.971,1.2093,1.2094,8.80,8.80
2007.05.07 05:08:17.589,1.2093,1.2094,8.80,8.00
2007.05.07 05:08:18.098,1.2093,1.2094,8.80,8.80
2007.05.07 05:08:18.567,1.2093,1.2094,8.80,8.00
2007.05.07 05:08:20.074,1.20925,1.2094,10.40,8.00
2007.05.07 05:08:31.830,1.20925,1.2095,21.60,24.80
2007.05.07 05:08:32.109,1.20925,1.2095,25.60,20.80
2007.05.07 05:08:32.862,1.20935,1.2095,9.60,12.80
2007.05.07 05:08:33.113,1.20935,1.2095,10.40,12.80
2007.05.07 05:08:33.369,1.20925,1.2095,28.00,20.80
2007.05.07 05:08:33.611,1.20925,1.2095,26.40,20.80
2007.05.07 05:08:33.935,1.20925,1.2095,25.60,20.80
2007.05.07 05:08:35.872,1.20935,1.2095,10.40,12.80
2007.05.07 05:08:36.660,1.20935,1.2095,10.40,8.80
2007.05.07 05:08:41.066,1.20935,1.2095,10.40,8.00
2007.05.07 05:08:42.403,1.20935,1.2096,20.80,27.20
2007.05.07 05:08:42.804,1.20935,1.2096,20.80,25.60
2007.05.07 05:08:43.804,1.20935,1.2096,8.80,39.90
2007.05.07 05:08:44.090,1.20935,1.2096,8.00,39.90
2007.05.07 05:08:44.978,1.2094,1.2096,4.40,39.90
2007.05.07 05:08:45.458,1.2094,1.2096,5.10,35.10
2007.05.07 05:08:45.799,1.20935,1.2096,19.20,23.20
2007.05.07 05:08:46.702,1.2094,1.2096,21.60,23.20
2007.05.07 05:08:46.941,1.2095,1.2096,3.60,12.80
2007.05.07 05:08:47.777,1.2095,1.2096,8.80,8.80
2007.05.07 05:08:51.435,1.2095,1.20965,8.80,10.40
2007.05.07 05:08:55.149,1.2095,1.2096,0.80,16.80
2007.05.07 05:08:55.515,1.2094,1.2096,25.60,16.80
2007.05.07 05:08:55.788,1.2094,1.2096,13.60,19.20
2007.05.07 05:08:56.644,1.2094,1.2096,13.60,23.20
2007.05.07 05:08:58.104,1.2094,1.2096,21.60,23.20
2007.05.07 05:08:58.595,1.2094,1.2096,24.00,20.80
2007.05.07 05:08:58.870,1.2094,1.2096,24.00,16.80
2007.05.07 05:09:19.254,1.2094,1.2096,27.20,16.80
2007.05.07 05:09:19.547,1.2094,1.2096,28.00,16.80
2007.05.07 05:09:23.450,1.2094,1.2096,23.20,21.60
2007.05.07 05:09:24.920,1.2094,1.2095,11.20,16.00
2007.05.07 05:09:25.125,1.2094,1.2095,0.80,16.00
2007.05.07 05:09:30.795,1.2094,1.2095,0.80,16.80
2007.05.07 05:09:32.983,1.2094,1.2096,19.20,25.60
2007.05.07 05:09:33.710,1.2094,1.2096,19.20,21.60
2007.05.07 05:09:36.997,1.2094,1.2096,24.00,16.80
2007.05.07 05:09:37.570,1.2094,1.2096,24.80,16.80
2007.05.07 05:09:37.803,1.2094,1.2096,28.00,16.80
2007.05.07 05:09:43.037,1.2094,1.2096,23.20,21.60
2007.05.07 05:09:46.916,1.2094,1.2096,28.00,16.80
2007.05.07 05:09:50.965,1.20935,1.2096,33.60,16.80
2007.05.07 05:09:55.127,1.2094,1.2096,8.30,16.80
2007.05.07 05:09:55.435,1.20935,1.2096,29.60,16.80
2007.05.07 05:09:55.693,1.2096,1.20965,0.70,1.60
2007.05.07 05:09:56.381,1.20955,1.2097,5.20,25.60
2007.05.07 05:09:56.602,1.2096,1.2097,0.50,13.60
2007.05.07 05:09:56.875,1.2096,1.2097,0.50,4.80
2007.05.07 05:09:57.381,1.20945,1.2096,7.20,16.80
2007.05.07 05:09:57.635,1.2095,1.2096,0.80,16.80
2007.05.07 05:09:57.898,1.2095,1.2097,0.70,20.80
2007.05.07 05:09:58.134,1.20945,1.2097,12.00,16.80
2007.05.07 05:10:00.201,1.20935,1.2097,47.10,20.80
2007.05.07 05:10:00.760,1.20935,1.2097,45.50,20.80
2007.05.07 05:10:01.511,1.20935,1.2097,47.10,20.80
2007.05.07 05:10:01.752,1.2094,1.2097,3.40,20.80
2007.05.07 05:10:02.020,1.2094,1.2097,3.30,28.80
2007.05.07 05:10:02.274,1.20935,1.2097,35.20,40.70
2007.05.07 05:10:02.511,1.20935,1.2097,35.20,41.50
2007.05.07 05:10:02.773,1.2094,1.2097,13.60,41.50
2007.05.07 05:10:03.006,1.20935,1.2097,35.20,41.50
2007.05.07 05:10:03.254,1.2094,1.2097,12.30,41.50
2007.05.07 05:10:03.528,1.20935,1.2097,35.20,43.90
2007.05.07 05:10:04.293,1.20935,1.2097,33.60,43.90
2007.05.07 05:10:04.517,1.2094,1.2097,15.80,43.90
2007.05.07 05:10:07.582,1.2094,1.2097,33.60,39.90
2007.05.07 05:10:12.384,1.20935,1.2097,39.20,43.90
2007.05.07 05:10:15.759,1.20935,1.2097,35.20,43.90
2007.05.07 05:10:21.982,1.2095,1.2097,4.00,43.90
2007.05.07 05:10:22.372,1.2094,1.2097,29.60,43.90
2007.05.07 05:10:24.908,1.2094,1.2097,28.00,43.90
2007.05.07 05:10:25.762,1.2094,1.2097,25.60,43.90
2007.05.07 05:10:25.974,1.2094,1.2097,29.60,43.90
2007.05.07 05:10:26.668,1.2094,1.2097,28.00,43.90
2007.05.07 05:10:27.695,1.2094,1.2097,29.60,43.90
2007.05.07 05:10:27.966,1.2094,1.2097,28.00,43.90
2007.05.07 05:10:28.455,1.2094,1.2097,29.60,43.90
2007.05.07 05:10:28.922,1.2094,1.2097,28.00,43.90
2007.05.07 05:10:29.715,1.2094,1.2097,29.60,43.90
2007.05.07 05:10:29.914,1.2094,1.2097,28.00,43.90
2007.05.07 05:10:30.224,1.2094,1.2097,29.60,43.90
2007.05.07 05:10:30.447,1.2094,1.2097,28.00,43.90
2007.05.07 05:10:30.744,1.2094,1.2097,29.60,43.90
2007.05.07 05:10:31.005,1.2094,1.2097,28.00,43.90
2007.05.07 05:10:31.254,1.2094,1.2097,29.60,43.90
2007.05.07 05:10:31.550,1.2094,1.2097,28.00,43.90
2007.05.07 05:10:31.894,1.2094,1.2097,24.00,47.90
2007.05.07 05:10:32.117,1.2094,1.2097,25.60,47.90
2007.05.07 05:10:32.457,1.2094,1.2097,28.00,47.90
2007.05.07 05:10:32.877,1.2094,1.2097,29.60,47.90
2007.05.07 05:10:33.890,1.2094,1.2097,28.00,47.90
2007.05.07 05:10:34.294,1.2094,1.2097,6.20,47.90
2007.05.07 05:10:36.107,1.2094,1.2097,29.60,47.90
2007.05.07 05:10:36.319,1.2094,1.2097,28.00,47.90
2007.05.07 05:10:36.549,1.2094,1.2097,29.60,47.90
2007.05.07 05:10:36.837,1.2094,1.2097,28.00,47.90
2007.05.07 05:10:37.691,1.2094,1.2097,29.60,47.90
2007.05.07 05:10:38.234,1.2094,1.2097,28.00,47.90
2007.05.07 05:10:38.982,1.2094,1.2097,29.60,47.90
2007.05.07 05:10:39.191,1.2094,1.2097,28.00,47.90
2007.05.07 05:10:39.393,1.2094,1.2097,29.60,47.90
2007.05.07 05:10:39.689,1.2094,1.2097,28.00,47.90
2007.05.07 05:10:40.455,1.2094,1.2097,29.60,47.90
2007.05.07 05:10:40.804,1.2094,1.2097,28.00,47.90
2007.05.07 05:10:41.220,1.2094,1.2097,29.60,47.90
2007.05.07 05:10:41.436,1.2094,1.2097,28.00,47.90
2007.05.07 05:10:42.496,1.2094,1.2097,29.60,47.90
2007.05.07 05:10:42.779,1.2094,1.2097,28.00,47.90
2007.05.07 05:10:43.749,1.2094,1.2097,29.60,44.70
2007.05.07 05:10:44.001,1.2094,1.2097,28.00,44.70
2007.05.07 05:10:45.010,1.2094,1.2097,29.60,44.70
2007.05.07 05:10:45.216,1.2094,1.2097,28.00,44.70
2007.05.07 05:10:45.430,1.2094,1.2097,29.60,44.70
2007.05.07 05:10:47.540,1.2094,1.2097,28.00,44.70
2007.05.07 05:10:48.081,1.2094,1.2097,29.60,44.70
2007.05.07 05:10:48.796,1.2094,1.2097,28.00,44.70
2007.05.07 05:10:49.025,1.2094,1.2097,29.60,44.70
2007.05.07 05:10:49.409,1.2094,1.2097,28.00,44.70
2007.05.07 05:10:49.616,1.2094,1.2097,29.60,44.70
2007.05.07 05:10:50.293,1.2094,1.2097,28.00,44.70
2007.05.07 05:10:50.760,1.2094,1.2097,29.60,44.70
2007.05.07 05:10:51.047,1.2094,1.2097,28.00,44.70
2007.05.07 05:10:51.990,1.2094,1.2097,29.60,44.70
2007.05.07 05:10:52.296,1.2094,1.2097,28.00,44.70
2007.05.07 05:10:53.117,1.2094,1.2097,29.60,44.70
2007.05.07 05:10:53.420,1.2094,1.2097,28.00,44.70
2007.05.07 05:10:53.642,1.2094,1.2097,29.60,44.70
2007.05.07 05:10:54.252,1.2094,1.2097,28.00,44.70
2007.05.07 05:10:55.990,1.2094,1.2097,29.60,44.70
2007.05.07 05:10:56.425,1.2094,1.2097,28.00,44.70
2007.05.07 05:10:57.435,1.2094,1.2097,29.60,44.70
2007.05.07 05:10:57.910,1.2094,1.2097,28.00,44.70
2007.05.07 05:10:58.315,1.2094,1.2097,29.60,44.70
2007.05.07 05:10:58.843,1.2094,1.2097,28.00,44.70
2007.05.07 05:10:59.259,1.2094,1.2097,29.60,44.70
2007.05.07 05:10:59.670,1.2094,1.2097,28.00,44.70
2007.05.07 05:10:59.964,1.2094,1.2097,29.60,44.70
2007.05.07 05:11:00.180,1.2094,1.2097,28.00,44.70
2007.05.07 05:11:00.512,1.2094,1.2097,29.60,44.70
2007.05.07 05:11:00.769,1.2094,1.2097,28.00,44.70
2007.05.07 05:11:01.006,1.2094,1.2097,29.60,44.70
2007.05.07 05:11:01.696,1.2094,1.2097,28.00,44.70
2007.05.07 05:11:02.024,1.2094,1.2097,29.60,44.70
2007.05.07 05:11:02.299,1.2094,1.2097,28.00,44.70
2007.05.07 05:11:03.330,1.2094,1.2097,29.60,44.70
2007.05.07 05:11:03.582,1.2094,1.2096,21.60,13.60
2007.05.07 05:11:03.838,1.2094,1.2096,19.20,13.60
2007.05.07 05:11:04.555,1.2094,1.2096,19.20,0.60
2007.05.07 05:11:12.882,1.2094,1.2096,19.20,21.60
2007.05.07 05:11:13.085,1.2094,1.2096,11.20,25.60
2007.05.07 05:11:13.486,1.2094,1.2096,19.20,25.60
2007.05.07 05:11:13.720,1.2094,1.2096,19.20,29.60
2007.05.07 05:11:19.057,1.2094,1.2096,19.20,25.60
2007.05.07 05:11:27.543,1.2094,1.2096,19.20,29.60
2007.05.07 05:11:28.604,1.2094,1.20965,19.20,35.20
2007.05.07 05:11:29.584,1.2094,1.20965,19.20,31.20
2007.05.07 05:11:42.040,1.2094,1.20965,19.20,35.20
2007.05.07 05:11:51.975,1.2094,1.2096,24.00,0.80
2007.05.07 05:11:52.943,1.2094,1.20965,19.20,27.20
2007.05.07 05:11:53.397,1.2094,1.2096,24.00,0.90
2007.05.07 05:11:56.515,1.2094,1.20965,19.20,35.20
2007.05.07 05:11:56.905,1.2093,1.20965,29.60,49.50
2007.05.07 05:11:57.131,1.2093,1.20965,28.00,49.50
2007.05.07 05:11:59.262,1.2094,1.2096,13.60,35.10
2007.05.07 05:11:59.615,1.2094,1.2096,13.60,23.20
2007.05.07 05:11:59.869,1.2094,1.2096,14.40,4.00
2007.05.07 05:12:00.094,1.2094,1.2096,23.20,4.00
2007.05.07 05:12:00.364,1.2094,1.2096,33.60,4.00
2007.05.07 05:12:00.726,1.2094,1.2096,29.60,4.00
2007.05.07 05:12:01.430,1.2094,1.2097,29.60,43.90
2007.05.07 05:12:04.479,1.2094,1.2097,28.00,43.90
2007.05.07 05:12:05.472,1.2094,1.2097,25.60,47.90
2007.05.07 05:12:10.584,1.2094,1.2097,28.00,43.90
2007.05.07 05:12:11.816,1.2094,1.2097,29.60,43.90
2007.05.07 05:12:12.140,1.2094,1.2097,28.00,43.90
2007.05.07 05:12:12.644,1.2094,1.2097,29.60,43.90
2007.05.07 05:12:12.850,1.2094,1.2097,28.00,43.90
2007.05.07 05:12:13.429,1.2094,1.2097,28.00,47.90
2007.05.07 05:12:13.837,1.2094,1.2097,29.60,47.90
2007.05.07 05:12:14.137,1.2094,1.2097,28.00,47.90
2007.05.07 05:12:15.172,1.2094,1.2097,29.60,47.90
2007.05.07 05:12:15.689,1.2094,1.2097,28.00,47.90
2007.05.07 05:12:16.345,1.2094,1.2097,29.60,47.90
2007.05.07 05:12:16.583,1.2094,1.2097,28.00,47.90
2007.05.07 05:12:17.306,1.2094,1.2097,29.60,47.90
2007.05.07 05:12:18.018,1.2094,1.2097,28.00,47.90
2007.05.07 05:12:18.330,1.2094,1.2097,29.60,47.90
2007.05.07 05:12:18.603,1.2094,1.2097,28.00,47.90
2007.05.07 05:12:18.925,1.2094,1.2097,29.60,47.90
2007.05.07 05:12:19.701,1.2094,1.2097,28.00,47.90
2007.05.07 05:12:19.928,1.2094,1.20975,28.00,49.50
2007.05.07 05:12:20.240,1.2094,1.20975,29.60,49.50
2007.05.07 05:12:20.738,1.2094,1.2097,28.00,0.60
2007.05.07 05:12:20.992,1.2094,1.20975,29.60,49.50
2007.05.07 05:12:21.243,1.2094,1.2097,28.00,0.60
2007.05.07 05:12:21.576,1.2094,1.2097,29.60,0.60
2007.05.07 05:12:21.970,1.2094,1.20975,28.00,49.50
2007.05.07 05:12:22.520,1.2094,1.2097,29.60,0.60
2007.05.07 05:12:22.928,1.2094,1.20975,28.00,49.50
2007.05.07 05:12:23.290,1.2094,1.20975,29.60,49.50
2007.05.07 05:12:23.600,1.2094,1.20975,28.00,49.50
2007.05.07 05:12:23.804,1.2094,1.20975,29.60,49.50
2007.05.07 05:12:24.725,1.2094,1.2097,28.00,0.50
2007.05.07 05:12:25.133,1.2094,1.20975,29.60,49.50
2007.05.07 05:12:26.025,1.2094,1.2097,28.00,0.90
2007.05.07 05:12:26.238,1.2094,1.20975,29.60,49.50
2007.05.07 05:12:26.450,1.2094,1.20975,28.00,49.50
2007.05.07 05:12:28.175,1.2094,1.2097,29.60,0.50
2007.05.07 05:12:29.092,1.2094,1.20975,25.60,49.50
2007.05.07 05:12:29.377,1.2094,1.20975,28.00,49.50
2007.05.07 05:12:29.700,1.2094,1.2097,29.60,0.70
2007.05.07 05:12:30.004,1.2094,1.20975,28.00,49.50
2007.05.07 05:12:30.705,1.2094,1.2097,29.60,0.70
2007.05.07 05:12:30.929,1.2094,1.20975,28.00,49.50
2007.05.07 05:12:31.321,1.2094,1.20975,29.60,49.50
2007.05.07 05:12:31.606,1.2094,1.2097,28.00,0.90
2007.05.07 05:12:32.920,1.2094,1.20975,29.60,49.50
2007.05.07 05:12:33.138,1.2094,1.2097,28.00,0.60
2007.05.07 05:12:33.463,1.2094,1.20975,29.60,49.50
2007.05.07 05:12:33.865,1.2094,1.2097,28.00,0.50
2007.05.07 05:12:34.164,1.2094,1.20975,29.60,49.50
2007.05.07 05:12:34.479,1.2094,1.20975,28.00,49.50
2007.05.07 05:12:34.689,1.2094,1.20975,29.60,49.50
2007.05.07 05:12:35.043,1.2094,1.2097,28.00,0.90
2007.05.07 05:12:35.387,1.2094,1.20975,29.60,49.50
2007.05.07 05:12:35.699,1.2094,1.2097,28.00,0.60
2007.05.07 05:12:36.298,1.2094,1.20975,29.60,49.50
2007.05.07 05:12:36.611,1.2094,1.2097,28.00,0.60
2007.05.07 05:12:36.909,1.2094,1.2097,29.60,0.50
2007.05.07 05:12:37.830,1.2094,1.20975,28.00,49.50
2007.05.07 05:12:39.958,1.2094,1.20975,29.60,49.50
2007.05.07 05:12:40.175,1.2094,1.20975,28.00,49.50
2007.05.07 05:12:40.469,1.2094,1.20975,29.60,49.50
2007.05.07 05:12:40.686,1.2094,1.20975,28.00,49.50
2007.05.07 05:12:40.984,1.2094,1.20975,29.60,49.50
2007.05.07 05:12:41.196,1.2094,1.20975,28.00,49.50
2007.05.07 05:12:41.507,1.2094,1.20975,29.60,49.50
2007.05.07 05:12:41.786,1.2094,1.20975,28.00,49.50
2007.05.07 05:12:42.307,1.2094,1.20975,29.60,49.50
2007.05.07 05:12:42.605,1.2094,1.20975,28.00,49.50
2007.05.07 05:12:42.913,1.2094,1.20975,29.60,49.50
2007.05.07 05:12:43.241,1.2094,1.20975,28.00,49.50
2007.05.07 05:12:44.336,1.2094,1.2097,29.60,0.80
2007.05.07 05:12:44.659,1.2094,1.20975,28.00,49.50
2007.05.07 05:12:45.348,1.2094,1.20975,29.60,49.50
2007.05.07 05:12:45.655,1.2094,1.20975,28.00,49.50
2007.05.07 05:12:46.368,1.2094,1.2097,29.60,0.80
2007.05.07 05:12:47.837,1.2094,1.2097,28.00,43.90
2007.05.07 05:12:49.109,1.2094,1.2097,29.60,43.90
2007.05.07 05:12:49.408,1.2094,1.2097,28.00,43.90
2007.05.07 05:12:49.624,1.2094,1.2097,29.60,43.90
2007.05.07 05:12:49.829,1.2094,1.2097,25.60,43.90
2007.05.07 05:12:50.137,1.2094,1.2097,29.60,43.90
2007.05.07 05:12:50.650,1.2094,1.2097,28.00,43.90
2007.05.07 05:12:50.867,1.2094,1.2097,29.60,43.90
2007.05.07 05:12:51.236,1.2094,1.2097,28.00,43.90
2007.05.07 05:12:51.952,1.2094,1.2097,29.60,43.90
2007.05.07 05:12:52.166,1.2094,1.2097,28.00,43.90
2007.05.07 05:12:52.379,1.2094,1.2097,29.60,43.90
2007.05.07 05:12:52.878,1.2094,1.2097,28.00,43.90
2007.05.07 05:12:53.094,1.2094,1.2097,29.60,43.90
2007.05.07 05:12:53.701,1.2094,1.2097,28.00,43.90
2007.05.07 05:12:55.528,1.2094,1.2097,29.60,43.90
2007.05.07 05:12:56.550,1.2094,1.2097,28.00,43.90
2007.05.07 05:12:57.066,1.2094,1.2097,29.60,43.90
2007.05.07 05:12:57.267,1.2094,1.2097,28.00,43.90
2007.05.07 05:12:57.558,1.2094,1.2097,29.60,43.90
2007.05.07 05:13:33.375,1.2094,1.2097,28.00,43.90
2007.05.07 05:13:58.207,1.2096,1.2097,0.50,43.90
2007.05.07 05:13:58.411,1.2096,1.2097,0.50,29.60
2007.05.07 05:13:58.760,1.2096,1.2097,0.50,25.60
2007.05.07 05:14:06.455,1.2096,1.2097,0.50,16.80
2007.05.07 05:14:06.956,1.2096,1.2097,0.50,21.60
2007.05.07 05:14:07.503,1.2096,1.2097,0.50,29.60
2007.05.07 05:14:12.576,1.2096,1.2097,0.50,25.60
2007.05.07 05:14:16.158,1.2096,1.2097,0.50,29.60
2007.05.07 05:14:21.726,1.2096,1.2097,0.50,25.60
2007.05.07 05:14:26.384,1.2096,1.2097,0.50,20.80
2007.05.07 05:14:30.929,1.2096,1.2097,0.50,25.60
2007.05.07 05:14:36.659,1.2096,1.20975,0.50,27.20
2007.05.07 05:14:39.800,1.2096,1.2097,0.50,20.80
2007.05.07 05:15:01.880,1.2096,1.2097,0.50,20.60
2007.05.07 05:15:02.140,1.2096,1.2097,0.50,20.00
2007.05.07 05:15:07.234,1.2096,1.2097,0.50,20.80
2007.05.07 05:15:52.352,1.2096,1.2097,0.50,25.60
2007.05.07 05:16:07.704,1.2096,1.2097,0.50,21.60
2007.05.07 05:16:09.717,1.2095,1.2097,11.20,21.60
2007.05.07 05:16:09.982,1.2095,1.2097,4.30,24.90
2007.05.07 05:16:10.220,1.2095,1.2097,5.20,25.50
2007.05.07 05:16:10.468,1.20945,1.2095,1.60,10.40
2007.05.07 05:16:10.781,1.2094,1.2095,12.40,10.40
2007.05.07 05:16:10.986,1.2094,1.2096,17.20,4.80
2007.05.07 05:16:11.292,1.2094,1.2096,23.60,4.00
2007.05.07 05:16:11.529,1.2094,1.2097,23.60,47.90
2007.05.07 05:16:14.061,1.20935,1.2097,29.20,47.90
2007.05.07 05:16:14.081,1.20935,1.2097,29.60,47.90
2007.05.07 05:16:15.650,1.2094,1.2097,26.10,47.90
2007.05.07 05:16:15.860,1.20945,1.2097,15.70,33.60
2007.05.07 05:16:16.086,1.20945,1.2097,26.20,21.60
2007.05.07 05:16:16.374,1.20945,1.2097,20.50,21.60
2007.05.07 05:16:16.599,1.20945,1.2097,16.50,17.60
2007.05.07 05:16:19.392,1.20945,1.2097,16.50,16.80
2007.05.07 05:16:19.608,1.20945,1.2096,16.50,8.80
2007.05.07 05:16:29.504,1.20945,1.2096,13.50,8.80
2007.05.07 05:16:29.909,1.2094,1.2096,25.00,13.60
2007.05.07 05:16:30.144,1.2095,1.2096,0.70,21.60
2007.05.07 05:16:30.421,1.2095,1.2096,0.80,25.60
2007.05.07 05:16:30.632,1.2094,1.2096,24.20,29.60
2007.05.07 05:16:31.905,1.2094,1.2096,21.80,25.60
2007.05.07 05:16:32.388,1.2095,1.2096,0.70,20.80
2007.05.07 05:16:32.625,1.2095,1.2096,2.10,20.80
2007.05.07 05:16:33.654,1.20945,1.2096,5.60,16.80
2007.05.07 05:16:34.039,1.20945,1.2095,2.40,0.80
2007.05.07 05:16:38.953,1.20945,1.2095,0.80,0.80
2007.05.07 05:16:39.166,1.20935,1.2095,18.40,0.80
2007.05.07 05:16:39.394,1.2094,1.2095,2.90,0.80
2007.05.07 05:16:39.895,1.20945,1.2095,2.40,0.80
2007.05.07 05:16:40.367,1.2094,1.2096,8.60,25.60
2007.05.07 05:16:40.630,1.20935,1.2096,25.60,25.60
2007.05.07 05:16:40.908,1.20935,1.2096,14.40,32.00
2007.05.07 05:16:41.835,1.20935,1.2096,24.80,29.60
2007.05.07 05:16:42.041,1.2094,1.2096,9.60,25.60
2007.05.07 05:16:42.683,1.2094,1.2096,19.20,21.60
2007.05.07 05:16:46.290,1.20935,1.2096,24.80,21.60
2007.05.07 05:16:59.282,1.20935,1.2096,34.40,16.80
2007.05.07 05:16:59.536,1.20945,1.2096,2.40,16.80
2007.05.07 05:17:01.343,1.2095,1.2096,0.80,21.60
2007.05.07 05:17:01.642,1.2094,1.2096,4.40,21.60
2007.05.07 05:17:08.134,1.2094,1.2096,3.90,21.60
2007.05.07 05:17:08.460,1.20935,1.2096,14.40,28.00
2007.05.07 05:17:11.834,1.2094,1.2096,9.80,25.60
2007.05.07 05:17:17.903,1.2094,1.2096,24.00,20.80
2007.05.07 05:17:18.160,1.2095,1.2096,0.80,20.80
2007.05.07 05:17:18.660,1.2095,1.2096,0.80,20.00
2007.05.07 05:17:18.904,1.2094,1.2096,18.40,24.80
2007.05.07 05:17:19.181,1.2095,1.2096,0.80,24.80
2007.05.07 05:17:40.728,1.2095,1.2096,0.80,28.80
2007.05.07 05:18:09.666,1.2094,1.2096,19.20,29.60
2007.05.07 05:18:12.516,1.2094,1.2096,11.20,33.60
2007.05.07 05:18:13.798,1.2094,1.2095,0.80,16.00
2007.05.07 05:18:14.051,1.2094,1.2095,0.80,16.80
2007.05.07 05:18:16.379,1.2093,1.2095,8.80,43.90
2007.05.07 05:18:16.623,1.2093,1.2095,4.80,43.90
2007.05.07 05:18:16.852,1.2093,1.2095,4.80,0.90
2007.05.07 05:18:16.892,1.2093,1.20955,4.00,49.50
2007.05.07 05:18:17.116,1.2093,1.2095,4.00,43.90
2007.05.07 05:18:17.366,1.2093,1.2094,4.00,0.70
2007.05.07 05:18:17.611,1.2092,1.20945,20.00,18.40
2007.05.07 05:18:17.851,1.2092,1.2094,9.60,0.80
2007.05.07 05:18:18.646,1.2092,1.2094,9.60,0.90
2007.05.07 05:18:21.414,1.2092,1.20945,9.60,24.00
2007.05.07 05:18:22.968,1.2093,1.2095,0.80,46.40
2007.05.07 05:18:23.976,1.2093,1.2095,0.80,47.20
2007.05.07 05:18:24.543,1.2093,1.2095,0.80,55.10
2007.05.07 05:18:27.015,1.2093,1.2095,0.80,55.10
2007.05.07 05:18:29.065,1.2092,1.20945,20.00,17.60
2007.05.07 05:18:29.276,1.20925,1.20945,1.60,17.60
2007.05.07 05:18:29.575,1.2093,1.20945,0.80,17.60
2007.05.07 05:18:33.910,1.2093,1.2095,0.80,34.40
2007.05.07 05:18:34.136,1.2093,1.20955,8.80,36.80
2007.05.07 05:18:34.410,1.2093,1.20955,16.80,36.80
2007.05.07 05:18:34.657,1.2093,1.20955,16.80,32.80
2007.05.07 05:18:35.446,1.2093,1.20955,19.20,30.40
2007.05.07 05:18:35.911,1.2093,1.20945,0.80,17.60
2007.05.07 05:18:41.045,1.2093,1.20945,8.80,9.60
2007.05.07 05:18:41.278,1.2093,1.2094,11.20,0.80
2007.05.07 05:18:41.541,1.2093,1.20955,19.20,31.20
2007.05.07 05:18:41.780,1.2093,1.20955,19.20,30.40
2007.05.07 05:18:50.901,1.2093,1.2094,0.80,16.00
2007.05.07 05:18:56.983,1.2093,1.20945,0.80,17.60
2007.05.07 05:19:01.413,1.20906,1.20916,4.00,29.50
2007.05.07 05:19:15.769,1.20899,1.20924,6.90,38.00
2007.05.07 05:19:20.572,1.20901,1.20921,17.20,33.50
2007.05.07 05:19:21.097,1.20901,1.20926,13.50,33.50
2007.05.07 05:19:21.192,1.20905,1.2093,1.00,33.50
2007.05.07 05:19:22.878,1.20906,1.20931,4.00,29.50
2007.05.07 05:19:22.974,1.20908,1.20928,17.20,33.50
2007.05.07 05:19:23.155,1.20906,1.20926,1.00,33.50
2007.05.07 05:19:23.490,1.20901,1.20926,40.80,32.20
2007.05.07 05:19:23.597,1.20902,1.20922,6.90,38.00
2007.05.07 05:19:24.507,1.20899,1.20924,44.80,32.20
2007.05.07 05:19:25.892,1.20899,1.20924,50.30,33.50
2007.05.07 05:19:26.187,1.20901,1.20926,13.10,37.70
2007.05.07 05:19:26.498,1.20906,1.20926,40.80,32.20
2007.05.07 05:19:26.606,1.20909,1.20929,50.40,33.70
2007.05.07 05:19:26.688,1.20908,1.20933,4.00,29.50
2007.05.07 05:19:30.329,1.20908,1.20933,50.40,33.50
2007.05.07 05:19:30.507,1.20909,1.20934,10.50,33.30
2007.05.07 05:19:30.620,1.20909,1.20929,13.10,37.70
2007.05.07 05:19:34.893,1.20905,1.2093,50.40,33.70
2007.05.07 05:19:36.225,1.20906,1.20926,40.70,32.20
2007.05.07 05:19:37.025,1.20906,1.20926,6.90,38.00
2007.05.07 05:19:37.133,1.20907,1.20927,40.70,32.20
2007.05.07 05:19:37.456,1.20907,1.20932,40.80,32.20
2007.05.07 05:19:37.552,1.20914,1.20934,6.90,38.00
2007.05.07 05:19:37.687,1.20912,1.20936,40.80,32.20
2007.05.07 05:19:38.037,1.20912,1.20932,50.30,33.30
2007.05.07 05:19:38.225,1.20909,1.20929,50.40,33.50
2007.05.07 05:19:39.648,1.20908,1.20928,13.10,37.70
2007.05.07 05:19:39.938,1.20907,1.20927,10.40,33.30
2007.05.07 05:19:40.474,1.20905,1.20925,40.80,36.50
2007.05.07 05:19:51.964,1.20905,1.20925,50.30,33.50
2007.05.07 05:19:52.167,1.20903,1.20923,17.30,33.50
2007.05.07 05:19:52.908,1.20902,1.20922,19.60,33.50
2007.05.07 05:19:53.253,1.20904,1.20924,40.70,36.50
2007.05.07 05:19:54.930,1.20906,1.20926,44.80,32.50
2007.05.07 05:19:56.007,1.20906,1.20926,40.80,32.20
2007.05.07 05:19:56.116,1.20908,1.20928,50.40,29.50
2007.05.07 05:19:57.188,1.20906,1.20926,40.80,32.20
2007.05.07 05:19:57.387,1.20905,1.20925,40.70,37.40
2007.05.07 05:19:58.530,1.20902,1.20922,40.80,37.80
2007.05.07 05:19:58.624,1.20901,1.20921,50.30,33.30
2007.05.07 05:19:59.108,1.20897,1.20917,10.50,33.30
2007.05.07 05:19:59.225,1.20893,1.20913,40.70,32.20
2007.05.07 05:20:34.105,1.2092,1.2094,20.00,16.00
2007.05.07 05:20:34.367,1.2092,1.2094,9.60,18.40
2007.05.07 05:20:34.608,1.2092,1.2094,13.60,22.40
2007.05.07 05:20:36.898,1.2092,1.2094,24.00,20.00
2007.05.07 05:20:37.714,1.2092,1.2094,19.20,24.80
2007.05.07 05:20:38.023,1.2092,1.2094,19.20,28.80
2007.05.07 05:20:38.964,1.2092,1.2094,23.20,24.80
2007.05.07 05:20:51.457,1.2092,1.2094,24.00,20.00
2007.05.07 05:21:07.466,1.2092,1.2094,23.20,24.80
2007.05.07 05:21:08.385,1.2092,1.2094,19.20,28.80
2007.05.07 05:21:10.737,1.2092,1.2094,19.40,28.80
2007.05.07 05:21:23.474,1.2092,1.2094,19.40,24.80
2007.05.07 05:21:23.876,1.2092,1.2094,24.20,20.00
2007.05.07 05:21:48.923,1.2092,1.2094,24.00,20.00
2007.05.07 05:21:49.643,1.2092,1.2094,24.20,20.00
2007.05.07 05:21:49.904,1.2092,1.2094,24.00,20.00
2007.05.07 05:21:50.162,1.2092,1.2094,24.20,20.00
2007.05.07 05:21:50.649,1.2092,1.2094,24.00,20.00
2007.05.07 05:21:50.932,1.2092,1.2094,24.20,20.00
2007.05.07 05:21:51.176,1.2092,1.2094,24.00,20.00
2007.05.07 05:21:51.428,1.2092,1.2094,24.20,20.00
2007.05.07 05:21:51.949,1.2092,1.2094,24.00,20.00
2007.05.07 05:21:52.176,1.2092,1.2094,24.20,20.00
2007.05.07 05:21:52.431,1.2092,1.2094,24.00,20.00
2007.05.07 05:21:52.641,1.2092,1.2094,24.20,20.00
2007.05.07 05:21:53.463,1.2092,1.2094,24.00,20.00
2007.05.07 05:21:53.726,1.2092,1.2094,24.20,20.00
2007.05.07 05:21:53.958,1.2092,1.2094,24.00,20.00
2007.05.07 05:21:54.176,1.2092,1.2094,24.20,20.00
2007.05.07 05:21:54.401,1.2092,1.2094,24.00,20.00
2007.05.07 05:21:54.618,1.2092,1.2094,24.20,20.00
2007.05.07 05:21:55.228,1.2092,1.2094,24.00,20.00
2007.05.07 05:21:56.020,1.2092,1.2094,24.20,20.00
2007.05.07 05:21:56.065,1.20915,1.2094,29.80,20.00
2007.05.07 05:21:56.260,1.2092,1.2094,8.40,20.00
2007.05.07 05:21:56.549,1.20915,1.2094,29.80,20.00
2007.05.07 05:21:57.041,1.2092,1.2094,6.30,20.00
2007.05.07 05:21:57.790,1.2092,1.2094,9.80,20.00
2007.05.07 05:21:58.025,1.20915,1.2094,29.60,20.00
2007.05.07 05:21:58.232,1.2092,1.2094,9.50,20.00
2007.05.07 05:21:58.436,1.2092,1.2094,9.40,20.00
2007.05.07 05:21:58.690,1.20915,1.2094,29.80,20.00
2007.05.07 05:22:37.696,1.2092,1.2094,24.20,16.00
2007.05.07 05:22:57.244,1.2092,1.2094,24.20,20.00
2007.05.07 05:23:00.400,1.20915,1.2094,29.80,20.00
2007.05.07 05:23:24.395,1.20915,1.2094,21.00,24.80
2007.05.07 05:23:24.714,1.20915,1.2094,13.00,28.80
2007.05.07 05:23:55.658,1.2092,1.2094,11.20,28.80
2007.05.07 05:23:55.951,1.2092,1.20935,10.40,1.60
2007.05.07 05:23:56.226,1.2092,1.2093,10.40,0.80
2007.05.07 05:23:56.573,1.2092,1.2093,10.40,8.00
2007.05.07 05:23:59.861,1.2092,1.2093,8.00,8.80
2007.05.07 05:24:00.117,1.2091,1.2093,17.60,20.80
2007.05.07 05:24:08.124,1.2091,1.2093,17.60,28.80
2007.05.07 05:24:08.380,1.2091,1.2093,13.60,28.80
2007.05.07 05:24:08.627,1.2091,1.2093,13.60,32.80
2007.05.07 05:24:39.922,1.2091,1.20925,13.60,1.60
2007.05.07 05:24:40.190,1.2091,1.2092,13.60,0.80
2007.05.07 05:24:40.836,1.2091,1.2092,13.60,8.00
2007.05.07 05:24:41.969,1.2091,1.2092,13.60,7.20
2007.05.07 05:24:42.650,1.2091,1.2093,13.60,32.80
2007.05.07 05:25:07.520,1.2091,1.2093,11.20,32.80
2007.05.07 05:25:37.344,1.2091,1.2093,16.00,32.00
2007.05.07 05:25:39.931,1.2091,1.2093,20.00,28.00
2007.05.07 05:25:41.401,1.2091,1.2093,24.00,24.00
2007.05.07 05:25:49.812,1.2091,1.2093,24.00,20.00
2007.05.07 05:25:51.127,1.2091,1.2093,24.00,12.00
2007.05.07 05:25:51.496,1.2091,1.2094,33.60,47.10
2007.05.07 05:25:51.814,1.2091,1.2094,32.80,47.10
2007.05.07 05:25:52.985,1.2092,1.2094,0.40,47.10
2007.05.07 05:25:53.616,1.2092,1.2094,0.40,43.10
2007.05.07 05:25:53.844,1.2092,1.2093,0.40,12.00
2007.05.07 05:25:54.115,1.2092,1.2093,0.20,20.00
2007.05.07 05:25:54.605,1.2092,1.2093,0.20,16.00
2007.05.07 05:26:20.406,1.2091,1.2093,26.40,16.00
2007.05.07 05:26:41.359,1.2091,1.2093,26.40,20.00
2007.05.07 05:26:46.940,1.20915,1.2093,1.60,20.00
2007.05.07 05:26:47.153,1.2092,1.2093,8.80,8.00
2007.05.07 05:26:47.413,1.2092,1.20935,24.20,1.60
2007.05.07 05:26:47.621,1.20925,1.2094,1.60,24.80
2007.05.07 05:26:47.824,1.2092,1.2094,24.20,24.00
2007.05.07 05:26:48.033,1.2092,1.2094,16.00,24.00
2007.05.07 05:26:48.293,1.2092,1.2094,5.60,26.40
2007.05.07 05:26:49.035,1.2092,1.2094,5.80,26.40
2007.05.07 05:26:49.292,1.2092,1.2094,5.60,26.40
2007.05.07 05:26:49.796,1.2092,1.2094,5.80,26.40
2007.05.07 05:26:50.319,1.2092,1.2094,5.60,26.40
2007.05.07 05:26:50.564,1.2092,1.2094,5.80,26.40
2007.05.07 05:26:50.767,1.2092,1.2094,5.60,26.40
2007.05.07 05:26:51.128,1.2092,1.2094,5.80,26.40
2007.05.07 05:26:51.417,1.2092,1.2094,5.60,26.40
2007.05.07 05:26:51.716,1.2092,1.2094,5.80,26.40
2007.05.07 05:26:52.008,1.2092,1.2094,0.30,35.20
2007.05.07 05:26:52.426,1.2092,1.2094,4.20,31.20
2007.05.07 05:26:52.664,1.2092,1.2094,5.80,26.40
2007.05.07 05:26:53.671,1.2092,1.2094,13.80,26.40
2007.05.07 05:26:56.644,1.2092,1.2094,5.80,26.40
2007.05.07 05:26:58.631,1.2092,1.2094,13.80,26.40
2007.05.07 05:27:14.097,1.2092,1.2094,13.90,26.40
2007.05.07 05:27:32.042,1.2092,1.2094,13.90,22.40
2007.05.07 05:27:52.572,1.2092,1.2094,13.90,26.40
2007.05.07 05:27:56.273,1.2092,1.2094,13.90,0.60
2007.05.07 05:28:20.381,1.20915,1.2092,1.60,0.60
2007.05.07 05:28:20.591,1.2091,1.2092,16.00,0.60
2007.05.07 05:28:20.821,1.2092,1.2094,15.20,38.40
2007.05.07 05:28:21.082,1.2092,1.2094,16.00,34.40
2007.05.07 05:28:21.594,1.2092,1.20945,24.20,29.60
2007.05.07 05:28:21.832,1.2092,1.2093,8.80,10.40
2007.05.07 05:28:22.139,1.2092,1.2094,8.80,32.80
2007.05.07 05:28:22.347,1.2092,1.20945,24.20,30.40
2007.05.07 05:28:22.597,1.2092,1.20945,24.00,29.60
2007.05.07 05:28:22.846,1.2092,1.2094,24.20,0.80
2007.05.07 05:28:23.362,1.2092,1.20945,24.00,29.60
2007.05.07 05:28:23.571,1.2092,1.20945,24.20,29.60
2007.05.07 05:28:24.129,1.2092,1.2094,24.00,0.70
2007.05.07 05:28:24.381,1.2092,1.2094,8.80,43.10
2007.05.07 05:28:24.633,1.2092,1.2093,0.80,0.90
2007.05.07 05:28:31.964,1.2092,1.2094,16.20,24.00
2007.05.07 05:28:32.579,1.2092,1.2094,24.20,24.00
2007.05.07 05:28:32.900,1.2093,1.2094,0.80,20.00
2007.05.07 05:28:33.545,1.2093,1.2094,0.80,16.00
2007.05.07 05:28:34.041,1.2092,1.2094,24.20,20.00
2007.05.07 05:28:34.559,1.2092,1.2094,24.20,24.00
2007.05.07 05:28:38.122,1.2092,1.2094,24.00,24.00
2007.05.07 05:28:38.612,1.2092,1.2094,24.20,24.00
2007.05.07 05:28:38.875,1.2092,1.2094,24.00,24.00
2007.05.07 05:28:39.135,1.2092,1.2094,24.20,24.00
2007.05.07 05:28:39.359,1.2092,1.20945,24.20,29.60
2007.05.07 05:28:39.396,1.2092,1.2093,0.80,0.60
2007.05.07 05:28:43.421,1.2092,1.20945,18.60,30.40
2007.05.07 05:28:43.645,1.2093,1.20945,0.80,18.40
2007.05.07 05:28:43.894,1.2093,1.20945,0.80,17.60
2007.05.07 05:28:46.256,1.20925,1.2093,1.60,0.70
2007.05.07 05:28:46.497,1.2092,1.2094,1.80,47.10
2007.05.07 05:28:46.749,1.2092,1.2094,1.00,47.90
2007.05.07 05:28:51.151,1.2092,1.2094,13.80,43.10
2007.05.07 05:28:51.382,1.2093,1.20945,0.80,18.40
2007.05.07 05:28:51.837,1.2093,1.2094,0.80,0.90
2007.05.07 05:28:57.879,1.2092,1.20945,24.20,25.60
2007.05.07 05:28:58.443,1.2092,1.2094,16.20,0.80
2007.05.07 05:29:14.069,1.2092,1.2094,11.40,24.80
2007.05.07 05:29:14.785,1.2092,1.2094,11.40,28.80
2007.05.07 05:29:15.402,1.2091,1.2094,47.90,35.20
2007.05.07 05:29:15.712,1.2091,1.2094,35.20,47.10
2007.05.07 05:29:16.016,1.2092,1.2094,0.30,47.10
2007.05.07 05:29:16.251,1.2091,1.2094,31.20,47.10
2007.05.07 05:29:16.518,1.2092,1.2094,0.30,47.10
2007.05.07 05:29:17.134,1.2091,1.2094,24.80,47.10
2007.05.07 05:29:17.339,1.2092,1.2094,0.30,47.10
2007.05.07 05:29:17.879,1.2091,1.2094,24.80,47.10
2007.05.07 05:29:19.303,1.2092,1.2094,0.30,47.10
2007.05.07 05:29:19.715,1.2091,1.2094,24.80,47.10
2007.05.07 05:29:20.397,1.2092,1.2094,0.30,47.10
2007.05.07 05:29:22.105,1.2091,1.2094,24.80,47.10
2007.05.07 05:29:22.728,1.2091,1.2094,5.60,47.10
2007.05.07 05:29:23.549,1.2092,1.2094,0.30,47.10
2007.05.07 05:29:24.195,1.2091,1.2094,24.80,47.10
2007.05.07 05:29:25.209,1.2092,1.2093,0.30,4.80
2007.05.07 05:29:25.522,1.2091,1.2092,3.20,15.20
2007.05.07 05:29:25.878,1.2091,1.2092,0.80,15.20
2007.05.07 05:29:31.901,1.2091,1.2093,16.00,24.00
2007.05.07 05:29:32.506,1.2091,1.2093,24.00,24.00
2007.05.07 05:29:52.842,1.20915,1.2093,1.60,20.00
2007.05.07 05:29:53.102,1.2092,1.2093,0.80,20.00
2007.05.07 05:29:53.596,1.2092,1.2093,0.80,16.00
2007.05.07 05:29:55.850,1.2092,1.20935,0.80,17.60
2007.05.07 05:30:06.880,1.20915,1.2092,1.60,8.00
2007.05.07 05:30:07.110,1.2091,1.2092,0.80,8.00
2007.05.07 05:30:07.414,1.2091,1.2092,0.80,15.20
2007.05.07 05:30:09.876,1.2091,1.2093,16.00,28.00
2007.05.07 05:30:10.120,1.2091,1.2093,16.00,24.00
2007.05.07 05:30:10.630,1.2091,1.2093,24.00,16.00
2007.05.07 05:30:12.448,1.2091,1.2093,24.00,20.00
2007.05.07 05:30:12.674,1.2091,1.2093,16.00,20.00
2007.05.07 05:30:12.952,1.2091,1.2093,11.20,24.80
2007.05.07 05:30:14.104,1.20905,1.2093,12.80,24.80
2007.05.07 05:30:21.353,1.2091,1.2092,0.80,15.20
2007.05.07 05:30:21.693,1.2091,1.2092,0.80,16.00
2007.05.07 05:30:26.393,1.20905,1.2092,2.40,8.00
2007.05.07 05:30:26.875,1.2091,1.2093,2.00,28.80
2007.05.07 05:30:34.402,1.20905,1.2092,2.40,16.00
2007.05.07 05:30:44.911,1.2091,1.2093,11.20,32.80
2007.05.07 05:30:45.643,1.2091,1.2093,11.20,28.80
2007.05.07 05:31:20.002,1.2091,1.2092,10.40,4.80
2007.05.07 05:31:20.245,1.2091,1.2092,10.40,6.10
2007.05.07 05:31:20.514,1.2091,1.2093,10.40,28.00
2007.05.07 05:31:20.837,1.2091,1.2093,11.20,28.80
2007.05.07 05:31:23.874,1.2091,1.2092,11.20,0.80
2007.05.07 05:31:24.154,1.2091,1.2092,2.40,21.60
2007.05.07 05:31:24.471,1.209,1.2091,29.50,7.20
2007.05.07 05:31:24.692,1.209,1.2091,12.00,8.00
2007.05.07 05:31:24.939,1.209,1.2091,11.20,8.00
2007.05.07 05:31:25.155,1.209,1.2091,3.20,16.00
2007.05.07 05:31:25.458,1.209,1.2091,0.80,16.00
2007.05.07 05:31:27.917,1.209,1.2091,0.80,18.40
2007.05.07 05:31:29.879,1.209,1.2091,11.20,10.40
2007.05.07 05:31:31.031,1.209,1.2091,11.20,9.60
2007.05.07 05:31:31.544,1.209,1.2091,11.20,2.40
2007.05.07 05:31:33.325,1.209,1.2091,0.80,17.60
2007.05.07 05:31:33.578,1.209,1.2091,0.80,18.40
2007.05.07 05:31:39.976,1.2089,1.2091,30.40,18.40
2007.05.07 05:31:40.234,1.2089,1.2091,31.20,18.40
2007.05.07 05:31:41.645,1.2089,1.2091,31.30,18.40
2007.05.07 05:31:41.894,1.2089,1.2091,31.20,18.40
2007.05.07 05:31:46.020,1.2089,1.2091,30.40,18.40
2007.05.07 05:31:46.339,1.2089,1.2091,27.20,0.90
2007.05.07 05:31:46.340,1.2089,1.2091,27.20,0.90
2007.05.07 05:31:46.578,1.2089,1.20905,18.40,8.00
2007.05.07 05:31:46.860,1.2088,1.209,27.70,0.50
2007.05.07 05:31:47.105,1.2088,1.209,35.70,0.70
2007.05.07 05:31:47.346,1.2088,1.20905,27.70,20.80
2007.05.07 05:31:47.588,1.2088,1.20905,27.70,29.60
2007.05.07 05:31:52.623,1.2088,1.209,25.50,0.90
2007.05.07 05:31:52.882,1.2088,1.20905,10.30,36.80
2007.05.07 05:31:53.923,1.2088,1.209,10.30,0.90
2007.05.07 05:31:54.407,1.2088,1.20905,25.50,33.60
2007.05.07 05:32:03.887,1.2088,1.209,23.10,0.90
2007.05.07 05:32:07.212,1.2088,1.20905,23.00,33.60
2007.05.07 05:32:09.497,1.2088,1.209,22.80,0.90
2007.05.07 05:32:10.524,1.2088,1.209,23.00,0.80
2007.05.07 05:32:12.987,1.2088,1.20895,18.20,2.40
2007.05.07 05:32:13.215,1.2088,1.20895,18.00,2.40
2007.05.07 05:32:13.560,1.2088,1.20895,18.00,9.60
2007.05.07 05:32:16.384,1.2087,1.2089,20.80,16.00
2007.05.07 05:32:16.616,1.2087,1.2089,19.20,20.00
2007.05.07 05:32:16.862,1.2087,1.2088,5.60,8.00
2007.05.07 05:32:17.124,1.2087,1.2089,5.60,20.00
2007.05.07 05:32:17.354,1.2087,1.2089,9.60,8.00
2007.05.07 05:32:19.916,1.2087,1.2089,9.60,18.40
2007.05.07 05:32:20.185,1.2087,1.2089,5.60,26.40
2007.05.07 05:32:20.676,1.2087,1.2089,5.60,30.40
2007.05.07 05:32:20.839,1.2087,1.2089,3.00,30.40
2007.05.07 05:32:21.890,1.2087,1.2089,16.00,28.00
2007.05.07 05:32:22.607,1.2087,1.2089,16.00,24.00
2007.05.07 05:32:24.327,1.2087,1.2088,0.80,16.00
2007.05.07 05:32:26.863,1.2086,1.2088,20.00,16.00
2007.05.07 05:32:27.069,1.2086,1.2088,24.00,20.00
2007.05.07 05:32:27.777,1.2086,1.2088,24.00,16.00
2007.05.07 05:32:28.591,1.2086,1.2088,24.00,20.00
2007.05.07 05:32:32.638,1.2086,1.2088,16.00,20.00
2007.05.07 05:32:33.407,1.2086,1.2087,0.80,15.20
2007.05.07 05:32:37.486,1.2086,1.2087,0.80,16.00
2007.05.07 05:32:38.004,1.2086,1.2087,0.80,15.20
2007.05.07 05:32:42.481,1.2086,1.2087,0.80,16.00
2007.05.07 05:32:56.490,1.2085,1.2086,12.80,3.10
2007.05.07 05:32:56.769,1.2085,1.2086,12.80,3.20
2007.05.07 05:32:56.975,1.2085,1.2086,5.60,3.20
2007.05.07 05:32:57.178,1.2085,1.2087,5.60,26.40
2007.05.07 05:32:57.595,1.2085,1.2087,13.10,25.60
2007.05.07 05:32:57.914,1.2085,1.2087,2.90,25.60
2007.05.07 05:32:58.235,1.20845,1.2087,18.70,25.50
2007.05.07 05:32:58.590,1.20845,1.2087,18.70,22.30
2007.05.07 05:32:59.329,1.20845,1.2087,11.20,25.50
2007.05.07 05:32:59.607,1.20845,1.2087,7.20,29.50
2007.05.07 05:33:00.153,1.20845,1.2087,7.20,30.40
2007.05.07 05:33:00.391,1.2085,1.2087,7.20,30.40
2007.05.07 05:33:00.656,1.20855,1.2087,2.40,25.60
2007.05.07 05:33:00.907,1.2085,1.2087,16.80,23.20
2007.05.07 05:33:01.109,1.20845,1.2087,29.60,20.00
2007.05.07 05:33:01.402,1.20845,1.2087,29.60,23.30
2007.05.07 05:33:01.683,1.2085,1.2087,5.20,24.10
2007.05.07 05:33:01.890,1.2085,1.2087,8.20,28.10
2007.05.07 05:33:02.439,1.2085,1.2087,16.80,27.30
2007.05.07 05:33:02.703,1.20855,1.2087,2.40,27.30
2007.05.07 05:33:02.957,1.2085,1.2086,3.90,8.00
2007.05.07 05:33:03.463,1.20845,1.2086,2.40,16.00
2007.05.07 05:33:03.973,1.2085,1.2086,0.80,16.80
2007.05.07 05:33:05.435,1.20835,1.2085,20.00,8.00
2007.05.07 05:33:05.929,1.20835,1.2085,19.20,8.00
2007.05.07 05:33:06.460,1.20835,1.2085,7.20,8.00
2007.05.07 05:33:07.766,1.20835,1.2086,22.40,26.10
2007.05.07 05:33:08.005,1.2085,1.2086,0.80,24.50
2007.05.07 05:33:08.423,1.2085,1.2086,0.80,20.50
2007.05.07 05:33:09.575,1.20845,1.2086,3.20,16.00
2007.05.07 05:33:31.565,1.2085,1.2086,0.80,16.00
2007.05.07 05:33:31.790,1.2085,1.2086,0.80,16.80
2007.05.07 05:33:34.486,1.2085,1.2086,0.80,20.80
2007.05.07 05:33:35.956,1.2083,1.2084,19.40,7.10
2007.05.07 05:33:36.489,1.20845,1.2085,1.60,0.80
2007.05.07 05:33:36.866,1.2084,1.2085,5.60,8.00
2007.05.07 05:33:41.623,1.2084,1.2085,5.60,12.00
2007.05.07 05:33:42.686,1.2084,1.2085,5.60,8.00
2007.05.07 05:33:44.471,1.2084,1.2085,13.60,8.00
2007.05.07 05:33:44.731,1.2084,1.2085,5.60,8.00
2007.05.07 05:33:44.939,1.2085,1.2086,0.80,24.00
2007.05.07 05:33:45.246,1.20845,1.2085,1.60,8.00
2007.05.07 05:33:45.452,1.2084,1.2085,5.60,8.00
2007.05.07 05:33:46.152,1.2084,1.2086,13.60,35.20
2007.05.07 05:33:46.500,1.2085,1.2086,0.80,32.80
2007.05.07 05:33:46.754,1.2085,1.2086,0.80,28.80
2007.05.07 05:33:47.017,1.2085,1.2086,0.80,28.00
2007.05.07 05:33:47.520,1.2085,1.2086,0.80,20.00
2007.05.07 05:33:49.582,1.2085,1.2086,0.80,16.00
2007.05.07 05:33:52.946,1.2085,1.2086,0.80,16.80
2007.05.07 05:33:54.308,1.2085,1.2086,1.50,16.80
2007.05.07 05:33:58.459,1.2085,1.2086,1.50,16.00
2007.05.07 05:34:00.517,1.2085,1.2086,1.50,16.80
2007.05.07 05:34:08.887,1.2085,1.2086,1.50,16.00
2007.05.07 05:34:16.687,1.2085,1.2086,0.80,16.00
2007.05.07 05:34:17.568,1.2085,1.2086,0.80,16.80
2007.05.07 05:34:17.571,1.2085,1.2087,0.80,62.30
2007.05.07 05:34:18.588,1.2085,1.2086,0.80,0.80
2007.05.07 05:34:21.005,1.2085,1.2086,0.80,0.70
2007.05.07 05:34:21.599,1.2085,1.20865,0.80,24.80
2007.05.07 05:34:21.857,1.2085,1.2087,0.80,62.30
2007.05.07 05:34:22.158,1.2085,1.2086,0.80,0.50
2007.05.07 05:34:22.394,1.2085,1.20865,1.60,24.00
2007.05.07 05:34:22.606,1.2085,1.2087,1.60,61.50
2007.05.07 05:34:23.415,1.2085,1.2086,0.80,0.60
2007.05.07 05:34:24.250,1.2085,1.2086,0.80,0.60
2007.05.07 05:34:25.391,1.2085,1.20865,1.60,24.10
2007.05.07 05:34:25.594,1.2085,1.2086,1.60,0.90
2007.05.07 05:34:27.866,1.2085,1.2086,0.80,0.70
2007.05.07 05:34:30.146,1.2085,1.2087,0.80,62.40
2007.05.07 05:34:30.565,1.2085,1.2086,1.20,0.50
2007.05.07 05:34:35.386,1.2085,1.2086,1.20,0.60
2007.05.07 05:34:35.598,1.2085,1.20865,1.20,28.80
2007.05.07 05:34:37.944,1.2085,1.2086,1.20,0.70
2007.05.07 05:34:44.300,1.2085,1.2087,5.20,42.40
2007.05.07 05:34:44.538,1.2085,1.2087,16.80,30.40
2007.05.07 05:34:44.802,1.2085,1.2087,28.00,0.50
2007.05.07 05:34:45.021,1.2085,1.20875,28.20,19.20
2007.05.07 05:34:45.294,1.2085,1.20875,15.60,27.20
2007.05.07 05:34:45.515,1.2085,1.20875,11.60,27.20
2007.05.07 05:34:45.928,1.2085,1.2087,12.40,20.80
2007.05.07 05:34:49.634,1.2085,1.2087,16.40,20.80
2007.05.07 05:34:49.872,1.2085,1.2087,16.40,24.80
2007.05.07 05:34:52.425,1.20855,1.2087,1.60,8.00
2007.05.07 05:34:52.637,1.2086,1.2087,0.80,8.00
2007.05.07 05:34:52.935,1.2086,1.2088,14.40,29.60
2007.05.07 05:34:56.125,1.2086,1.2087,6.40,8.00
2007.05.07 05:34:56.923,1.2085,1.2087,20.40,16.80
2007.05.07 05:34:57.275,1.2085,1.2087,16.40,24.80
2007.05.07 05:34:59.293,1.2085,1.2087,1.20,32.00
2007.05.07 05:34:59.562,1.2085,1.2087,1.20,36.00
2007.05.07 05:34:59.951,1.2085,1.2087,6.00,31.20
2007.05.07 05:35:01.844,1.2085,1.2087,16.40,28.80
2007.05.07 05:35:02.352,1.2085,1.2087,16.40,24.80
2007.05.07 05:35:03.040,1.2085,1.2087,16.00,24.80
2007.05.07 05:35:17.847,1.2085,1.20875,20.00,4.00
2007.05.07 05:35:18.132,1.2085,1.2088,20.00,41.50
2007.05.07 05:35:18.615,1.2085,1.2088,28.30,37.50
2007.05.07 05:35:18.869,1.2085,1.2088,27.50,41.50
2007.05.07 05:35:19.869,1.2086,1.2088,8.00,32.70
2007.05.07 05:35:20.082,1.2086,1.2088,13.60,23.90
2007.05.07 05:35:20.414,1.2086,1.2088,13.60,4.00
2007.05.07 05:35:21.434,1.2086,1.2089,29.80,20.00
2007.05.07 05:35:21.685,1.2086,1.2089,36.20,20.00
2007.05.07 05:35:22.040,1.2086,1.2089,44.20,20.00
2007.05.07 05:35:22.266,1.2086,1.2089,44.20,20.80
2007.05.07 05:35:22.474,1.2086,1.2089,31.20,33.50
2007.05.07 05:35:22.714,1.2086,1.2089,30.40,37.50
2007.05.07 05:35:22.951,1.2086,1.2089,20.00,31.90
2007.05.07 05:35:23.384,1.2086,1.2089,20.00,37.50
2007.05.07 05:35:23.697,1.2086,1.2089,13.60,41.50
2007.05.07 05:35:23.944,1.2087,1.2089,5.60,31.90
2007.05.07 05:35:24.156,1.2087,1.2089,9.60,23.90
2007.05.07 05:35:24.464,1.2087,1.209,9.60,50.30
2007.05.07 05:35:24.679,1.2087,1.209,9.60,47.90
2007.05.07 05:35:25.135,1.2087,1.2089,9.60,8.00
2007.05.07 05:35:25.444,1.2087,1.2089,4.80,36.70
2007.05.07 05:35:25.655,1.2087,1.2089,4.00,43.90
2007.05.07 05:35:25.873,1.2086,1.2089,13.60,39.90
2007.05.07 05:35:26.549,1.2086,1.2089,13.60,43.90
2007.05.07 05:35:30.840,1.2086,1.2089,24.00,39.90
2007.05.07 05:35:31.735,1.2086,1.2089,24.00,43.90
2007.05.07 05:35:34.554,1.2087,1.2089,4.80,43.10
2007.05.07 05:35:37.394,1.2086,1.2089,24.00,43.90
2007.05.07 05:35:40.503,1.2086,1.2088,24.00,4.00
2007.05.07 05:35:40.912,1.2087,1.2088,5.60,4.00
2007.05.07 05:36:04.101,1.2087,1.2088,5.60,12.00
2007.05.07 05:36:04.354,1.2087,1.2088,0.80,28.00
2007.05.07 05:36:04.613,1.2087,1.2088,0.80,24.00
2007.05.07 05:36:08.016,1.20865,1.2088,2.40,24.00
2007.05.07 05:36:28.545,1.2087,1.2088,0.80,20.00
2007.05.07 05:36:31.638,1.2087,1.2088,0.80,20.80
2007.05.07 05:36:38.490,1.2087,1.2088,0.80,20.00
2007.05.07 05:36:39.548,1.2087,1.2088,0.80,24.00
2007.05.07 05:36:42.353,1.2087,1.2088,0.80,20.00
2007.05.07 05:36:43.089,1.2087,1.2088,8.80,12.00
2007.05.07 05:36:43.363,1.2087,1.2088,9.60,12.00
2007.05.07 05:36:43.579,1.2088,1.2089,0.80,23.20
2007.05.07 05:36:44.940,1.2087,1.2088,5.60,12.00
2007.05.07 05:36:45.152,1.2087,1.2088,9.60,12.00
2007.05.07 05:36:45.375,1.2087,1.2088,8.80,12.00
2007.05.07 05:36:45.605,1.2087,1.2088,0.80,20.00
2007.05.07 05:36:47.639,1.2087,1.2088,0.80,20.00
2007.05.07 05:36:48.344,1.20865,1.2088,6.40,12.00
2007.05.07 05:36:48.560,1.20875,1.2088,1.10,4.00
2007.05.07 05:36:48.842,1.2087,1.2088,17.60,12.80
2007.05.07 05:36:49.077,1.2087,1.2088,8.80,12.80
2007.05.07 05:36:50.202,1.2087,1.2088,0.80,20.80
2007.05.07 05:37:14.902,1.2087,1.2088,0.80,20.00
2007.05.07 05:37:17.444,1.2087,1.2088,0.80,20.80
2007.05.07 05:37:19.987,1.2087,1.2088,0.80,20.00
2007.05.07 05:37:22.512,1.2087,1.2088,0.80,20.80
2007.05.07 05:37:28.612,1.2087,1.2088,0.80,18.40
2007.05.07 05:37:36.008,1.2087,1.2088,0.80,17.60
2007.05.07 05:37:43.239,1.2087,1.2088,8.80,12.80
2007.05.07 05:37:43.605,1.2087,1.2088,8.80,12.00
2007.05.07 05:37:44.384,1.2087,1.2088,20.00,4.00
2007.05.07 05:37:57.647,1.2087,1.2089,20.00,20.80
2007.05.07 05:38:00.545,1.2087,1.2089,24.00,20.80
2007.05.07 05:38:10.103,1.2088,1.2089,0.80,20.00
2007.05.07 05:38:11.097,1.2088,1.2089,0.80,20.80
2007.05.07 05:38:11.209,1.2088,1.209,0.80,63.90
2007.05.07 05:38:12.136,1.20875,1.2088,1.60,0.60
2007.05.07 05:38:12.882,1.2087,1.2089,15.20,20.80
2007.05.07 05:38:13.150,1.2087,1.2089,24.00,0.80
2007.05.07 05:38:13.685,1.2087,1.2089,24.80,0.60
2007.05.07 05:38:13.908,1.2088,1.2089,0.80,0.70
2007.05.07 05:38:14.605,1.2088,1.2089,0.80,0.70
2007.05.07 05:38:20.572,1.2088,1.2089,1.20,0.70
2007.05.07 05:38:27.183,1.2088,1.2089,1.20,20.80
2007.05.07 05:38:28.300,1.2088,1.2089,1.20,0.60
2007.05.07 05:38:51.031,1.2088,1.2089,0.80,16.80
2007.05.07 05:39:06.018,1.2087,1.2089,24.80,16.80
2007.05.07 05:39:11.098,1.2088,1.2089,0.80,16.80
2007.05.07 05:39:32.405,1.2087,1.2088,0.80,37.50
2007.05.07 05:39:32.611,1.2086,1.2087,11.50,2.40
2007.05.07 05:39:32.937,1.20865,1.2087,1.60,4.00
2007.05.07 05:39:33.360,1.2086,1.2087,15.20,4.00
2007.05.07 05:39:33.568,1.2086,1.2088,15.20,21.60
2007.05.07 05:39:33.913,1.2086,1.2088,4.00,35.90
2007.05.07 05:39:34.299,1.2086,1.2088,4.00,20.70
2007.05.07 05:39:34.509,1.2086,1.2088,12.80,12.00
2007.05.07 05:39:36.546,1.2086,1.2088,13.60,4.00
2007.05.07 05:39:39.790,1.2086,1.2089,13.60,39.20
2007.05.07 05:39:40.391,1.2086,1.2088,24.00,0.70
2007.05.07 05:39:41.613,1.2086,1.20895,24.00,49.50
2007.05.07 05:39:41.873,1.2085,1.2086,16.00,0.90
2007.05.07 05:39:42.125,1.2086,1.2088,12.00,29.60
2007.05.07 05:39:42.414,1.2086,1.2088,8.00,33.60
2007.05.07 05:39:42.656,1.2085,1.2087,6.40,47.10
2007.05.07 05:39:42.949,1.2085,1.2086,0.80,0.50
2007.05.07 05:39:44.184,1.2085,1.2087,0.80,47.90
2007.05.07 05:39:44.949,1.2085,1.2087,13.60,33.50
2007.05.07 05:39:45.621,1.2085,1.2087,8.80,42.30
2007.05.07 05:39:45.824,1.2085,1.2087,0.80,42.30
2007.05.07 05:39:46.847,1.2085,1.2087,28.00,0.70
2007.05.07 05:39:47.648,1.2085,1.2088,28.00,0.60
2007.05.07 05:39:48.533,1.2085,1.2088,36.30,0.60
2007.05.07 05:39:48.788,1.2086,1.20885,22.40,27.20
2007.05.07 05:39:49.025,1.2086,1.2088,23.20,0.50
2007.05.07 05:39:49.535,1.2086,1.2088,15.20,0.70
2007.05.07 05:39:50.550,1.2086,1.2088,23.20,0.70
2007.05.07 05:39:51.082,1.2086,1.20885,23.20,15.20
2007.05.07 05:39:51.322,1.2086,1.20885,28.00,6.40
2007.05.07 05:39:51.566,1.2086,1.2089,28.00,0.70
2007.05.07 05:39:51.956,1.2086,1.20895,28.00,41.50
2007.05.07 05:39:53.131,1.2086,1.2089,20.00,0.70
2007.05.07 05:39:53.367,1.2086,1.20895,12.00,45.50
2007.05.07 05:39:53.642,1.2086,1.2088,4.00,0.70
2007.05.07 05:39:54.946,1.2086,1.2088,4.00,0.50
2007.05.07 05:39:55.202,1.2086,1.2088,4.00,0.90
2007.05.07 05:39:55.591,1.2085,1.20885,34.40,15.20
2007.05.07 05:39:55.927,1.2086,1.2088,23.20,0.70
2007.05.07 05:39:56.548,1.2086,1.20885,15.20,15.20
2007.05.07 05:39:57.896,1.2086,1.2088,15.20,0.60
2007.05.07 05:39:58.929,1.2086,1.20885,24.00,18.40
2007.05.07 05:39:59.139,1.2086,1.20885,28.00,10.40
2007.05.07 05:40:04.233,1.2086,1.20875,15.20,9.60
2007.05.07 05:40:04.464,1.2086,1.20875,4.80,10.40
2007.05.07 05:40:05.364,1.2085,1.20875,28.00,10.40
2007.05.07 05:40:05.593,1.2085,1.20875,24.80,10.40
2007.05.07 05:40:05.954,1.2085,1.2087,24.00,0.70
2007.05.07 05:40:08.832,1.2086,1.20875,0.80,10.40
2007.05.07 05:40:10.896,1.2086,1.2088,11.20,0.90
2007.05.07 05:40:11.233,1.2086,1.2088,15.20,0.70
2007.05.07 05:40:11.478,1.2086,1.2088,19.20,0.60
2007.05.07 05:40:11.718,1.2086,1.2088,12.80,0.90
2007.05.07 05:40:11.930,1.2086,1.20885,4.00,33.60
2007.05.07 05:40:12.847,1.2086,1.20885,19.20,27.20
2007.05.07 05:40:13.062,1.2086,1.2088,19.20,0.60
2007.05.07 05:40:13.656,1.2086,1.2088,23.20,0.90
2007.05.07 05:40:15.032,1.2086,1.2088,23.20,0.70
2007.05.07 05:40:19.987,1.2086,1.20885,23.20,16.80
2007.05.07 05:40:23.373,1.2086,1.20875,4.80,10.40
2007.05.07 05:40:24.913,1.2085,1.20875,28.00,12.80
2007.05.07 05:40:30.056,1.2085,1.2087,28.00,12.00
2007.05.07 05:40:31.407,1.2085,1.2087,12.80,19.20
2007.05.07 05:40:32.661,1.2085,1.2087,12.80,23.20
2007.05.07 05:40:33.313,1.2085,1.2087,23.20,20.80
2007.05.07 05:40:33.918,1.2085,1.2087,28.00,16.00
2007.05.07 05:40:35.017,1.2085,1.2087,28.00,16.80
2007.05.07 05:40:36.413,1.2085,1.2087,23.20,21.60
2007.05.07 05:40:57.415,1.2085,1.2087,28.00,16.80
2007.05.07 05:40:59.395,1.2085,1.2087,17.60,19.20
2007.05.07 05:41:00.303,1.2085,1.2087,28.00,16.80
2007.05.07 05:41:00.515,1.2086,1.2087,0.80,12.80
2007.05.07 05:41:21.861,1.2085,1.20875,37.90,1.60
2007.05.07 05:41:22.165,1.2085,1.2088,33.90,35.90
2007.05.07 05:41:22.466,1.2086,1.2088,12.80,19.20
2007.05.07 05:41:22.670,1.2086,1.2088,13.60,19.20
2007.05.07 05:41:23.911,1.2086,1.2088,24.00,16.80
2007.05.07 05:41:24.671,1.2086,1.2088,24.00,12.80
2007.05.07 05:41:24.980,1.2086,1.2088,24.00,12.00
2007.05.07 05:41:27.020,1.2086,1.2088,24.00,12.80
2007.05.07 05:41:27.388,1.2086,1.2089,28.00,32.80
2007.05.07 05:41:27.687,1.2086,1.2089,28.00,40.70
2007.05.07 05:41:27.903,1.2086,1.2089,28.00,39.90
2007.05.07 05:41:31.058,1.2087,1.2089,9.60,31.10
2007.05.07 05:41:31.569,1.2087,1.2089,13.60,19.20
2007.05.07 05:41:34.606,1.2087,1.2089,1.60,19.20
2007.05.07 05:41:35.985,1.20865,1.2088,6.40,8.00
2007.05.07 05:41:36.194,1.20865,1.2088,10.40,8.00
2007.05.07 05:41:36.456,1.20865,1.2088,19.20,8.00
2007.05.07 05:41:36.687,1.20875,1.2088,2.40,8.00
2007.05.07 05:41:36.903,1.2088,1.2089,0.80,12.00
2007.05.07 05:41:37.277,1.20875,1.2089,2.40,12.80
2007.05.07 05:41:37.511,1.20865,1.2089,29.60,12.80
2007.05.07 05:41:37.774,1.2087,1.2089,1.50,12.80
2007.05.07 05:41:41.867,1.2087,1.2089,9.70,12.80
2007.05.07 05:41:43.379,1.2088,1.2089,0.80,12.80
2007.05.07 05:41:46.369,1.2087,1.2089,6.80,15.20
2007.05.07 05:41:46.586,1.20865,1.2089,13.60,19.20
2007.05.07 05:41:46.892,1.20865,1.2089,12.80,19.20
2007.05.07 05:41:48.461,1.20865,1.2089,8.80,27.20
2007.05.07 05:41:48.876,1.2087,1.2089,1.00,16.80
2007.05.07 05:42:00.713,1.2087,1.2089,6.00,16.80
2007.05.07 05:42:08.920,1.2087,1.2089,24.00,20.80
2007.05.07 05:42:09.535,1.2087,1.2089,24.00,24.80
2007.05.07 05:42:15.909,1.2087,1.2089,21.60,24.80
2007.05.07 05:42:20.396,1.2087,1.2089,16.80,29.60
2007.05.07 05:42:22.881,1.2087,1.2088,0.80,16.80
2007.05.07 05:42:23.995,1.2087,1.2088,0.80,16.00
2007.05.07 05:42:25.064,1.2087,1.2088,0.80,16.80
2007.05.07 05:42:28.614,1.2087,1.2088,0.80,16.00
2007.05.07 05:42:28.931,1.2087,1.2089,24.00,24.80
2007.05.07 05:42:29.345,1.2087,1.2089,19.20,29.60
2007.05.07 05:42:30.674,1.2087,1.2089,15.20,33.60
2007.05.07 05:42:32.419,1.2087,1.2089,20.00,28.80
2007.05.07 05:42:32.632,1.2087,1.2089,20.00,20.80
2007.05.07 05:42:33.141,1.2087,1.2088,12.00,8.00
2007.05.07 05:42:33.918,1.2087,1.2089,20.00,20.80
2007.05.07 05:42:34.953,1.2087,1.2089,15.20,25.60
2007.05.07 05:42:35.476,1.2087,1.2089,15.20,33.60
2007.05.07 05:42:39.827,1.2087,1.2089,4.60,33.60
2007.05.07 05:42:41.856,1.20865,1.2089,26.40,28.80
2007.05.07 05:42:42.063,1.2087,1.2089,5.90,20.80
2007.05.07 05:42:42.565,1.20865,1.2089,26.40,16.80
2007.05.07 05:42:46.844,1.2086,1.2089,43.50,35.90
2007.05.07 05:42:47.074,1.2086,1.2089,3.00,43.90
2007.05.07 05:42:47.611,1.20855,1.2089,25.60,43.90
2007.05.07 05:42:48.191,1.20855,1.2089,29.60,47.90
2007.05.07 05:42:48.442,1.2086,1.2089,9.80,43.90
2007.05.07 05:42:48.831,1.20865,1.2089,24.80,29.60
2007.05.07 05:42:49.434,1.2086,1.2089,40.70,32.00
2007.05.07 05:42:49.773,1.20855,1.2089,41.50,36.00
2007.05.07 05:42:53.348,1.2086,1.2088,5.20,20.80
2007.05.07 05:42:53.577,1.20855,1.2088,29.60,16.80
2007.05.07 05:42:57.576,1.2086,1.2088,6.00,16.00
2007.05.07 05:42:58.337,1.2086,1.2088,25.60,16.00
2007.05.07 05:42:58.587,1.20865,1.2088,2.40,12.00
2007.05.07 05:43:19.152,1.2087,1.2088,0.80,12.00
2007.05.07 05:43:30.636,1.2086,1.2088,28.00,11.20
2007.05.07 05:44:10.942,1.2086,1.2088,28.80,11.20
2007.05.07 05:44:26.917,1.2086,1.2088,28.00,11.20
2007.05.07 05:44:30.412,1.2086,1.2088,28.00,0.50
2007.05.07 05:44:30.741,1.2086,1.2089,27.20,44.70
2007.05.07 05:44:45.850,1.2086,1.2089,28.80,43.10
2007.05.07 05:44:56.923,1.2087,1.20895,14.40,28.80
2007.05.07 05:44:57.224,1.2087,1.20895,14.40,32.80
2007.05.07 05:45:02.843,1.2087,1.2089,23.20,24.00
2007.05.07 05:45:05.485,1.2087,1.20895,23.20,28.00
2007.05.07 05:45:06.912,1.2087,1.2089,14.40,0.70
2007.05.07 05:45:11.984,1.2087,1.20895,23.20,28.00
2007.05.07 05:45:12.598,1.2087,1.20895,27.20,24.00
2007.05.07 05:45:16.538,1.2087,1.209,27.20,55.10
2007.05.07 05:45:18.632,1.2087,1.209,28.00,55.90
2007.05.07 05:45:19.864,1.2087,1.209,27.20,55.90
2007.05.07 05:45:20.070,1.2088,1.2089,0.80,0.50
2007.05.07 05:45:22.090,1.2088,1.2089,0.80,0.50
2007.05.07 05:45:22.399,1.2088,1.209,9.60,42.30
2007.05.07 05:45:22.605,1.2088,1.20905,17.60,29.60
2007.05.07 05:45:23.021,1.2088,1.209,9.60,0.90
2007.05.07 05:45:24.887,1.2088,1.20905,4.00,33.60
2007.05.07 05:45:25.559,1.2087,1.20905,43.90,33.60
2007.05.07 05:45:30.692,1.2087,1.20905,39.90,37.60
2007.05.07 05:45:31.046,1.2087,1.209,35.90,0.70
2007.05.07 05:45:54.473,1.2087,1.209,24.00,36.00
2007.05.07 05:45:55.532,1.2087,1.209,28.00,32.00
2007.05.07 05:46:01.482,1.2088,1.209,15.20,25.60
2007.05.07 05:46:01.825,1.2088,1.209,16.00,24.80
2007.05.07 05:46:02.965,1.2088,1.2089,14.40,0.80
2007.05.07 05:46:03.295,1.2088,1.2089,14.40,4.80
2007.05.07 05:46:03.520,1.2087,1.2088,23.10,4.80
2007.05.07 05:46:03.806,1.2087,1.2088,11.20,9.60
2007.05.07 05:46:04.023,1.2087,1.2088,10.40,4.80
2007.05.07 05:46:07.084,1.2087,1.2088,2.40,4.80
2007.05.07 05:46:07.424,1.2086,1.2088,27.20,5.60
2007.05.07 05:46:07.689,1.2086,1.2088,15.20,13.60
2007.05.07 05:46:07.923,1.2086,1.2087,4.80,8.80
2007.05.07 05:46:08.680,1.2086,1.2087,12.80,0.80
2007.05.07 05:46:08.944,1.2086,1.20875,14.40,1.60
2007.05.07 05:46:09.327,1.2086,1.2087,14.40,0.80
2007.05.07 05:46:12.352,1.2085,1.2087,1.60,32.00
2007.05.07 05:46:12.595,1.2085,1.2087,1.60,36.00
2007.05.07 05:46:12.861,1.2084,1.2087,27.90,36.00
2007.05.07 05:46:13.096,1.2084,1.2087,27.10,36.00
2007.05.07 05:46:13.300,1.2084,1.2087,25.50,36.00
2007.05.07 05:46:14.069,1.2084,1.2087,29.50,36.00
2007.05.07 05:46:15.844,1.2085,1.2087,8.00,36.00
2007.05.07 05:46:16.067,1.2085,1.2087,15.20,29.60
2007.05.07 05:46:18.003,1.2085,1.2086,4.80,8.80
2007.05.07 05:46:29.382,1.2085,1.2086,4.80,8.00
2007.05.07 05:46:29.876,1.2085,1.2087,15.20,31.20
2007.05.07 05:46:30.094,1.2085,1.2087,15.20,28.80
2007.05.07 05:46:30.496,1.2085,1.2087,15.20,24.80
2007.05.07 05:46:34.287,1.20845,1.2087,16.80,24.80
2007.05.07 05:46:34.471,1.2085,1.2087,15.20,25.60
2007.05.07 05:46:43.894,1.2085,1.2086,4.80,8.00
2007.05.07 05:46:44.120,1.2085,1.2086,4.80,8.80
2007.05.07 05:46:46.382,1.2085,1.2086,4.00,8.80
2007.05.07 05:46:50.113,1.2085,1.2086,4.00,0.80
2007.05.07 05:46:50.473,1.2085,1.2086,0.80,4.00
2007.05.07 05:46:50.741,1.2084,1.2086,5.60,12.00
2007.05.07 05:46:50.983,1.2084,1.2086,4.00,12.00
2007.05.07 05:46:52.890,1.2084,1.2086,16.00,24.80
2007.05.07 05:46:53.509,1.2084,1.2086,15.20,21.60
2007.05.07 05:46:57.069,1.2084,1.2085,15.20,0.80
2007.05.07 05:46:57.925,1.2084,1.2085,14.40,0.80
2007.05.07 05:46:59.381,1.2084,1.2085,4.00,8.80
2007.05.07 05:47:01.465,1.2084,1.2085,4.80,8.80
2007.05.07 05:47:07.106,1.2084,1.2085,4.00,8.80
2007.05.07 05:47:07.396,1.2084,1.2085,4.00,13.60
2007.05.07 05:47:07.612,1.2084,1.2085,4.00,21.60
2007.05.07 05:47:07.867,1.2083,1.2085,15.20,25.60
2007.05.07 05:47:15.000,1.2083,1.2084,15.20,0.80
2007.05.07 05:47:15.423,1.2083,1.20845,14.40,1.60
2007.05.07 05:47:15.721,1.2083,1.2085,18.40,17.60
2007.05.07 05:47:15.957,1.2083,1.2085,19.20,17.60
2007.05.07 05:47:17.723,1.2083,1.2085,18.40,17.60
2007.05.07 05:47:18.022,1.2083,1.2084,15.20,0.80
2007.05.07 05:47:19.095,1.2083,1.2084,14.40,0.80
2007.05.07 05:47:20.893,1.2083,1.2084,4.00,8.80
2007.05.07 05:47:22.390,1.2083,1.2084,14.40,0.80
2007.05.07 05:47:22.661,1.2083,1.2084,15.20,0.80
2007.05.07 05:47:22.890,1.2083,1.2084,14.40,0.80
2007.05.07 05:47:23.653,1.2083,1.2084,15.20,0.80
2007.05.07 05:47:25.500,1.2083,1.2084,15.20,0.80
2007.05.07 05:47:30.049,1.2083,1.2085,19.20,0.90
2007.05.07 05:47:30.286,1.2083,1.20855,15.20,31.20
2007.05.07 05:47:30.545,1.2083,1.20855,19.20,31.20
2007.05.07 05:47:32.890,1.2083,1.20855,23.20,27.20
2007.05.07 05:47:36.648,1.2083,1.20855,15.20,27.20
2007.05.07 05:47:37.439,1.2083,1.2085,15.90,0.90
2007.05.07 05:47:38.966,1.2083,1.20845,15.70,2.40
2007.05.07 05:47:43.524,1.2083,1.2084,14.90,0.80
2007.05.07 05:47:44.138,1.2083,1.20855,15.70,27.20
2007.05.07 05:47:44.429,1.2083,1.2085,15.90,0.70
2007.05.07 05:47:44.653,1.2083,1.2085,23.90,0.50
2007.05.07 05:47:47.434,1.2083,1.2085,28.70,0.50
2007.05.07 05:47:48.383,1.2083,1.2085,23.70,0.80
2007.05.07 05:47:49.883,1.2083,1.20855,23.90,27.20
2007.05.07 05:47:50.139,1.2083,1.2085,15.90,0.80
2007.05.07 05:47:50.413,1.2083,1.2084,5.50,0.70
2007.05.07 05:47:50.630,1.2083,1.20845,5.30,10.40
2007.05.07 05:47:53.362,1.2083,1.2085,23.90,0.80
2007.05.07 05:47:53.628,1.2083,1.20855,23.90,28.00
2007.05.07 05:47:54.012,1.2083,1.20855,28.70,22.40
2007.05.07 05:47:55.581,1.2083,1.2085,28.70,12.80
2007.05.07 05:48:08.928,1.2083,1.2085,28.50,12.80
2007.05.07 05:48:10.930,1.2083,1.2085,26.10,12.80
2007.05.07 05:48:13.569,1.2084,1.2085,0.80,12.80
2007.05.07 05:48:14.647,1.2083,1.2085,26.10,12.80
2007.05.07 05:48:14.860,1.2083,1.2085,26.00,12.80
2007.05.07 05:48:15.075,1.2083,1.2085,26.00,16.80
2007.05.07 05:48:17.918,1.2083,1.2085,26.10,16.80
2007.05.07 05:48:23.767,1.20825,1.2085,31.70,16.80
2007.05.07 05:48:24.935,1.20825,1.2085,26.80,21.60
2007.05.07 05:48:25.334,1.20825,1.2085,27.60,20.80
2007.05.07 05:48:25.656,1.20825,1.2085,27.70,20.80
2007.05.07 05:48:25.970,1.2083,1.2085,4.10,16.80
2007.05.07 05:48:29.485,1.20825,1.2085,26.80,21.60
2007.05.07 05:48:31.418,1.20825,1.2085,31.70,16.80
2007.05.07 05:48:31.968,1.20825,1.2084,6.80,8.80
2007.05.07 05:48:33.374,1.20825,1.20845,22.10,1.60
2007.05.07 05:48:33.603,1.2083,1.2085,10.30,21.60
2007.05.07 05:48:33.822,1.2083,1.2085,6.50,16.80
2007.05.07 05:48:35.488,1.2083,1.2085,5.60,21.60
2007.05.07 05:48:36.847,1.20835,1.2085,12.80,4.80
2007.05.07 05:48:44.583,1.20835,1.2086,16.80,21.60
2007.05.07 05:48:47.135,1.2084,1.2086,1.50,25.60
2007.05.07 05:48:59.130,1.2084,1.2085,15.20,0.80
2007.05.07 05:49:10.098,1.2084,1.2086,15.20,25.60
2007.05.07 05:49:14.916,1.2084,1.2086,15.20,17.60
2007.05.07 05:49:18.113,1.2084,1.2086,15.20,25.60
2007.05.07 05:49:21.105,1.2084,1.2085,15.20,0.80
2007.05.07 05:49:22.139,1.2084,1.20855,15.20,1.60
2007.05.07 05:49:22.352,1.2084,1.2086,15.20,25.60
2007.05.07 05:49:25.083,1.2084,1.2086,19.20,17.60
2007.05.07 05:49:26.385,1.2085,1.2086,11.20,12.80
2007.05.07 05:49:26.979,1.2085,1.2086,11.20,4.80
2007.05.07 05:49:31.590,1.2085,1.2086,11.20,4.00
2007.05.07 05:49:31.823,1.2085,1.2086,4.80,8.00
2007.05.07 05:49:32.104,1.2085,1.2086,4.80,8.80
2007.05.07 05:49:33.277,1.2085,1.20865,4.80,10.40
2007.05.07 05:49:39.500,1.2085,1.2087,4.80,36.00
2007.05.07 05:49:41.499,1.2085,1.2087,7.20,33.60
2007.05.07 05:49:41.704,1.2085,1.2087,20.00,31.20
2007.05.07 05:49:41.978,1.2085,1.20875,20.00,30.40
2007.05.07 05:49:42.823,1.2085,1.2087,20.00,0.50
2007.05.07 05:49:43.600,1.2085,1.20875,15.20,31.20
2007.05.07 05:49:50.135,1.2085,1.20875,20.00,26.40
2007.05.07 05:49:50.872,1.2086,1.20875,0.80,14.40
2007.05.07 05:49:51.402,1.2085,1.20875,20.00,26.40
2007.05.07 05:49:53.041,1.2085,1.2087,15.20,0.60
2007.05.07 05:49:58.336,1.2085,1.20865,4.80,9.60
2007.05.07 05:49:58.562,1.2085,1.2086,4.80,0.60
2007.05.07 05:50:00.332,1.2085,1.20865,4.80,10.40
2007.05.07 05:50:02.360,1.2085,1.2087,20.00,0.80
2007.05.07 05:50:02.596,1.2085,1.20875,24.00,15.20
2007.05.07 05:50:02.869,1.2085,1.20875,24.80,14.40
2007.05.07 05:50:03.892,1.20855,1.2087,1.60,0.50
2007.05.07 05:50:04.155,1.2086,1.2087,0.80,0.60
2007.05.07 05:50:05.874,1.2085,1.2087,28.80,0.70
2007.05.07 05:50:06.079,1.2085,1.2087,20.80,13.60
2007.05.07 05:50:06.415,1.2085,1.2086,8.00,0.60
2007.05.07 05:50:06.629,1.2085,1.20865,5.60,10.40
2007.05.07 05:50:06.945,1.2085,1.2086,4.80,0.90
2007.05.07 05:50:08.665,1.2085,1.20875,25.60,28.80
2007.05.07 05:50:08.976,1.2085,1.20875,28.00,26.40
2007.05.07 05:50:09.580,1.2085,1.2087,28.00,0.70
2007.05.07 05:50:11.513,1.2085,1.20875,20.00,22.40
2007.05.07 05:50:15.385,1.2085,1.2087,15.20,0.80
2007.05.07 05:50:23.699,1.2085,1.2087,15.20,0.50
2007.05.07 05:50:24.364,1.2085,1.20875,16.00,30.40
2007.05.07 05:50:25.390,1.2085,1.20875,15.20,31.20
2007.05.07 05:50:34.411,1.2085,1.2087,16.00,24.80
2007.05.07 05:50:36.014,1.2085,1.2087,13.60,24.80
2007.05.07 05:50:36.846,1.2085,1.2086,4.80,8.80
2007.05.07 05:50:37.752,1.2085,1.20865,4.80,10.40
2007.05.07 05:50:41.439,1.2085,1.2087,4.80,32.80
2007.05.07 05:50:46.079,1.2085,1.2087,12.80,0.60
2007.05.07 05:50:46.384,1.20855,1.20875,1.60,27.20
2007.05.07 05:50:46.631,1.2086,1.20875,0.80,15.20
2007.05.07 05:50:46.867,1.2086,1.2087,0.80,0.70
2007.05.07 05:50:47.097,1.2086,1.20875,0.80,13.60
2007.05.07 05:50:53.993,1.2086,1.20875,0.80,14.40
2007.05.07 05:50:54.539,1.2086,1.20875,0.80,13.60
2007.05.07 05:50:56.105,1.2086,1.20875,8.80,5.60
2007.05.07 05:50:56.465,1.2086,1.20885,23.20,26.40
2007.05.07 05:50:56.730,1.20865,1.2088,1.60,0.90
2007.05.07 05:50:56.963,1.2087,1.20885,0.80,14.40
2007.05.07 05:50:58.828,1.2086,1.20885,28.00,14.40
2007.05.07 05:51:00.301,1.2086,1.2088,32.00,0.80
2007.05.07 05:51:00.509,1.2086,1.20895,43.90,25.80
2007.05.07 05:51:00.943,1.2086,1.20895,43.90,23.40
2007.05.07 05:51:01.364,1.2087,1.2089,11.20,0.60
2007.05.07 05:51:01.665,1.2087,1.2089,11.20,0.60
2007.05.07 05:51:01.926,1.2087,1.2089,15.20,0.50
2007.05.07 05:51:02.612,1.2087,1.2089,15.20,0.50
2007.05.07 05:51:03.118,1.2087,1.2089,7.20,21.80
2007.05.07 05:51:03.424,1.2087,1.2088,4.80,0.50
2007.05.07 05:51:05.901,1.2087,1.2089,15.20,28.20
2007.05.07 05:51:06.130,1.2087,1.20885,15.20,2.40
2007.05.07 05:51:08.886,1.2087,1.2088,4.80,8.80
2007.05.07 05:51:10.818,1.2087,1.20885,4.80,10.40
2007.05.07 05:51:17.496,1.2087,1.2088,4.00,8.80
2007.05.07 05:51:17.892,1.2086,1.2087,12.00,8.80
2007.05.07 05:51:18.116,1.2086,1.2087,4.00,12.80
2007.05.07 05:51:18.711,1.2085,1.2087,28.00,16.80
2007.05.07 05:51:20.320,1.20855,1.2087,1.60,16.80
2007.05.07 05:51:20.550,1.2086,1.2087,4.80,8.80
2007.05.07 05:51:30.983,1.2086,1.2087,4.80,8.00
2007.05.07 05:51:38.724,1.2086,1.2087,4.80,7.90
2007.05.07 05:51:38.932,1.2086,1.2088,20.00,24.80
2007.05.07 05:51:39.103,1.2086,1.20885,20.00,30.40
2007.05.07 05:51:39.502,1.2086,1.20885,15.20,35.20
2007.05.07 05:51:40.205,1.2086,1.2088,20.00,0.90
2007.05.07 05:51:40.639,1.2086,1.2088,20.00,0.80
2007.05.07 05:51:41.898,1.2086,1.20885,20.00,26.40
2007.05.07 05:51:42.650,1.2086,1.20885,20.00,30.40
2007.05.07 05:51:43.930,1.2086,1.2088,4.00,0.70
2007.05.07 05:51:44.389,1.2085,1.2088,39.90,0.70
2007.05.07 05:51:44.877,1.2085,1.2086,4.80,0.70
2007.05.07 05:51:45.455,1.2085,1.2087,13.60,24.00
2007.05.07 05:51:45.715,1.2085,1.2086,17.60,0.70
2007.05.07 05:51:45.957,1.2085,1.2086,9.60,0.60
2007.05.07 05:51:46.699,1.2085,1.2087,4.80,32.80
2007.05.07 05:51:49.982,1.2085,1.20865,4.80,10.40
2007.05.07 05:51:51.004,1.2085,1.2087,4.80,32.80
2007.05.07 05:51:53.034,1.2085,1.2086,4.80,0.70
2007.05.07 05:51:53.882,1.2085,1.2087,4.80,32.00
2007.05.07 05:51:54.665,1.2085,1.2086,4.80,0.70
2007.05.07 05:51:55.933,1.2085,1.2087,4.80,32.00
2007.05.07 05:52:00.263,1.2085,1.2086,0.70,0.80
2007.05.07 05:52:03.173,1.20845,1.20875,14.40,26.40
2007.05.07 05:52:03.393,1.20845,1.2088,45.50,39.20
2007.05.07 05:52:03.608,1.20845,1.2088,45.50,28.80
2007.05.07 05:52:03.845,1.2085,1.2088,0.90,0.70
2007.05.07 05:52:04.324,1.20845,1.20885,45.50,33.60
2007.05.07 05:52:04.538,1.2085,1.20875,0.80,0.90
2007.05.07 05:52:05.585,1.20845,1.20885,41.50,37.60
2007.05.07 05:52:06.385,1.2085,1.2087,0.50,0.50
2007.05.07 05:52:06.596,1.20845,1.20875,24.80,35.20
2007.05.07 05:52:07.411,1.20855,1.20875,2.40,30.40
2007.05.07 05:52:07.977,1.2086,1.2087,0.90,0.80
2007.05.07 05:52:08.389,1.20845,1.2087,30.40,24.80
2007.05.07 05:52:08.958,1.20845,1.2087,29.60,24.80
2007.05.07 05:52:18.968,1.2085,1.2087,7.50,24.80
2007.05.07 05:52:20.396,1.2085,1.2087,5.70,29.60
2007.05.07 05:52:21.852,1.2085,1.2087,5.90,24.80
2007.05.07 05:52:22.591,1.20845,1.2087,21.60,24.80
2007.05.07 05:52:23.192,1.20845,1.2087,29.60,24.80
2007.05.07 05:52:29.539,1.2085,1.2087,24.00,16.80
2007.05.07 05:52:39.140,1.2085,1.2087,24.00,8.80
2007.05.07 05:52:39.439,1.2085,1.2087,42.30,4.00
2007.05.07 05:52:39.669,1.2085,1.2088,49.80,18.40
2007.05.07 05:52:40.001,1.2086,1.2088,9.60,4.00
2007.05.07 05:52:40.475,1.2087,1.2089,11.20,25.80
2007.05.07 05:52:40.729,1.2087,1.2089,10.40,25.80
2007.05.07 05:52:41.011,1.2087,1.2089,15.20,21.80
2007.05.07 05:52:41.731,1.2087,1.2089,15.20,17.80
2007.05.07 05:52:43.154,1.2087,1.2088,7.20,8.00
2007.05.07 05:52:43.370,1.2087,1.2088,4.80,8.80
2007.05.07 05:52:47.422,1.2086,1.2088,15.20,27.20
2007.05.07 05:52:47.929,1.2086,1.2088,13.60,27.20
2007.05.07 05:52:48.578,1.2086,1.20885,13.60,32.80
2007.05.07 05:52:49.962,1.2086,1.2089,29.50,28.20
2007.05.07 05:52:50.453,1.2086,1.20895,12.80,41.70
2007.05.07 05:52:50.715,1.2086,1.20885,8.80,12.00
2007.05.07 05:52:53.527,1.2086,1.2089,21.50,25.80
2007.05.07 05:52:53.762,1.2086,1.2089,25.50,0.50
2007.05.07 05:52:54.547,1.2086,1.20895,29.50,27.40
2007.05.07 05:52:55.150,1.2086,1.2089,37.50,0.90
2007.05.07 05:52:55.447,1.2086,1.2089,42.30,0.80
2007.05.07 05:52:55.666,1.2086,1.20895,46.30,23.40
2007.05.07 05:52:55.889,1.2087,1.20895,0.80,22.60
2007.05.07 05:52:56.118,1.2087,1.2089,1.60,0.50
2007.05.07 05:52:56.322,1.2087,1.20895,5.60,22.60
2007.05.07 05:52:56.561,1.2087,1.20895,5.60,26.60
2007.05.07 05:52:57.646,1.2087,1.20895,5.60,22.60
2007.05.07 05:52:58.900,1.2087,1.20895,5.60,33.00
2007.05.07 05:52:59.610,1.2087,1.20895,5.60,37.00
2007.05.07 05:53:00.385,1.2087,1.20895,9.60,33.00
2007.05.07 05:53:00.908,1.2087,1.20895,4.80,37.80
2007.05.07 05:53:01.138,1.2087,1.2089,4.00,0.70
2007.05.07 05:53:01.394,1.2086,1.20895,29.50,37.80
2007.05.07 05:53:01.654,1.2086,1.2089,25.50,38.60
2007.05.07 05:53:07.026,1.2086,1.2089,29.50,38.60
2007.05.07 05:53:12.334,1.2087,1.2089,4.00,14.60
2007.05.07 05:53:12.583,1.2087,1.20895,4.00,18.60
2007.05.07 05:53:12.882,1.2087,1.20895,4.00,16.20
2007.05.07 05:53:17.348,1.2086,1.2088,13.60,0.70
2007.05.07 05:53:17.646,1.2086,1.2088,13.60,0.50
2007.05.07 05:53:30.756,1.2086,1.2088,17.60,19.20
2007.05.07 05:53:37.496,1.2087,1.2088,4.80,14.40
2007.05.07 05:53:39.372,1.2087,1.2088,4.80,12.00
2007.05.07 05:53:40.735,1.2087,1.2088,4.80,8.00
2007.05.07 05:53:43.848,1.2087,1.2088,4.80,7.90
2007.05.07 05:53:51.154,1.2087,1.2089,4.80,25.80
2007.05.07 05:53:51.464,1.20865,1.2087,1.60,7.90
2007.05.07 05:53:51.669,1.2086,1.2087,13.60,7.90
2007.05.07 05:53:51.890,1.2086,1.2088,28.00,12.80
2007.05.07 05:53:52.269,1.2086,1.2088,20.00,16.80
2007.05.07 05:53:54.070,1.2086,1.20885,20.00,22.40
2007.05.07 05:53:59.342,1.2087,1.2088,4.80,12.80
2007.05.07 05:53:59.637,1.2087,1.2088,4.80,8.80
2007.05.07 05:54:00.390,1.2086,1.2088,10.40,19.20
2007.05.07 05:54:00.676,1.2086,1.2088,10.40,23.20
2007.05.07 05:54:00.904,1.2086,1.2088,4.00,17.60
2007.05.07 05:54:01.446,1.2085,1.2088,55.60,17.60
2007.05.07 05:54:01.707,1.2085,1.2086,22.80,8.00
2007.05.07 05:54:01.946,1.2085,1.2087,12.80,29.60
2007.05.07 05:54:02.430,1.2086,1.2087,15.20,1.60
2007.05.07 05:54:02.940,1.2085,1.2088,42.00,13.60
2007.05.07 05:54:03.524,1.2085,1.2087,38.30,8.00
2007.05.07 05:54:04.539,1.2085,1.2088,46.30,13.60
2007.05.07 05:54:04.812,1.2085,1.2088,50.00,13.60
2007.05.07 05:54:05.893,1.2086,1.2087,4.80,8.80
2007.05.07 05:54:09.855,1.2085,1.2087,40.40,12.80
2007.05.07 05:54:10.048,1.2085,1.2087,28.00,12.80
2007.05.07 05:54:10.673,1.2085,1.2087,28.00,20.80
2007.05.07 05:54:14.918,1.20855,1.2087,1.60,16.80
2007.05.07 05:54:15.165,1.2086,1.2087,0.80,16.80
2007.05.07 05:54:15.401,1.2086,1.2087,4.80,12.80
2007.05.07 05:54:15.709,1.2086,1.2087,4.80,8.80
2007.05.07 05:54:18.910,1.2086,1.2088,15.20,17.60
2007.05.07 05:54:19.229,1.2086,1.2088,20.00,12.80
2007.05.07 05:54:19.733,1.2086,1.2088,20.00,8.80
2007.05.07 05:54:20.255,1.2086,1.2088,15.20,13.60
2007.05.07 05:54:21.699,1.2086,1.2088,15.20,17.60
2007.05.07 05:54:23.874,1.2086,1.2088,16.00,24.80
2007.05.07 05:54:24.570,1.2086,1.2088,16.00,28.80
2007.05.07 05:54:25.254,1.2086,1.2088,16.00,0.50
2007.05.07 05:54:27.924,1.2086,1.20885,15.20,35.20
2007.05.07 05:54:34.560,1.2086,1.20885,20.00,30.40
2007.05.07 05:54:35.070,1.2087,1.20885,4.00,22.40
2007.05.07 05:54:35.276,1.2087,1.2088,4.00,0.90
2007.05.07 05:54:35.498,1.2086,1.20885,20.80,30.40
2007.05.07 05:54:35.934,1.2086,1.20885,20.00,30.40
2007.05.07 05:54:40.559,1.2086,1.2088,15.20,0.80
2007.05.07 05:54:45.712,1.2086,1.20885,15.30,35.20
2007.05.07 05:54:46.288,1.20855,1.20885,16.90,64.80
2007.05.07 05:54:48.213,1.20855,1.20885,28.90,19.20
2007.05.07 05:54:48.520,1.2086,1.20885,36.00,10.40
2007.05.07 05:54:53.063,1.2087,1.2088,0.50,0.90
2007.05.07 05:54:53.460,1.2087,1.2089,0.50,0.70
2007.05.07 05:54:53.983,1.2087,1.2089,0.50,0.60
2007.05.07 05:54:54.714,1.2087,1.2089,2.40,14.00
2007.05.07 05:54:57.076,1.2087,1.2089,7.30,22.00
2007.05.07 05:55:04.394,1.20865,1.2088,6.40,8.80
2007.05.07 05:55:12.911,1.20865,1.2089,16.80,30.00
2007.05.07 05:55:13.641,1.20865,1.2089,16.80,26.00
2007.05.07 05:55:17.397,1.20865,1.2088,6.40,8.80
2007.05.07 05:55:20.079,1.20865,1.2088,6.40,16.80
2007.05.07 05:55:20.413,1.20865,1.2088,0.60,20.80
2007.05.07 05:55:20.701,1.20855,1.2088,30.40,24.80
2007.05.07 05:55:20.921,1.20855,1.2088,29.60,24.80
2007.05.07 05:55:30.658,1.2086,1.2088,9.60,20.80
2007.05.07 05:55:34.932,1.2086,1.2087,2.80,8.80
2007.05.07 05:55:35.572,1.2086,1.2087,2.10,8.00
2007.05.07 05:55:40.160,1.2086,1.2087,4.80,8.80
2007.05.07 05:55:41.949,1.2086,1.2087,4.80,8.00
2007.05.07 05:55:53.601,1.2086,1.2087,9.60,8.00
2007.05.07 05:55:56.956,1.2087,1.2088,4.00,23.20
2007.05.07 05:55:57.184,1.2087,1.2088,4.00,12.80
2007.05.07 05:55:57.691,1.2086,1.2088,24.00,16.80
2007.05.07 05:56:04.340,1.2087,1.2088,4.80,12.80
2007.05.07 05:56:04.622,1.2087,1.2088,4.80,8.80
2007.05.07 05:56:04.920,1.2087,1.20885,4.80,10.40
2007.05.07 05:56:06.824,1.2086,1.2088,28.00,0.50
2007.05.07 05:56:07.056,1.2086,1.2088,24.00,0.80
2007.05.07 05:56:07.581,1.2086,1.20885,24.00,18.40
2007.05.07 05:56:30.538,1.2086,1.2088,28.00,0.70
2007.05.07 05:56:50.548,1.2086,1.2088,28.00,20.80
2007.05.07 05:57:02.837,1.2086,1.2088,29.60,20.80
2007.05.07 05:57:03.494,1.2086,1.2088,16.80,25.60
2007.05.07 05:57:07.372,1.2087,1.2088,5.60,12.80
2007.05.07 05:57:07.596,1.2087,1.2088,5.60,8.80
2007.05.07 05:57:16.107,1.2087,1.2088,4.80,8.80
2007.05.07 05:57:18.688,1.2087,1.2088,4.00,8.80
2007.05.07 05:57:23.927,1.2086,1.2088,28.00,20.80
2007.05.07 05:57:24.145,1.2086,1.2088,24.00,20.80
2007.05.07 05:57:24.384,1.2086,1.2088,15.20,21.60
2007.05.07 05:57:26.992,1.2086,1.2087,4.80,8.80
2007.05.07 05:57:30.856,1.2086,1.2088,15.20,25.60
2007.05.07 05:57:31.381,1.2086,1.2087,4.80,8.80
2007.05.07 05:57:44.095,1.2087,1.2088,4.00,12.80
2007.05.07 05:57:44.647,1.2087,1.2088,4.00,8.80
2007.05.07 05:57:48.706,1.2087,1.2088,4.00,0.80
2007.05.07 05:57:49.397,1.2086,1.20885,16.00,31.20
2007.05.07 05:57:49.707,1.2086,1.2088,16.00,0.70
2007.05.07 05:57:49.932,1.2086,1.20885,15.20,35.20
2007.05.07 05:57:55.685,1.2086,1.20885,15.20,35.10
2007.05.07 05:57:56.083,1.2086,1.2088,15.20,0.50
2007.05.07 05:57:57.303,1.2086,1.20885,16.80,35.20
2007.05.07 05:58:05.401,1.2087,1.2088,5.60,0.60
2007.05.07 05:58:05.645,1.2087,1.20885,5.60,10.40
2007.05.07 05:58:12.501,1.2087,1.20885,6.40,10.40
2007.05.07 05:58:14.417,1.2086,1.2088,21.60,0.70
2007.05.07 05:58:14.634,1.2086,1.2088,21.60,0.80
2007.05.07 05:58:14.891,1.2086,1.2087,6.40,0.90
2007.05.07 05:58:21.449,1.2086,1.2087,5.60,8.80
2007.05.07 05:58:21.935,1.2085,1.2087,25.60,21.60
2007.05.07 05:58:23.827,1.2086,1.2087,6.40,8.80
2007.05.07 05:58:26.898,1.2086,1.2088,22.40,25.00
2007.05.07 05:58:27.171,1.2086,1.2088,26.40,24.80
2007.05.07 05:58:27.413,1.2087,1.2088,5.60,12.80
2007.05.07 05:58:27.654,1.2087,1.2088,5.60,8.80
2007.05.07 05:58:27.850,1.2086,1.2088,42.30,8.80
2007.05.07 05:58:29.423,1.20855,1.2088,24.00,24.80
2007.05.07 05:58:29.647,1.2086,1.2088,7.70,24.80
2007.05.07 05:58:29.987,1.2086,1.2087,1.80,8.80
2007.05.07 05:58:48.406,1.20855,1.2088,18.40,30.60
2007.05.07 05:58:48.651,1.20855,1.2088,18.40,30.40
2007.05.07 05:58:48.965,1.20855,1.2088,18.40,29.60
2007.05.07 05:58:52.477,1.2086,1.2088,11.00,24.80
2007.05.07 05:58:53.053,1.2086,1.2088,37.50,16.80
2007.05.07 05:58:53.437,1.2087,1.2088,0.70,8.80
2007.05.07 05:58:59.014,1.2086,1.2088,45.50,12.80
2007.05.07 05:58:59.232,1.2086,1.2087,17.60,8.00
2007.05.07 05:59:06.100,1.2086,1.2088,25.60,29.60
2007.05.07 05:59:06.410,1.2087,1.2088,5.60,13.60
2007.05.07 05:59:06.720,1.2087,1.2088,5.60,9.60
2007.05.07 05:59:06.935,1.2087,1.2088,5.60,8.80
2007.05.07 05:59:09.913,1.2086,1.2088,25.60,25.60
2007.05.07 05:59:10.134,1.2086,1.2087,17.60,8.00
2007.05.07 05:59:15.884,1.2087,1.2088,5.60,8.80
2007.05.07 05:59:18.900,1.2087,1.2088,5.60,21.60
2007.05.07 05:59:19.103,1.2086,1.2087,17.60,8.00
2007.05.07 05:59:24.878,1.2087,1.2088,5.60,12.80
2007.05.07 05:59:25.085,1.2087,1.2088,6.40,12.80
2007.05.07 05:59:25.408,1.2086,1.2088,25.60,28.80
2007.05.07 05:59:26.052,1.2086,1.2088,25.60,29.60
2007.05.07 05:59:27.889,1.2086,1.2088,29.60,25.60
2007.05.07 05:59:30.182,1.20855,1.2088,35.20,25.60
2007.05.07 05:59:34.999,1.20855,1.2088,39.20,16.80
2007.05.07 05:59:35.271,1.2086,1.2088,33.60,12.80
2007.05.07 05:59:35.537,1.20865,1.2088,8.00,12.80
2007.05.07 05:59:35.829,1.2087,1.2088,0.80,8.80
2007.05.07 05:59:36.054,1.2087,1.2088,1.50,8.00
2007.05.07 05:59:37.044,1.20865,1.2088,8.00,8.80
2007.05.07 05:59:41.470,1.20865,1.2088,8.00,8.00
2007.05.07 05:59:42.427,1.2086,1.2088,34.40,12.00
2007.05.07 05:59:42.641,1.20855,1.2088,39.20,12.00
2007.05.07 05:59:42.947,1.2087,1.2088,1.20,8.00
2007.05.07 05:59:43.201,1.2086,1.2088,49.50,8.00
2007.05.07 05:59:49.046,1.2087,1.2088,1.00,8.80
2007.05.07 05:59:50.887,1.20855,1.2087,23.20,8.00
