2015.10.12 14:00:01.260,0.96072,0.96082,1.12,1.00
2015.10.12 14:00:02.898,0.96073,0.96085,1.00,1.75
2015.10.12 14:00:03.204,0.96075,0.96085,1.00,1.75
2015.10.12 14:00:03.309,0.96075,0.96085,1.00,1.50
2015.10.12 14:00:03.412,0.96077,0.96086,1.00,1.50
2015.10.12 14:00:03.514,0.96075,0.96086,1.12,1.50
2015.10.12 14:00:03.667,0.96075,0.96087,1.50,1.00
2015.10.12 14:00:04.088,0.96077,0.96092,1.75,2.62
2015.10.12 14:00:04.140,0.96077,0.96092,1.75,2.25
2015.10.12 14:00:04.652,0.96078,0.96095,3.00,2.62
2015.10.12 14:00:12.805,0.96077,0.96091,1.87,2.10
2015.10.12 14:00:12.964,0.96075,0.96085,1.00,1.00
2015.10.12 14:00:13.066,0.9607,0.96085,2.25,2.25
2015.10.12 14:00:13.575,0.9607,0.96085,3.37,1.50
2015.10.12 14:00:14.091,0.96071,0.96085,2.62,1.12
2015.10.12 14:00:18.036,0.96071,0.96084,1.75,1.12
2015.10.12 14:00:18.344,0.96065,0.9608,1.75,1.75
2015.10.12 14:00:19.518,0.96068,0.9608,1.50,1.50
2015.10.12 14:00:21.012,0.96068,0.96083,1.50,1.75
2015.10.12 14:00:21.219,0.96071,0.96085,1.75,1.50
2015.10.12 14:00:21.527,0.96076,0.96091,1.75,1.75
2015.10.12 14:00:24.227,0.96077,0.96091,1.50,1.75
2015.10.12 14:00:24.431,0.96081,0.96093,1.00,1.50
2015.10.12 14:00:28.497,0.96081,0.96092,1.00,1.00
2015.10.12 14:00:28.797,0.96077,0.9609,1.12,1.00
2015.10.12 14:00:29.457,0.96077,0.96091,1.12,1.12
2015.10.12 14:00:30.149,0.96076,0.96089,1.87,1.00
2015.10.12 14:00:30.454,0.96077,0.96087,1.50,1.00
2015.10.12 14:00:30.962,0.96077,0.96089,1.50,1.50
2015.10.12 14:00:33.562,0.96074,0.96087,1.12,1.12
2015.10.12 14:00:33.613,0.96075,0.96087,1.00,1.50
2015.10.12 14:00:33.769,0.96072,0.96087,3.00,1.75
2015.10.12 14:00:34.278,0.9607,0.96085,1.87,1.50
2015.10.12 14:00:41.243,0.9607,0.96083,1.12,1.00
2015.10.12 14:00:41.549,0.96069,0.96082,1.75,1.12
2015.10.12 14:00:42.337,0.96068,0.96081,1.87,1.00
2015.10.12 14:00:45.432,0.96068,0.96082,1.12,1.12
2015.10.12 14:00:45.953,0.96069,0.96083,1.12,1.12
2015.10.12 14:00:49.282,0.96069,0.96082,1.87,1.00
2015.10.12 14:00:51.027,0.96071,0.96082,1.00,1.00
2015.10.12 14:00:53.082,0.96069,0.96082,1.75,1.50
2015.10.12 14:00:53.710,0.9607,0.96085,1.75,2.25
2015.10.12 14:00:54.995,0.96074,0.96086,1.12,1.37
2015.10.12 14:00:55.046,0.96074,0.96088,1.50,1.75
2015.10.12 14:00:55.149,0.96075,0.9609,1.75,2.25
2015.10.12 14:00:55.454,0.96079,0.96092,2.25,1.50
2015.10.12 14:00:55.989,0.96081,0.96095,1.50,1.75
2015.10.12 14:00:59.146,0.96083,0.96096,1.00,1.12
2015.10.12 14:00:59.400,0.96083,0.96097,1.50,1.75
2015.10.12 14:00:59.976,0.96083,0.96097,1.12,1.87
2015.10.12 14:01:05.424,0.96084,0.96097,1.00,1.87
2015.10.12 14:01:05.928,0.96083,0.96097,1.87,1.87
2015.10.12 14:01:08.889,0.9608,0.96093,1.75,1.50
2015.10.12 14:01:09.401,0.9608,0.96092,1.50,1.50
2015.10.12 14:01:12.754,0.96078,0.96092,1.75,2.10
2015.10.12 14:01:12.906,0.96077,0.96088,1.50,1.00
2015.10.12 14:01:13.419,0.96075,0.96089,1.75,1.50
2015.10.12 14:01:15.724,0.96075,0.96088,1.75,1.50
2015.10.12 14:01:17.102,0.96075,0.96084,1.75,1.00
2015.10.12 14:01:17.255,0.96072,0.96084,1.75,1.00
2015.10.12 14:01:17.408,0.9607,0.96079,1.12,1.00
2015.10.12 14:01:17.510,0.96069,0.96079,1.12,1.12
2015.10.12 14:01:17.713,0.96066,0.96078,1.50,1.50
2015.10.12 14:01:18.762,0.96065,0.96078,1.75,1.12
2015.10.12 14:01:22.066,0.96067,0.96081,1.75,1.37
2015.10.12 14:01:23.838,0.96065,0.9608,3.37,1.50
2015.10.12 14:01:24.043,0.96067,0.96079,1.00,1.00
2015.10.12 14:01:24.247,0.96064,0.96078,1.75,1.50
2015.10.12 14:01:30.558,0.96064,0.96079,2.25,1.75
2015.10.12 14:01:32.103,0.96064,0.96078,2.25,1.12
2015.10.12 14:01:32.205,0.96063,0.96077,1.50,1.87
2015.10.12 14:01:33.471,0.96062,0.96074,1.50,1.00
2015.10.12 14:01:35.817,0.96063,0.96074,1.00,1.37
2015.10.12 14:01:35.970,0.9606,0.96072,1.00,1.00
2015.10.12 14:01:36.530,0.96059,0.96072,1.35,1.00
2015.10.12 14:01:43.576,0.96061,0.96076,2.25,1.75
2015.10.12 14:01:45.665,0.9606,0.96075,3.00,1.75
2015.10.12 14:01:46.872,0.96058,0.96073,2.25,1.75
2015.10.12 14:01:47.378,0.96057,0.96072,2.25,1.75
2015.10.12 14:01:54.615,0.96056,0.9607,1.75,1.75
2015.10.12 14:01:55.336,0.96058,0.96073,1.37,2.62
2015.10.12 14:01:55.846,0.96057,0.96072,1.75,1.75
2015.10.12 14:01:56.356,0.96055,0.9607,3.37,1.37
2015.10.12 14:02:00.214,0.96055,0.96069,2.25,1.50
2015.10.12 14:02:04.397,0.96058,0.96072,2.25,1.12
2015.10.12 14:02:04.448,0.96058,0.96073,2.25,2.25
2015.10.12 14:02:04.703,0.9606,0.96074,1.50,1.37
2015.10.12 14:02:04.755,0.9606,0.96075,1.75,1.75
2015.10.12 14:02:05.273,0.96063,0.96078,1.50,2.62
2015.10.12 14:02:05.782,0.96065,0.96078,1.00,1.87
2015.10.12 14:02:06.309,0.96064,0.96078,1.12,1.87
2015.10.12 14:02:07.209,0.96045,0.96049,3.56,1.50
2015.10.12 14:02:07.260,0.96036,0.96041,1.07,1.00
2015.10.12 14:02:07.313,0.96031,0.96036,3.00,1.50
2015.10.12 14:02:07.365,0.96026,0.96035,11.17,3.00
2015.10.12 14:02:07.417,0.9601,0.96019,1.37,2.25
2015.10.12 14:02:07.528,0.96002,0.96006,4.50,1.35
2015.10.12 14:02:07.580,0.96002,0.96006,1.00,1.35
2015.10.12 14:02:07.632,0.95993,0.96,1.12,1.00
2015.10.12 14:02:07.684,0.95992,0.96,1.50,1.60
2015.10.12 14:02:07.736,0.95983,0.95993,1.00,1.00
2015.10.12 14:02:07.945,0.95982,0.9599,1.00,1.00
2015.10.12 14:02:07.997,0.95978,0.95992,1.00,1.00
2015.10.12 14:02:08.048,0.95981,0.95992,1.00,1.00
2015.10.12 14:02:08.202,0.95983,0.95995,1.00,1.00
2015.10.12 14:02:08.253,0.95984,0.95998,1.50,1.50
2015.10.12 14:02:08.305,0.95986,0.96,1.00,1.00
2015.10.12 14:02:08.812,0.95987,0.96001,1.00,1.00
2015.10.12 14:02:09.194,0.95988,0.96003,1.00,1.00
2015.10.12 14:02:10.411,0.95989,0.96003,1.00,1.00
2015.10.12 14:02:12.257,0.95988,0.96003,1.50,1.00
2015.10.12 14:02:12.362,0.9599,0.96003,1.00,1.00
2015.10.12 14:02:12.617,0.96,0.96014,1.00,2.25
2015.10.12 14:02:12.719,0.96005,0.96017,1.00,1.50
2015.10.12 14:02:12.770,0.96005,0.9602,1.00,1.00
2015.10.12 14:02:12.822,0.96007,0.9602,1.00,1.00
2015.10.12 14:02:12.873,0.96007,0.96024,1.00,1.50
2015.10.12 14:02:12.975,0.96007,0.96024,2.25,2.25
2015.10.12 14:02:13.077,0.96008,0.96026,1.00,2.25
2015.10.12 14:02:13.602,0.96009,0.96026,1.12,1.50
2015.10.12 14:02:14.475,0.9601,0.96026,1.00,1.00
2015.10.12 14:02:15.007,0.96011,0.96027,1.50,1.00
2015.10.12 14:02:15.059,0.96011,0.96029,3.37,1.00
2015.10.12 14:02:15.569,0.96012,0.9603,3.00,1.00
2015.10.12 14:02:16.114,0.96012,0.9603,3.00,1.60
2015.10.12 14:02:16.624,0.96012,0.9603,1.12,2.85
2015.10.12 14:02:17.145,0.96012,0.96029,1.87,1.00
2015.10.12 14:02:19.482,0.96013,0.96029,1.00,1.35
2015.10.12 14:02:20.084,0.96012,0.96029,1.12,1.35
2015.10.12 14:02:21.048,0.96011,0.9603,3.75,2.10
2015.10.12 14:02:21.557,0.96013,0.9603,1.00,1.50
2015.10.12 14:02:22.374,0.96011,0.9603,3.00,2.85
2015.10.12 14:02:22.901,0.96012,0.9603,1.12,2.85
2015.10.12 14:02:23.908,0.96012,0.9603,1.87,2.10
2015.10.12 14:02:25.118,0.96014,0.9603,1.00,2.10
2015.10.12 14:02:25.591,0.96016,0.9603,1.00,1.50
2015.10.12 14:02:26.102,0.96015,0.96029,1.00,1.00
2015.10.12 14:02:26.874,0.96015,0.9603,1.00,1.50
2015.10.12 14:02:29.882,0.96014,0.9603,1.00,1.50
2015.10.12 14:02:30.407,0.96013,0.9603,1.50,1.50
2015.10.12 14:02:30.917,0.96014,0.9603,1.00,1.50
2015.10.12 14:02:31.724,0.96015,0.96031,2.25,1.00
2015.10.12 14:02:31.775,0.96015,0.96033,2.25,2.25
2015.10.12 14:02:31.827,0.96021,0.96034,1.35,1.50
2015.10.12 14:02:31.981,0.96023,0.9604,1.87,1.00
2015.10.12 14:02:32.185,0.96023,0.9604,1.75,1.00
2015.10.12 14:02:32.390,0.96023,0.96039,1.12,1.00
2015.10.12 14:02:32.964,0.96023,0.9604,1.12,1.00
2015.10.12 14:02:33.481,0.96023,0.9604,2.25,1.00
2015.10.12 14:02:34.937,0.96023,0.96039,1.50,1.00
2015.10.12 14:02:35.476,0.96024,0.96041,1.12,1.87
2015.10.12 14:02:36.146,0.96023,0.96041,2.25,1.00
2015.10.12 14:02:36.660,0.96025,0.96042,1.00,1.00
2015.10.12 14:02:37.324,0.96024,0.96042,1.87,2.25
2015.10.12 14:02:37.830,0.96024,0.96041,1.12,1.50
2015.10.12 14:02:38.338,0.96024,0.96042,3.00,1.50
2015.10.12 14:02:39.295,0.96026,0.96042,1.12,1.00
2015.10.12 14:02:39.347,0.9603,0.96043,2.85,1.00
2015.10.12 14:02:39.500,0.96038,0.96051,1.00,1.00
2015.10.12 14:02:39.551,0.96036,0.96052,1.00,1.00
2015.10.12 14:02:39.704,0.96037,0.96052,1.50,1.00
2015.10.12 14:02:39.837,0.96037,0.96054,2.25,1.00
2015.10.12 14:02:39.888,0.96037,0.96056,2.25,1.50
2015.10.12 14:02:39.991,0.96039,0.96056,1.75,1.00
2015.10.12 14:02:41.318,0.96039,0.96057,2.25,1.00
2015.10.12 14:02:42.304,0.9604,0.96058,1.50,3.00
2015.10.12 14:02:44.485,0.96042,0.96058,1.37,1.00
2015.10.12 14:02:44.720,0.96047,0.96064,1.00,1.00
2015.10.12 14:02:45.228,0.96047,0.96063,1.12,1.50
2015.10.12 14:02:45.432,0.96045,0.96063,1.50,3.60
2015.10.12 14:02:45.534,0.96044,0.96059,1.00,1.60
2015.10.12 14:02:45.708,0.96041,0.96057,1.00,1.50
2015.10.12 14:02:46.216,0.96041,0.96056,1.00,1.00
2015.10.12 14:02:47.112,0.96039,0.96058,1.87,3.00
2015.10.12 14:02:48.236,0.96041,0.96057,1.12,1.00
2015.10.12 14:02:50.972,0.96041,0.96056,1.12,1.00
2015.10.12 14:02:56.070,0.96039,0.96055,1.75,1.00
2015.10.12 14:02:56.581,0.96039,0.96054,1.50,1.00
2015.10.12 14:03:02.092,0.96039,0.96055,1.50,2.25
2015.10.12 14:03:03.092,0.96039,0.96055,2.25,1.00
2015.10.12 14:03:03.245,0.96041,0.96057,1.50,1.50
2015.10.12 14:03:04.741,0.96039,0.96056,1.87,1.00
2015.10.12 14:03:08.691,0.96039,0.96056,2.62,1.00
2015.10.12 14:03:09.207,0.96039,0.96056,2.62,1.00
2015.10.12 14:03:10.460,0.96039,0.96055,1.87,1.00
2015.10.12 14:03:11.642,0.96039,0.96056,1.50,1.50
2015.10.12 14:03:12.151,0.96039,0.96055,1.50,1.00
2015.10.12 14:03:13.090,0.96039,0.96054,1.50,1.00
2015.10.12 14:03:13.599,0.96039,0.96055,1.50,1.00
2015.10.12 14:03:14.124,0.96039,0.96056,1.50,1.00
2015.10.12 14:03:15.529,0.96039,0.96055,1.50,1.00
2015.10.12 14:03:16.753,0.96039,0.96054,1.87,1.00
2015.10.12 14:03:17.489,0.96039,0.96055,1.87,1.50
2015.10.12 14:03:18.050,0.96039,0.96054,1.87,1.00
2015.10.12 14:03:19.156,0.96039,0.96055,1.87,1.50
2015.10.12 14:03:20.346,0.96039,0.96054,1.87,1.00
2015.10.12 14:03:21.263,0.96039,0.96055,1.50,1.50
2015.10.12 14:03:21.467,0.9604,0.96057,1.12,2.25
2015.10.12 14:03:22.004,0.9604,0.96056,1.87,1.00
2015.10.12 14:03:22.696,0.9604,0.96055,1.87,1.00
2015.10.12 14:03:23.665,0.9604,0.96056,1.87,1.50
2015.10.12 14:03:24.211,0.9604,0.96055,1.87,1.00
2015.10.12 14:03:28.281,0.9604,0.96056,1.87,1.50
2015.10.12 14:03:29.531,0.96039,0.96048,1.50,1.72
2015.10.12 14:03:29.684,0.9603,0.96045,1.75,1.72
2015.10.12 14:03:29.735,0.96028,0.96044,1.00,1.30
2015.10.12 14:03:30.284,0.96029,0.96045,1.00,2.10
2015.10.12 14:03:32.918,0.96029,0.96044,1.00,1.00
2015.10.12 14:03:34.003,0.96028,0.96045,2.10,2.25
2015.10.12 14:03:34.518,0.96028,0.96044,2.10,1.00
2015.10.12 14:03:35.027,0.96028,0.96045,2.10,2.25
2015.10.12 14:03:35.897,0.96028,0.96044,2.10,1.00
2015.10.12 14:03:36.750,0.96028,0.96045,1.50,2.10
2015.10.12 14:03:41.927,0.96028,0.96044,2.10,1.00
2015.10.12 14:03:42.581,0.96028,0.96044,2.10,1.00
2015.10.12 14:03:46.754,0.96028,0.96045,2.10,1.50
2015.10.12 14:03:47.831,0.96032,0.96045,1.00,1.00
2015.10.12 14:03:47.882,0.96032,0.96047,1.50,1.00
2015.10.12 14:03:47.984,0.96033,0.9605,3.60,1.50
2015.10.12 14:03:48.290,0.96042,0.9605,1.12,1.00
2015.10.12 14:03:48.443,0.96042,0.96057,1.12,3.00
2015.10.12 14:03:48.494,0.96044,0.96057,1.12,2.25
2015.10.12 14:03:49.040,0.96044,0.96056,1.12,1.00
2015.10.12 14:03:49.547,0.96044,0.96057,1.12,1.50
2015.10.12 14:03:50.814,0.96044,0.96056,1.87,1.00
2015.10.12 14:03:51.139,0.96046,0.96057,1.12,1.00
2015.10.12 14:03:51.444,0.96044,0.96056,1.12,2.10
2015.10.12 14:03:52.159,0.96043,0.96053,1.12,1.00
2015.10.12 14:03:52.829,0.96043,0.96054,1.12,2.25
2015.10.12 14:03:53.338,0.96042,0.96054,1.12,1.50
2015.10.12 14:03:55.877,0.96046,0.96054,1.12,1.00
2015.10.12 14:03:55.979,0.96044,0.96054,1.87,1.00
2015.10.12 14:03:56.797,0.96044,0.96056,1.12,1.35
2015.10.12 14:03:58.081,0.96045,0.96056,1.12,1.50
2015.10.12 14:03:58.235,0.96044,0.96058,1.12,1.12
2015.10.12 14:03:58.387,0.96046,0.9606,1.12,2.47
2015.10.12 14:03:58.490,0.96044,0.96056,2.05,1.00
2015.10.12 14:03:58.542,0.96044,0.96062,3.22,4.87
2015.10.12 14:03:58.594,0.96045,0.96062,2.05,3.75
2015.10.12 14:03:58.645,0.96045,0.96062,1.12,4.35
2015.10.12 14:03:58.798,0.96047,0.96059,1.00,1.00
2015.10.12 14:03:58.948,0.96044,0.96061,1.75,1.87
2015.10.12 14:03:59.254,0.96048,0.96063,1.12,2.25
2015.10.12 14:04:01.237,0.96049,0.96063,1.87,1.12
2015.10.12 14:04:01.517,0.96054,0.96065,1.00,1.50
2015.10.12 14:04:01.720,0.96052,0.96065,1.12,1.00
2015.10.12 14:04:03.155,0.96052,0.96066,1.12,2.47
2015.10.12 14:04:14.155,0.96054,0.96068,1.12,1.12
2015.10.12 14:04:14.496,0.96062,0.96078,1.12,1.75
2015.10.12 14:04:15.057,0.96067,0.96083,1.75,1.87
2015.10.12 14:04:15.368,0.96069,0.96087,1.12,1.87
2015.10.12 14:04:17.167,0.9607,0.96087,1.12,1.75
2015.10.12 14:04:19.151,0.96071,0.96089,1.12,1.87
2015.10.12 14:04:20.977,0.96076,0.9609,1.12,1.12
2015.10.12 14:04:21.081,0.9608,0.96092,1.00,1.00
2015.10.12 14:04:21.336,0.96078,0.96094,1.12,1.50
2015.10.12 14:04:21.850,0.9608,0.96094,1.75,1.50
2015.10.12 14:04:22.053,0.96081,0.96094,1.00,1.00
2015.10.12 14:04:22.599,0.9608,0.96094,1.12,1.00
2015.10.12 14:04:26.232,0.96081,0.96094,1.00,1.00
2015.10.12 14:04:26.284,0.96081,0.96096,1.00,1.00
2015.10.12 14:04:26.386,0.96081,0.96098,1.37,1.00
2015.10.12 14:04:26.691,0.96083,0.96101,1.00,2.85
2015.10.12 14:04:27.102,0.96082,0.961,1.37,1.00
2015.10.12 14:04:27.612,0.96084,0.96101,1.37,2.10
2015.10.12 14:04:28.344,0.96082,0.961,2.25,1.00
2015.10.12 14:04:28.395,0.96082,0.961,1.87,1.35
2015.10.12 14:04:28.922,0.96082,0.961,1.87,2.10
2015.10.12 14:04:30.233,0.96082,0.96099,1.37,1.00
2015.10.12 14:04:31.574,0.96082,0.96098,1.37,1.00
2015.10.12 14:04:31.778,0.96082,0.961,1.87,1.50
2015.10.12 14:04:32.540,0.96082,0.96099,1.37,1.00
2015.10.12 14:04:32.822,0.96087,0.961,1.00,1.00
2015.10.12 14:04:33.332,0.96084,0.96102,3.37,1.60
2015.10.12 14:04:33.636,0.96085,0.96103,2.25,1.00
2015.10.12 14:04:36.578,0.96085,0.96102,1.50,1.00
2015.10.12 14:04:37.085,0.96085,0.96103,2.25,1.00
2015.10.12 14:04:37.343,0.96088,0.96103,1.00,1.00
2015.10.12 14:04:37.547,0.96088,0.96104,1.37,1.00
2015.10.12 14:04:37.598,0.96089,0.96106,1.37,1.00
2015.10.12 14:04:38.113,0.96089,0.96106,1.50,2.25
2015.10.12 14:04:38.520,0.96085,0.96102,2.10,1.00
2015.10.12 14:04:38.883,0.96083,0.961,2.47,1.50
2015.10.12 14:04:39.188,0.96082,0.96098,1.37,1.35
2015.10.12 14:04:39.797,0.96082,0.961,1.87,2.85
2015.10.12 14:04:40.398,0.96082,0.96099,1.37,1.00
2015.10.12 14:04:41.963,0.96082,0.961,1.87,2.10
2015.10.12 14:04:46.117,0.96082,0.96099,1.37,1.00
2015.10.12 14:04:46.627,0.96083,0.961,1.12,1.35
2015.10.12 14:04:47.498,0.96082,0.96099,1.37,1.00
2015.10.12 14:04:47.600,0.96081,0.96099,1.12,1.00
2015.10.12 14:04:47.753,0.96081,0.96097,1.00,1.00
2015.10.12 14:04:48.852,0.96081,0.96099,1.00,1.00
2015.10.12 14:04:50.202,0.96084,0.96099,1.00,1.00
2015.10.12 14:04:54.418,0.96088,0.96099,1.00,1.00
2015.10.12 14:04:54.469,0.96088,0.96102,1.00,1.00
2015.10.12 14:04:54.572,0.96088,0.96104,1.00,1.00
2015.10.12 14:04:55.321,0.96085,0.96104,3.37,1.00
2015.10.12 14:04:55.731,0.96087,0.96105,1.87,1.00
2015.10.12 14:04:57.414,0.96088,0.96105,1.00,1.35
2015.10.12 14:04:57.924,0.96089,0.96105,1.00,1.35
2015.10.12 14:04:59.405,0.96088,0.96106,1.00,2.85
2015.10.12 14:05:00.925,0.96088,0.96103,1.00,2.10
2015.10.12 14:05:01.179,0.96081,0.96096,1.50,1.00
2015.10.12 14:05:01.383,0.96081,0.96098,1.00,1.00
2015.10.12 14:05:01.678,0.96081,0.96099,1.75,1.00
2015.10.12 14:05:02.630,0.96088,0.961,1.60,1.00
2015.10.12 14:05:02.681,0.96093,0.96107,1.00,1.37
2015.10.12 14:05:02.936,0.96092,0.96108,1.00,2.10
2015.10.12 14:05:03.243,0.96092,0.96107,1.00,1.60
2015.10.12 14:05:03.764,0.96089,0.96104,1.87,1.67
2015.10.12 14:05:26.447,0.96097,0.96104,1.00,1.50
2015.10.12 14:05:26.652,0.96099,0.96111,1.00,1.87
2015.10.12 14:05:26.703,0.96099,0.96113,1.37,4.12
2015.10.12 14:05:26.807,0.96102,0.96118,1.37,3.00
2015.10.12 14:05:27.011,0.96105,0.96121,1.37,3.00
2015.10.12 14:05:27.317,0.96103,0.96118,1.37,1.37
2015.10.12 14:05:27.422,0.96103,0.96118,1.12,1.37
2015.10.12 14:05:27.524,0.96103,0.96119,1.87,1.37
2015.10.12 14:05:29.608,0.96103,0.9612,1.37,1.37
2015.10.12 14:05:29.914,0.961,0.96113,1.87,1.00
2015.10.12 14:05:30.463,0.961,0.96112,1.12,1.00
2015.10.12 14:05:32.314,0.96099,0.96112,2.62,1.00
2015.10.12 14:05:32.417,0.96101,0.96112,1.00,1.00
2015.10.12 14:05:33.977,0.96101,0.96112,1.00,1.97
2015.10.12 14:05:34.236,0.96091,0.96105,1.12,1.12
2015.10.12 14:05:34.338,0.96092,0.96104,1.00,1.00
2015.10.12 14:05:34.441,0.96091,0.96105,1.12,2.25
2015.10.12 14:05:34.952,0.96091,0.96105,1.12,1.12
2015.10.12 14:05:35.605,0.96091,0.96104,1.12,1.00
2015.10.12 14:05:42.876,0.96091,0.96106,1.12,1.50
2015.10.12 14:05:47.802,0.96096,0.96109,1.37,1.75
2015.10.12 14:05:47.955,0.96097,0.96111,1.75,1.75
2015.10.12 14:05:48.464,0.96097,0.96111,1.37,1.75
2015.10.12 14:05:51.554,0.96096,0.9611,1.87,1.50
2015.10.12 14:05:54.455,0.96099,0.9611,1.00,1.37
2015.10.12 14:05:54.761,0.96093,0.96104,1.00,1.00
2015.10.12 14:05:54.969,0.96093,0.96102,1.00,1.00
2015.10.12 14:05:55.477,0.96093,0.96103,1.00,1.00
2015.10.12 14:05:57.410,0.96089,0.96103,1.12,1.37
2015.10.12 14:05:57.761,0.96086,0.96099,1.37,1.00
2015.10.12 14:05:58.272,0.96085,0.96099,1.87,1.12
2015.10.12 14:05:58.785,0.96086,0.96099,1.75,1.37
2015.10.12 14:05:59.295,0.96085,0.961,3.00,1.75
2015.10.12 14:06:03.520,0.96085,0.96099,3.37,1.00
2015.10.12 14:06:03.864,0.96098,0.96108,1.87,1.12
2015.10.12 14:06:03.969,0.96098,0.9611,2.62,1.75
2015.10.12 14:06:04.021,0.96101,0.9611,1.12,1.37
2015.10.12 14:06:04.072,0.96101,0.96115,1.12,3.37
2015.10.12 14:06:04.226,0.96103,0.96115,1.00,1.12
2015.10.12 14:06:04.379,0.96107,0.9612,1.12,1.75
2015.10.12 14:06:04.432,0.96107,0.9612,1.37,1.75
2015.10.12 14:06:04.535,0.96108,0.9612,1.37,1.12
2015.10.12 14:06:06.593,0.96109,0.96122,1.87,1.12
2015.10.12 14:06:12.448,0.96108,0.96122,1.12,1.12
2015.10.12 14:06:13.236,0.96108,0.96123,1.50,2.05
2015.10.12 14:06:17.947,0.96108,0.96121,1.12,1.12
2015.10.12 14:06:18.492,0.96107,0.9612,1.50,1.75
2015.10.12 14:06:20.208,0.96108,0.96123,1.50,1.12
2015.10.12 14:06:20.776,0.96108,0.96123,2.62,1.12
2015.10.12 14:06:20.928,0.9611,0.96125,2.10,1.87
2015.10.12 14:06:21.152,0.96115,0.96126,1.50,1.12
2015.10.12 14:06:21.203,0.96115,0.9613,2.25,1.75
2015.10.12 14:06:21.716,0.96114,0.96128,1.87,1.12
2015.10.12 14:06:21.831,0.96113,0.96125,1.12,1.00
2015.10.12 14:06:22.018,0.96108,0.96123,1.75,2.85
2015.10.12 14:06:22.374,0.96107,0.96118,1.75,1.00
2015.10.12 14:06:22.957,0.96108,0.96122,1.50,1.75
2015.10.12 14:06:24.225,0.96108,0.96122,1.75,1.75
2015.10.12 14:06:26.553,0.96109,0.96122,1.50,1.87
2015.10.12 14:06:27.225,0.96107,0.96121,1.75,1.75
2015.10.12 14:06:27.530,0.96106,0.96118,1.50,1.50
2015.10.12 14:06:27.836,0.96101,0.96115,2.25,1.75
2015.10.12 14:06:28.351,0.96101,0.96115,1.75,1.50
2015.10.12 14:06:31.104,0.96103,0.96114,1.00,1.37
2015.10.12 14:06:31.409,0.96098,0.96113,2.25,1.75
2015.10.12 14:06:33.100,0.96098,0.96112,3.37,1.00
2015.10.12 14:06:33.739,0.961,0.96115,1.75,2.25
2015.10.12 14:06:42.897,0.96101,0.96116,2.25,1.50
2015.10.12 14:06:42.948,0.96104,0.96116,1.00,1.50
2015.10.12 14:06:53.039,0.96101,0.96116,1.75,3.00
2015.10.12 14:06:53.294,0.96101,0.96116,1.87,3.00
2015.10.12 14:06:57.124,0.96107,0.96119,1.12,1.75
2015.10.12 14:06:57.302,0.9611,0.96122,1.00,1.00
2015.10.12 14:06:57.354,0.9611,0.96125,1.50,2.25
2015.10.12 14:06:57.405,0.96112,0.96124,1.00,1.00
2015.10.12 14:06:57.558,0.96112,0.96126,1.12,1.12
2015.10.12 14:06:58.168,0.96114,0.96126,1.50,1.00
2015.10.12 14:06:58.431,0.96115,0.9613,1.37,2.62
2015.10.12 14:06:58.534,0.96115,0.9613,1.50,2.25
2015.10.12 14:07:00.459,0.96117,0.96131,1.37,2.25
2015.10.12 14:07:00.511,0.96117,0.96131,1.12,1.87
2015.10.12 14:07:01.954,0.96119,0.96132,1.75,1.00
2015.10.12 14:07:02.158,0.9612,0.96134,1.87,1.50
2015.10.12 14:07:02.464,0.96116,0.9613,1.87,1.12
2015.10.12 14:07:02.812,0.96118,0.96128,1.00,1.00
2015.10.12 14:07:07.348,0.96118,0.96129,1.00,1.00
2015.10.12 14:07:07.859,0.96118,0.96128,1.00,1.00
2015.10.12 14:07:08.409,0.96118,0.96127,1.00,1.00
2015.10.12 14:07:09.374,0.96113,0.96127,1.12,1.37
2015.10.12 14:07:09.902,0.96112,0.96127,1.12,1.50
2015.10.12 14:07:12.333,0.96112,0.96125,1.12,1.00
2015.10.12 14:07:13.276,0.96115,0.96123,1.00,1.00
2015.10.12 14:07:13.429,0.96108,0.96122,1.75,1.87
2015.10.12 14:07:13.480,0.96109,0.96122,1.00,1.87
2015.10.12 14:07:21.469,0.96105,0.96118,1.12,1.00
2015.10.12 14:07:22.303,0.96105,0.96117,1.12,1.00
2015.10.12 14:07:22.507,0.96107,0.96117,1.00,1.12
2015.10.12 14:07:24.882,0.96105,0.96119,1.87,1.50
2015.10.12 14:07:25.392,0.96105,0.9612,1.75,1.75
2015.10.12 14:07:33.119,0.96105,0.96119,1.87,1.00
2015.10.12 14:07:38.523,0.96106,0.9612,1.87,1.00
2015.10.12 14:07:39.572,0.96106,0.9612,1.12,1.50
2015.10.12 14:07:39.623,0.96105,0.9612,1.75,1.75
2015.10.12 14:07:42.628,0.96106,0.96121,1.87,1.75
2015.10.12 14:07:43.142,0.96106,0.96121,1.87,1.37
2015.10.12 14:07:46.465,0.96106,0.96121,1.75,1.50
2015.10.12 14:07:46.771,0.96104,0.96119,1.75,1.12
2015.10.12 14:07:46.873,0.96103,0.96118,1.87,1.50
2015.10.12 14:07:51.714,0.96103,0.96116,1.12,1.00
2015.10.12 14:07:51.972,0.96097,0.96113,1.75,1.75
2015.10.12 14:07:59.907,0.96098,0.96112,1.12,1.12
2015.10.12 14:08:10.201,0.96101,0.96113,1.75,1.37
2015.10.12 14:08:10.315,0.96101,0.96115,1.12,1.87
2015.10.12 14:08:10.423,0.96104,0.96117,1.75,1.12
2015.10.12 14:08:10.728,0.96106,0.96121,1.75,2.25
2015.10.12 14:08:13.159,0.96107,0.9612,1.37,1.75
2015.10.12 14:08:16.150,0.96107,0.96122,1.87,1.87
2015.10.12 14:08:16.656,0.96106,0.96121,1.75,1.75
2015.10.12 14:08:23.216,0.96105,0.96121,1.87,1.50
2015.10.12 14:08:35.154,0.96105,0.9612,1.87,1.75
2015.10.12 14:08:35.205,0.96105,0.9612,1.75,1.75
2015.10.12 14:08:35.511,0.96103,0.96115,1.12,1.00
2015.10.12 14:08:35.716,0.96098,0.96113,2.62,2.25
2015.10.12 14:08:35.818,0.96098,0.96113,1.75,3.00
2015.10.12 14:08:39.123,0.96095,0.9611,2.62,1.37
2015.10.12 14:08:39.437,0.96095,0.96107,1.50,2.25
2015.10.12 14:08:39.743,0.96091,0.96104,2.25,1.75
2015.10.12 14:08:43.402,0.96093,0.96104,1.00,1.75
2015.10.12 14:08:44.554,0.96093,0.96106,1.50,3.00
2015.10.12 14:08:53.145,0.96093,0.96106,1.12,2.25
2015.10.12 14:09:07.071,0.96092,0.96105,1.75,1.50
2015.10.12 14:09:10.064,0.96094,0.96107,1.87,1.50
2015.10.12 14:09:10.115,0.96096,0.96109,1.50,1.75
2015.10.12 14:09:10.166,0.96096,0.96112,2.62,1.87
2015.10.12 14:09:10.218,0.96096,0.96113,3.37,3.00
2015.10.12 14:09:10.727,0.96098,0.96113,1.75,2.25
2015.10.12 14:09:13.239,0.96097,0.96113,3.00,1.75
2015.10.12 14:09:26.000,0.96096,0.96109,1.12,1.00
2015.10.12 14:09:26.051,0.96094,0.96108,1.75,2.85
2015.10.12 14:09:26.153,0.96091,0.96106,1.87,2.25
2015.10.12 14:09:26.255,0.96093,0.96105,1.00,1.00
2015.10.12 14:09:26.358,0.96091,0.96106,1.75,2.25
2015.10.12 14:09:27.760,0.96093,0.96105,1.00,1.12
2015.10.12 14:09:27.863,0.96093,0.96108,2.25,2.25
2015.10.12 14:09:27.965,0.96096,0.96108,1.00,1.50
2015.10.12 14:09:29.542,0.96096,0.96108,1.50,1.00
2015.10.12 14:09:32.404,0.96097,0.96107,1.00,1.12
2015.10.12 14:09:32.710,0.96094,0.96106,1.00,2.25
2015.10.12 14:09:33.061,0.96089,0.961,1.75,1.00
2015.10.12 14:09:33.164,0.96086,0.961,1.12,1.12
2015.10.12 14:09:33.674,0.96086,0.96099,1.12,1.00
2015.10.12 14:09:34.392,0.96086,0.961,1.12,1.87
2015.10.12 14:09:35.429,0.96085,0.961,1.87,1.87
2015.10.12 14:09:35.970,0.96086,0.961,1.75,2.25
2015.10.12 14:09:38.135,0.96084,0.96097,1.12,1.00
2015.10.12 14:09:38.391,0.96081,0.96095,1.12,1.12
2015.10.12 14:09:38.543,0.96081,0.96093,1.12,1.00
2015.10.12 14:09:38.658,0.96079,0.96093,1.12,1.12
2015.10.12 14:09:39.166,0.96079,0.96092,1.87,1.00
2015.10.12 14:09:39.686,0.96079,0.96091,1.12,1.00
2015.10.12 14:09:39.792,0.96078,0.96091,1.75,1.12
2015.10.12 14:09:41.494,0.96079,0.96092,1.12,1.00
2015.10.12 14:09:42.009,0.96079,0.96093,1.12,1.12
2015.10.12 14:09:49.191,0.96082,0.96096,1.75,1.50
2015.10.12 14:09:50.518,0.96082,0.96094,1.00,1.00
2015.10.12 14:09:50.620,0.9608,0.96093,1.50,1.75
2015.10.12 14:09:55.916,0.96076,0.96091,1.87,1.50
2015.10.12 14:09:56.182,0.9608,0.96092,1.50,1.00
2015.10.12 14:09:58.304,0.96081,0.96092,1.00,1.00
2015.10.12 14:09:58.829,0.96082,0.96092,1.00,1.00
2015.10.12 14:09:59.340,0.96081,0.96092,1.00,1.00
2015.10.12 14:09:59.889,0.9608,0.96092,1.00,1.00
2015.10.12 14:10:00.550,0.96077,0.96092,3.00,1.75
2015.10.12 14:10:01.087,0.96075,0.96089,2.25,1.50
2015.10.12 14:10:01.546,0.96076,0.9609,1.75,1.50
2015.10.12 14:10:02.345,0.96074,0.96088,3.37,1.12
2015.10.12 14:10:02.709,0.96073,0.96088,2.25,1.75
2015.10.12 14:10:03.269,0.96074,0.96088,1.75,1.50
2015.10.12 14:10:04.500,0.96075,0.9609,2.25,1.75
2015.10.12 14:10:04.805,0.96076,0.9609,1.12,1.12
2015.10.12 14:10:05.362,0.96075,0.9609,1.75,1.75
2015.10.12 14:10:05.871,0.96075,0.96089,1.75,1.50
2015.10.12 14:10:08.223,0.96079,0.96092,1.00,1.12
2015.10.12 14:10:08.916,0.96078,0.96092,1.12,1.12
2015.10.12 14:10:10.659,0.96077,0.96092,2.25,1.75
2015.10.12 14:10:13.172,0.96079,0.96092,1.12,1.75
2015.10.12 14:10:16.566,0.96079,0.96093,1.75,1.75
2015.10.12 14:10:16.877,0.9608,0.96095,1.75,2.25
2015.10.12 14:10:17.387,0.9608,0.96096,1.87,3.00
2015.10.12 14:10:17.953,0.9608,0.96096,1.75,3.00
2015.10.12 14:10:23.754,0.96079,0.96094,1.12,3.00
2015.10.12 14:10:23.805,0.96077,0.96094,2.62,3.00
2015.10.12 14:10:26.517,0.96078,0.96092,1.12,1.12
2015.10.12 14:10:36.023,0.96082,0.96096,1.37,2.25
2015.10.12 14:10:36.074,0.96082,0.96096,1.75,1.50
2015.10.12 14:10:38.955,0.96084,0.96096,1.00,1.50
2015.10.12 14:10:39.622,0.96083,0.96096,1.00,1.75
2015.10.12 14:10:40.130,0.96078,0.96092,1.87,1.12
2015.10.12 14:10:44.012,0.96083,0.96096,1.00,1.12
2015.10.12 14:10:44.114,0.96083,0.96095,1.50,1.00
2015.10.12 14:10:44.573,0.96083,0.96095,1.00,1.50
2015.10.12 14:10:48.289,0.96083,0.96094,1.37,1.00
2015.10.12 14:10:49.398,0.96083,0.96097,1.00,3.37
2015.10.12 14:10:50.010,0.96082,0.96097,2.85,3.00
2015.10.12 14:10:50.788,0.9608,0.96094,1.75,1.37
2015.10.12 14:10:50.839,0.96081,0.96092,1.00,1.00
2015.10.12 14:10:51.043,0.96078,0.96092,2.25,1.75
2015.10.12 14:10:55.766,0.96076,0.9609,1.75,1.87
2015.10.12 14:10:55.919,0.96072,0.96083,1.00,1.00
2015.10.12 14:10:56.682,0.96072,0.96082,1.00,1.00
2015.10.12 14:11:01.621,0.96072,0.96084,1.00,2.25
2015.10.12 14:11:04.286,0.96071,0.96085,1.12,2.25
2015.10.12 14:11:04.490,0.96076,0.96091,2.62,1.37
2015.10.12 14:11:04.643,0.96078,0.96092,1.12,1.12
2015.10.12 14:11:06.120,0.96078,0.96092,1.75,1.37
2015.10.12 14:11:06.171,0.96079,0.96091,1.00,1.00
2015.10.12 14:11:09.878,0.96079,0.9609,1.00,1.00
2015.10.12 14:11:11.443,0.96079,0.96091,1.00,1.00
2015.10.12 14:11:11.495,0.96078,0.96092,1.75,1.50
2015.10.12 14:11:12.013,0.96079,0.96093,1.50,1.75
2015.10.12 14:11:25.762,0.96079,0.9609,1.12,1.87
2015.10.12 14:11:25.813,0.96073,0.96088,2.62,2.25
2015.10.12 14:11:25.865,0.96073,0.96086,1.75,1.37
2015.10.12 14:11:25.916,0.9607,0.96085,1.87,2.25
2015.10.12 14:11:25.968,0.9607,0.96085,1.75,2.62
2015.10.12 14:11:26.019,0.9607,0.96085,1.50,3.37
2015.10.12 14:11:26.947,0.9607,0.96078,1.00,1.00
2015.10.12 14:11:27.101,0.96062,0.96076,1.75,3.00
2015.10.12 14:11:27.153,0.9606,0.96073,1.12,1.12
2015.10.12 14:11:27.307,0.96059,0.96071,1.00,1.50
2015.10.12 14:11:27.358,0.96059,0.96071,1.00,1.50
2015.10.12 14:11:27.971,0.96057,0.9607,1.75,1.00
2015.10.12 14:11:29.449,0.96059,0.96074,1.75,1.75
2015.10.12 14:11:33.161,0.96059,0.96072,1.75,1.00
2015.10.12 14:11:35.170,0.96061,0.96075,1.00,2.62
2015.10.12 14:11:39.184,0.96061,0.96075,1.37,1.75
2015.10.12 14:11:39.697,0.96061,0.96076,1.75,1.75
2015.10.12 14:11:46.952,0.96064,0.96077,1.00,1.87
2015.10.12 14:11:47.157,0.96068,0.96083,2.25,1.75
2015.10.12 14:11:47.614,0.96072,0.96086,1.37,1.75
2015.10.12 14:11:48.121,0.96072,0.96087,2.25,2.25
2015.10.12 14:11:50.333,0.96072,0.96084,1.50,1.00
2015.10.12 14:11:58.332,0.96074,0.96084,1.00,1.00
2015.10.12 14:11:58.639,0.96079,0.96092,1.37,1.12
2015.10.12 14:11:58.759,0.96079,0.96094,1.12,1.87
2015.10.12 14:11:59.268,0.96079,0.96094,1.87,1.87
2015.10.12 14:12:13.163,0.96079,0.96094,1.37,2.62
2015.10.12 14:12:14.600,0.9608,0.96094,1.75,1.75
2015.10.12 14:12:27.355,0.96081,0.96094,1.50,1.75
2015.10.12 14:12:31.947,0.96079,0.96094,1.75,4.12
2015.10.12 14:12:32.203,0.96076,0.96091,2.25,1.75
2015.10.12 14:12:32.916,0.96076,0.96088,1.12,1.50
2015.10.12 14:12:33.082,0.96071,0.96086,2.25,1.50
2015.10.12 14:12:34.309,0.96073,0.96088,1.75,2.62
2015.10.12 14:12:34.413,0.96073,0.96088,1.75,2.25
2015.10.12 14:12:35.125,0.96074,0.96088,1.50,2.25
2015.10.12 14:12:37.654,0.9608,0.96093,1.00,3.37
2015.10.12 14:12:37.861,0.9608,0.96094,1.75,2.25
2015.10.12 14:12:38.853,0.96081,0.96094,1.75,1.50
2015.10.12 14:12:46.108,0.9608,0.96095,2.25,1.75
2015.10.12 14:12:51.019,0.96082,0.96096,2.25,1.75
2015.10.12 14:12:51.071,0.96085,0.96098,1.37,1.75
2015.10.12 14:12:51.122,0.96085,0.96098,1.75,1.12
2015.10.12 14:12:51.233,0.96088,0.961,1.00,2.25
2015.10.12 14:12:51.451,0.96087,0.961,1.37,2.25
2015.10.12 14:12:51.757,0.96082,0.96098,1.75,2.25
2015.10.12 14:12:53.183,0.96083,0.96097,1.50,1.75
2015.10.12 14:13:13.122,0.96081,0.96096,2.25,1.75
2015.10.12 14:13:17.983,0.96086,0.96097,1.00,2.62
2015.10.12 14:13:18.136,0.96087,0.96102,1.75,3.00
2015.10.12 14:13:18.238,0.96088,0.96102,1.75,1.37
2015.10.12 14:13:27.209,0.96089,0.96104,1.50,3.37
2015.10.12 14:13:31.798,0.96086,0.96101,1.75,1.75
2015.10.12 14:13:32.104,0.96084,0.96096,1.12,1.75
2015.10.12 14:13:32.437,0.96079,0.96092,2.25,1.37
2015.10.12 14:13:36.624,0.96082,0.96096,1.37,1.75
2015.10.12 14:13:37.174,0.96083,0.96096,1.50,1.75
2015.10.12 14:13:45.939,0.96083,0.96098,2.10,3.37
2015.10.12 14:13:45.990,0.96084,0.96098,1.35,1.75
2015.10.12 14:13:46.092,0.96086,0.96101,1.75,2.25
2015.10.12 14:13:46.405,0.96089,0.96103,1.50,1.75
2015.10.12 14:13:53.212,0.96087,0.96102,2.25,1.75
2015.10.12 14:14:02.705,0.96089,0.96103,1.50,2.25
2015.10.12 14:14:08.940,0.96086,0.96101,2.25,2.25
2015.10.12 14:14:14.711,0.96086,0.96098,1.75,1.00
2015.10.12 14:14:14.851,0.96082,0.96095,1.50,1.75
2015.10.12 14:14:15.376,0.96079,0.96094,1.75,1.75
2015.10.12 14:14:33.305,0.9608,0.96095,1.75,3.00
2015.10.12 14:14:53.129,0.96081,0.96094,1.50,1.37
2015.10.12 14:14:59.899,0.96078,0.96093,1.75,2.25
2015.10.12 14:15:00.420,0.9608,0.96093,1.12,1.75
2015.10.12 14:15:01.030,0.96079,0.96093,2.25,1.75
2015.10.12 14:15:01.569,0.96079,0.96093,1.50,1.50
2015.10.12 14:15:03.139,0.96081,0.96093,1.00,1.50
2015.10.12 14:15:03.734,0.96081,0.96093,1.50,1.50
2015.10.12 14:15:08.019,0.96081,0.96093,1.12,1.50
2015.10.12 14:15:09.289,0.9608,0.96093,1.12,1.75
2015.10.12 14:15:11.998,0.96079,0.96093,1.50,1.87
2015.10.12 14:15:13.834,0.96078,0.9609,1.00,1.50
2015.10.12 14:15:14.141,0.9607,0.96085,3.75,1.50
2015.10.12 14:15:15.119,0.96073,0.96086,1.00,1.12
2015.10.12 14:15:15.649,0.96072,0.96082,1.00,1.00
2015.10.12 14:15:16.204,0.96071,0.96085,1.12,1.87
2015.10.12 14:15:17.015,0.96072,0.96085,1.00,1.12
2015.10.12 14:15:17.528,0.9607,0.96084,1.50,1.75
2015.10.12 14:15:17.835,0.9607,0.96083,1.00,1.87
2015.10.12 14:15:18.359,0.96068,0.96082,1.50,1.12
2015.10.12 14:15:22.210,0.96066,0.96081,2.62,1.50
2015.10.12 14:15:30.184,0.96066,0.96078,1.12,1.00
2015.10.12 14:15:30.337,0.96063,0.96076,1.30,1.75
2015.10.12 14:15:30.891,0.9606,0.96075,2.62,1.50
2015.10.12 14:15:37.417,0.9606,0.96073,1.87,1.00
2015.10.12 14:15:37.519,0.96058,0.96072,2.62,1.12
2015.10.12 14:15:37.736,0.96058,0.9607,1.12,1.00
2015.10.12 14:15:37.940,0.96056,0.96069,1.12,1.00
2015.10.12 14:15:38.149,0.96054,0.96068,1.12,1.12
2015.10.12 14:15:38.302,0.96054,0.96066,1.12,1.00
2015.10.12 14:15:38.803,0.96053,0.96066,1.87,1.00
2015.10.12 14:15:39.312,0.96053,0.96069,2.62,1.75
2015.10.12 14:15:39.631,0.96058,0.96073,1.75,1.75
2015.10.12 14:15:39.937,0.96059,0.96074,1.87,1.50
2015.10.12 14:15:58.303,0.96059,0.96072,1.12,1.50
2015.10.12 14:15:58.655,0.96058,0.96072,2.25,1.75
2015.10.12 14:16:00.727,0.96059,0.96072,1.00,2.25
2015.10.12 14:16:03.228,0.96058,0.9607,1.50,1.00
2015.10.12 14:16:06.658,0.96059,0.96068,1.00,1.50
2015.10.12 14:16:06.857,0.96053,0.96068,1.50,2.62
2015.10.12 14:16:07.825,0.96053,0.96065,1.37,1.12
2015.10.12 14:16:08.124,0.96064,0.96077,1.12,1.75
2015.10.12 14:16:13.233,0.96062,0.96077,1.75,2.25
2015.10.12 14:16:13.899,0.96065,0.96079,1.50,1.37
2015.10.12 14:16:13.951,0.96067,0.96079,1.50,1.00
2015.10.12 14:16:14.053,0.96067,0.96081,2.25,1.75
2015.10.12 14:16:15.006,0.9607,0.96082,1.00,2.25
2015.10.12 14:16:26.130,0.96067,0.96082,1.75,3.60
2015.10.12 14:16:27.130,0.96066,0.96079,2.62,1.00
2015.10.12 14:16:35.611,0.96067,0.96081,1.75,1.50
2015.10.12 14:16:36.482,0.96069,0.96083,1.75,2.85
2015.10.12 14:16:36.999,0.9607,0.96083,1.75,1.50
2015.10.12 14:16:37.610,0.96068,0.96081,2.25,1.12
2015.10.12 14:16:37.915,0.96067,0.96076,1.12,1.00
2015.10.12 14:16:38.017,0.96065,0.96077,1.12,2.25
2015.10.12 14:16:38.277,0.96066,0.96077,1.50,1.12
2015.10.12 14:16:38.785,0.96065,0.96078,1.50,1.75
2015.10.12 14:16:39.191,0.96067,0.96078,1.50,1.12
2015.10.12 14:16:39.497,0.96065,0.96077,1.12,1.75
2015.10.12 14:16:39.917,0.9606,0.96074,1.75,1.37
2015.10.12 14:16:40.223,0.9606,0.96073,1.50,2.25
2015.10.12 14:16:40.529,0.96062,0.96076,1.37,1.75
2015.10.12 14:16:41.038,0.96062,0.96076,2.25,1.75
2015.10.12 14:16:41.395,0.96062,0.96074,1.50,1.50
2015.10.12 14:16:41.700,0.96062,0.96074,1.75,1.87
2015.10.12 14:16:42.199,0.96065,0.96077,1.50,1.50
2015.10.12 14:16:42.750,0.96065,0.96075,1.50,1.00
2015.10.12 14:16:43.394,0.96064,0.96076,1.75,1.12
2015.10.12 14:16:43.599,0.96064,0.96075,1.00,1.50
2015.10.12 14:16:45.531,0.96064,0.96075,1.00,1.50
2015.10.12 14:16:47.937,0.96062,0.96074,1.50,1.00
2015.10.12 14:16:48.395,0.96064,0.96075,1.12,1.37
2015.10.12 14:16:48.707,0.96066,0.96075,1.00,1.12
2015.10.12 14:16:49.218,0.96065,0.96077,1.50,1.37
2015.10.12 14:16:49.522,0.96065,0.96078,1.50,1.72
2015.10.12 14:16:49.835,0.96064,0.96076,1.50,2.25
2015.10.12 14:16:50.343,0.96061,0.96074,1.75,1.12
2015.10.12 14:16:50.648,0.9606,0.96072,1.75,1.12
2015.10.12 14:16:50.751,0.9606,0.96072,1.50,2.25
2015.10.12 14:16:50.852,0.9606,0.96072,1.12,2.25
2015.10.12 14:16:51.875,0.96058,0.9607,1.37,1.75
2015.10.12 14:16:51.977,0.96056,0.96068,1.00,1.00
2015.10.12 14:16:52.480,0.96054,0.96067,1.75,1.50
2015.10.12 14:16:52.990,0.96054,0.96066,1.50,1.50
2015.10.12 14:16:53.673,0.96054,0.96068,1.75,1.50
2015.10.12 14:16:53.727,0.96055,0.96068,1.75,1.50
2015.10.12 14:16:54.083,0.96054,0.96067,1.12,2.25
2015.10.12 14:16:55.968,0.96054,0.96066,1.50,1.37
2015.10.12 14:16:56.072,0.96054,0.96066,1.50,1.00
2015.10.12 14:16:56.531,0.96057,0.96069,1.50,1.50
2015.10.12 14:16:56.835,0.96056,0.96069,1.12,1.75
2015.10.12 14:16:57.883,0.96055,0.9607,2.25,2.62
2015.10.12 14:16:57.936,0.96056,0.96071,1.75,3.00
2015.10.12 14:16:58.493,0.96056,0.96069,1.75,2.25
2015.10.12 14:17:04.673,0.96059,0.96069,1.00,1.50
2015.10.12 14:17:05.320,0.96058,0.96069,1.12,1.50
2015.10.12 14:17:05.856,0.96059,0.96069,1.00,1.50
2015.10.12 14:17:06.439,0.9606,0.96069,1.00,1.50
2015.10.12 14:17:07.002,0.96059,0.96069,1.00,1.50
2015.10.12 14:17:07.946,0.96059,0.96071,1.12,3.00
2015.10.12 14:17:08.150,0.96056,0.96069,1.12,1.50
2015.10.12 14:17:08.609,0.96055,0.96068,1.37,1.50
2015.10.12 14:17:09.118,0.96053,0.96067,1.75,1.75
2015.10.12 14:17:09.645,0.96053,0.96067,1.50,1.75
2015.10.12 14:17:16.688,0.96053,0.96065,1.00,1.50
2015.10.12 14:17:29.759,0.96049,0.96064,3.37,3.60
2015.10.12 14:17:29.964,0.96045,0.96059,1.87,2.62
2015.10.12 14:17:30.422,0.96046,0.96059,1.37,2.62
2015.10.12 14:17:30.473,0.96046,0.96059,1.50,2.25
2015.10.12 14:17:33.648,0.96048,0.9606,1.00,1.75
2015.10.12 14:17:33.699,0.9605,0.96061,1.00,1.12
2015.10.12 14:17:33.750,0.9605,0.96063,1.00,1.12
2015.10.12 14:17:33.852,0.96052,0.96063,1.12,1.75
2015.10.12 14:17:34.157,0.96054,0.96066,1.00,2.62
2015.10.12 14:17:34.522,0.96052,0.96066,2.25,1.12
2015.10.12 14:17:34.573,0.96054,0.96069,1.50,3.37
2015.10.12 14:17:34.856,0.96056,0.96068,1.00,1.00
2015.10.12 14:17:35.061,0.96057,0.96072,2.25,2.25
2015.10.12 14:17:35.366,0.9606,0.96075,2.25,1.75
2015.10.12 14:17:45.820,0.96057,0.9607,1.75,1.12
2015.10.12 14:17:50.203,0.96058,0.96072,1.75,1.50
2015.10.12 14:17:50.710,0.96058,0.9607,1.50,1.12
2015.10.12 14:17:53.618,0.96056,0.96069,1.87,1.00
2015.10.12 14:17:53.821,0.96053,0.96067,1.75,1.75
2015.10.12 14:17:54.346,0.96052,0.96066,2.25,1.75
2015.10.12 14:17:54.498,0.96054,0.96068,1.75,1.75
2015.10.12 14:17:56.572,0.96057,0.9607,1.00,1.12
2015.10.12 14:17:56.724,0.96058,0.9607,1.00,1.00
2015.10.12 14:18:13.167,0.96057,0.96071,1.50,1.75
2015.10.12 14:18:19.441,0.96059,0.96071,1.00,1.75
2015.10.12 14:18:20.255,0.96059,0.96072,1.12,1.75
2015.10.12 14:18:20.813,0.96059,0.96072,1.00,1.87
2015.10.12 14:18:23.835,0.96063,0.9607,1.00,1.00
2015.10.12 14:18:23.937,0.96063,0.96072,1.00,1.00
2015.10.12 14:18:24.191,0.96061,0.96072,1.00,1.00
2015.10.12 14:18:25.456,0.96063,0.96072,1.00,1.00
2015.10.12 14:18:26.042,0.96064,0.96075,1.00,1.87
2015.10.12 14:18:26.575,0.96063,0.96075,1.50,1.12
2015.10.12 14:18:28.092,0.96063,0.96076,1.00,1.87
2015.10.12 14:18:28.397,0.96065,0.96076,1.00,1.12
2015.10.12 14:18:35.050,0.96065,0.96074,1.00,1.12
2015.10.12 14:18:37.045,0.96061,0.96072,1.00,1.50
2015.10.12 14:18:44.359,0.96061,0.96072,1.00,1.75
2015.10.12 14:18:44.413,0.96059,0.96067,1.00,1.37
2015.10.12 14:18:44.820,0.96058,0.96065,1.00,1.75
2015.10.12 14:18:44.973,0.96052,0.96064,1.00,2.62
2015.10.12 14:18:45.513,0.96052,0.96062,1.00,1.75
2015.10.12 14:18:50.570,0.96052,0.96063,1.00,2.25
2015.10.12 14:18:51.078,0.96052,0.96063,1.00,1.50
2015.10.12 14:18:51.983,0.96051,0.96065,1.12,3.37
2015.10.12 14:18:52.340,0.96053,0.96064,1.00,1.75
2015.10.12 14:18:52.752,0.96056,0.96066,1.00,1.75
2015.10.12 14:18:53.059,0.96058,0.96068,1.00,1.12
2015.10.12 14:18:53.161,0.96058,0.96069,1.00,1.75
2015.10.12 14:18:53.314,0.96058,0.96072,1.37,1.75
2015.10.12 14:18:53.365,0.96059,0.96071,1.00,1.00
2015.10.12 14:18:53.670,0.96061,0.96071,1.00,1.00
2015.10.12 14:18:53.802,0.96059,0.96071,3.00,1.00
2015.10.12 14:18:54.311,0.9606,0.96072,1.00,1.87
2015.10.12 14:18:54.820,0.9606,0.96072,1.00,1.75
2015.10.12 14:18:55.360,0.96058,0.96072,1.37,1.75
2015.10.12 14:18:57.698,0.96059,0.96073,1.50,2.25
2015.10.12 14:19:03.161,0.96058,0.96073,3.00,1.75
2015.10.12 14:19:07.538,0.9606,0.96074,2.62,1.75
2015.10.12 14:19:07.845,0.96075,0.96079,1.50,1.00
2015.10.12 14:19:07.897,0.96075,0.96087,1.50,1.12
2015.10.12 14:19:07.999,0.96077,0.96087,1.50,1.75
2015.10.12 14:19:08.213,0.96084,0.96094,1.00,1.87
2015.10.12 14:19:08.265,0.96084,0.96094,1.00,2.25
2015.10.12 14:19:08.316,0.96082,0.96094,1.00,1.75
2015.10.12 14:19:08.469,0.96078,0.96089,2.25,1.00
2015.10.12 14:19:08.978,0.96078,0.96088,1.75,1.00
2015.10.12 14:19:09.182,0.9608,0.96091,1.50,1.12
2015.10.12 14:19:12.463,0.96082,0.96094,1.50,1.50
2015.10.12 14:19:12.770,0.96086,0.961,1.75,1.75
2015.10.12 14:19:13.278,0.96087,0.96103,1.75,1.75
2015.10.12 14:19:14.037,0.96085,0.96099,2.62,1.12
2015.10.12 14:19:14.343,0.96081,0.96094,1.75,1.37
2015.10.12 14:19:14.844,0.96081,0.96094,1.75,1.50
2015.10.12 14:19:20.320,0.9608,0.96091,1.75,1.00
2015.10.12 14:19:20.530,0.96079,0.96091,1.75,1.12
2015.10.12 14:19:20.683,0.96077,0.96087,1.87,1.00
2015.10.12 14:19:20.734,0.96075,0.96087,2.25,1.00
2015.10.12 14:19:20.887,0.96073,0.96085,1.12,1.00
2015.10.12 14:19:21.041,0.96071,0.96084,1.75,1.87
2015.10.12 14:19:21.195,0.96071,0.96082,1.75,1.00
2015.10.12 14:19:21.717,0.9607,0.96082,1.75,1.87
2015.10.12 14:19:24.758,0.96072,0.96083,1.00,1.50
2015.10.12 14:19:29.226,0.96073,0.96083,1.00,1.75
2015.10.12 14:19:32.185,0.96072,0.96083,1.00,1.75
2015.10.12 14:19:33.134,0.96072,0.96083,1.00,1.75
2015.10.12 14:19:34.293,0.96072,0.9608,1.00,1.37
2015.10.12 14:19:34.430,0.96067,0.9608,1.67,1.75
2015.10.12 14:19:37.718,0.96064,0.96077,3.00,1.50
2015.10.12 14:19:38.023,0.96063,0.96076,1.50,1.75
2015.10.12 14:19:38.786,0.96065,0.96076,1.00,1.75
2015.10.12 14:19:40.317,0.96068,0.96076,1.00,1.75
2015.10.12 14:19:40.622,0.96069,0.96077,1.00,1.50
2015.10.12 14:19:41.149,0.96069,0.9608,1.00,1.75
2015.10.12 14:19:42.549,0.96069,0.96082,1.00,1.12
2015.10.12 14:19:42.651,0.96069,0.96083,2.25,2.25
2015.10.12 14:19:42.906,0.9607,0.96084,1.37,3.00
2015.10.12 14:19:42.958,0.9607,0.96084,1.75,3.00
2015.10.12 14:19:43.110,0.9607,0.96084,1.50,3.00
2015.10.12 14:19:43.417,0.96083,0.9609,1.00,1.00
2015.10.12 14:19:43.520,0.96083,0.96092,1.00,1.12
2015.10.12 14:19:43.677,0.96081,0.96093,1.00,2.25
2015.10.12 14:19:44.186,0.9608,0.96094,1.50,2.25
2015.10.12 14:19:44.694,0.96078,0.96093,2.25,1.75
2015.10.12 14:19:45.979,0.96078,0.96089,2.25,1.00
2015.10.12 14:19:46.287,0.96071,0.96083,1.12,1.75
2015.10.12 14:19:46.442,0.96072,0.9608,2.10,1.00
2015.10.12 14:19:46.546,0.96075,0.96087,1.35,2.25
2015.10.12 14:19:46.597,0.96075,0.96085,1.30,1.37
2015.10.12 14:19:47.112,0.96075,0.96087,1.30,2.25
2015.10.12 14:19:48.716,0.96074,0.96089,1.50,3.00
2015.10.12 14:19:49.310,0.96074,0.96089,1.75,3.00
2015.10.12 14:19:49.805,0.96075,0.96089,1.12,1.12
2015.10.12 14:19:50.313,0.96077,0.96092,1.75,1.75
2015.10.12 14:19:53.132,0.96078,0.96093,2.25,2.25
2015.10.12 14:19:53.437,0.96079,0.96093,1.87,1.12
2015.10.12 14:19:54.514,0.9608,0.96094,1.75,1.75
2015.10.12 14:19:55.541,0.9608,0.96094,1.75,1.37
2015.10.12 14:19:55.745,0.96081,0.96095,1.75,3.00
2015.10.12 14:20:06.045,0.96081,0.96094,1.75,1.87
2015.10.12 14:20:06.561,0.96079,0.96092,1.75,1.12
2015.10.12 14:20:12.814,0.96079,0.96091,1.75,1.00
2015.10.12 14:20:20.126,0.96078,0.96092,2.62,1.12
2015.10.12 14:20:20.640,0.96078,0.96091,1.87,1.00
2015.10.12 14:20:20.844,0.96078,0.96091,1.75,1.50
2015.10.12 14:20:25.685,0.96078,0.96084,1.75,1.00
2015.10.12 14:20:25.737,0.96073,0.96081,1.12,1.00
2015.10.12 14:20:25.788,0.96073,0.96083,1.12,1.00
2015.10.12 14:20:25.840,0.96067,0.96082,2.62,1.50
2015.10.12 14:20:26.044,0.96067,0.9608,1.75,1.50
2015.10.12 14:20:26.937,0.96067,0.9608,1.75,1.12
2015.10.12 14:20:29.430,0.96068,0.96082,1.75,2.25
2015.10.12 14:20:30.753,0.96069,0.96084,1.87,2.25
2015.10.12 14:20:33.915,0.96077,0.96084,1.00,2.25
2015.10.12 14:20:34.170,0.96081,0.96092,1.12,2.25
2015.10.12 14:20:34.221,0.96084,0.96092,1.00,2.25
2015.10.12 14:20:34.325,0.9608,0.96092,1.75,1.87
2015.10.12 14:20:35.990,0.96081,0.96091,1.50,1.00
2015.10.12 14:20:38.099,0.96081,0.96092,1.50,1.12
2015.10.12 14:20:41.564,0.96082,0.96095,1.75,1.50
2015.10.12 14:20:44.727,0.96082,0.96092,1.75,1.00
2015.10.12 14:20:45.239,0.9608,0.96091,1.12,1.00
2015.10.12 14:20:45.291,0.96079,0.9609,1.75,1.00
2015.10.12 14:20:46.714,0.96081,0.96091,1.50,1.00
2015.10.12 14:20:50.117,0.96081,0.96091,1.12,1.12
2015.10.12 14:20:50.635,0.96081,0.96091,1.50,1.00
2015.10.12 14:20:51.145,0.96082,0.96093,1.12,1.50
2015.10.12 14:20:51.684,0.96083,0.96095,1.12,2.25
2015.10.12 14:20:53.147,0.96082,0.96093,1.12,1.50
2015.10.12 14:21:01.576,0.96083,0.96093,1.00,1.50
2015.10.12 14:21:04.006,0.96082,0.96093,1.12,1.50
2015.10.12 14:21:05.507,0.96081,0.96091,1.50,1.00
2015.10.12 14:21:11.581,0.96081,0.9609,1.50,1.00
2015.10.12 14:21:12.117,0.96081,0.96091,1.50,1.00
2015.10.12 14:21:12.787,0.9608,0.96091,1.50,1.12
2015.10.12 14:21:13.092,0.96078,0.96089,1.75,1.00
2015.10.12 14:21:13.384,0.96076,0.96087,1.12,1.50
2015.10.12 14:21:13.588,0.96074,0.96088,1.87,1.12
2015.10.12 14:21:13.997,0.96076,0.96089,2.62,1.00
2015.10.12 14:21:14.504,0.96077,0.9609,1.12,1.00
2015.10.12 14:21:16.237,0.96078,0.9609,1.75,1.12
2015.10.12 14:21:16.745,0.96078,0.96089,1.75,1.00
2015.10.12 14:21:17.286,0.96078,0.96089,1.75,1.00
2015.10.12 14:21:17.795,0.96078,0.9609,1.75,1.00
2015.10.12 14:21:19.493,0.96079,0.96091,1.75,1.87
2015.10.12 14:21:21.475,0.9608,0.9609,1.50,1.00
2015.10.12 14:21:22.137,0.96078,0.96087,1.75,1.00
2015.10.12 14:21:22.451,0.96075,0.96085,1.87,1.00
2015.10.12 14:21:22.502,0.96074,0.96085,1.75,1.12
2015.10.12 14:21:22.554,0.96074,0.96083,1.50,1.00
2015.10.12 14:21:23.063,0.96073,0.96084,1.75,1.00
2015.10.12 14:21:27.073,0.96073,0.96082,1.75,1.00
2015.10.12 14:21:27.862,0.96072,0.96083,1.75,1.00
2015.10.12 14:21:28.371,0.96072,0.96083,1.75,1.00
2015.10.12 14:21:29.618,0.96072,0.96084,1.75,1.12
2015.10.12 14:21:30.154,0.96072,0.96083,1.75,1.00
2015.10.12 14:21:30.672,0.96072,0.96082,1.75,1.00
2015.10.12 14:21:32.473,0.96068,0.96081,3.37,1.50
2015.10.12 14:21:32.575,0.96068,0.96079,1.75,1.00
2015.10.12 14:21:32.779,0.96061,0.96075,1.75,1.50
2015.10.12 14:21:33.282,0.96061,0.96075,1.12,1.12
2015.10.12 14:21:33.790,0.96061,0.96074,1.12,1.00
2015.10.12 14:21:34.307,0.96061,0.96075,1.12,1.12
2015.10.12 14:21:36.260,0.96063,0.96077,1.12,1.50
2015.10.12 14:21:36.769,0.96063,0.96077,1.87,1.12
2015.10.12 14:21:37.873,0.96065,0.9608,3.37,2.25
2015.10.12 14:21:38.178,0.96067,0.96082,1.87,1.50
2015.10.12 14:21:38.534,0.96069,0.96082,1.12,1.00
2015.10.12 14:21:39.071,0.96071,0.96085,1.75,1.75
2015.10.12 14:21:42.282,0.96076,0.96084,1.00,1.50
2015.10.12 14:21:42.434,0.96076,0.96087,1.50,1.00
2015.10.12 14:21:42.536,0.96076,0.96089,1.75,1.87
2015.10.12 14:21:43.377,0.96078,0.96092,1.75,1.75
2015.10.12 14:21:51.041,0.96076,0.96089,1.12,1.00
2015.10.12 14:21:51.575,0.96075,0.96089,1.87,1.12
2015.10.12 14:21:54.359,0.96077,0.96087,1.00,1.00
2015.10.12 14:21:54.667,0.96072,0.96085,1.12,1.00
2015.10.12 14:21:55.173,0.96072,0.96084,1.12,1.00
2015.10.12 14:21:55.681,0.96072,0.96083,1.12,1.00
2015.10.12 14:21:56.083,0.9607,0.96083,2.62,1.00
2015.10.12 14:21:56.794,0.9607,0.96082,1.12,1.00
2015.10.12 14:21:56.846,0.96072,0.96082,1.00,1.00
2015.10.12 14:21:57.361,0.96072,0.96081,1.00,1.00
2015.10.12 14:22:00.730,0.96072,0.96081,1.37,1.00
2015.10.12 14:22:00.934,0.96074,0.96086,1.75,1.37
2015.10.12 14:22:01.050,0.96076,0.96088,1.75,1.37
2015.10.12 14:22:01.153,0.96079,0.9609,1.00,1.37
2015.10.12 14:22:01.255,0.96078,0.96091,1.12,1.50
2015.10.12 14:22:01.712,0.96083,0.96093,1.12,1.12
2015.10.12 14:22:02.027,0.96079,0.96091,1.12,1.00
2015.10.12 14:22:02.181,0.96078,0.96091,1.75,1.12
2015.10.12 14:22:02.588,0.96079,0.9609,1.12,1.00
2015.10.12 14:22:02.845,0.96083,0.96093,1.00,1.87
2015.10.12 14:22:03.368,0.9608,0.96093,1.12,1.00
2015.10.12 14:22:03.876,0.9608,0.96092,1.12,1.00
2015.10.12 14:22:04.388,0.9608,0.9609,1.12,1.00
2015.10.12 14:22:09.892,0.96079,0.9609,1.12,1.00
2015.10.12 14:22:10.199,0.96078,0.96088,1.75,1.00
2015.10.12 14:22:10.403,0.96078,0.96088,1.50,1.00
2015.10.12 14:22:10.911,0.96076,0.96088,1.87,1.00
2015.10.12 14:22:11.661,0.96077,0.96089,1.75,1.00
2015.10.12 14:22:12.169,0.96076,0.9609,1.87,1.12
2015.10.12 14:22:14.128,0.9608,0.96092,1.50,1.50
2015.10.12 14:22:14.230,0.9608,0.96093,1.75,2.25
2015.10.12 14:22:15.085,0.96081,0.96091,1.50,1.00
2015.10.12 14:22:17.368,0.96078,0.9609,1.87,1.00
2015.10.12 14:22:19.584,0.96077,0.9609,1.75,1.12
2015.10.12 14:22:21.525,0.96079,0.96089,1.37,1.00
2015.10.12 14:22:27.033,0.96077,0.9609,1.75,1.12
2015.10.12 14:22:27.540,0.96077,0.9609,1.87,1.00
2015.10.12 14:22:27.896,0.96077,0.96088,1.87,1.00
2015.10.12 14:22:28.404,0.96077,0.96088,1.75,1.00
2015.10.12 14:22:28.813,0.96077,0.96086,1.75,1.00
2015.10.12 14:22:28.966,0.96073,0.96085,1.87,1.00
2015.10.12 14:22:29.017,0.96073,0.96083,1.87,1.00
2015.10.12 14:22:29.068,0.96073,0.96083,1.50,1.00
2015.10.12 14:22:29.579,0.96073,0.96083,1.12,1.12
2015.10.12 14:22:30.090,0.9607,0.96082,1.75,1.00
2015.10.12 14:22:30.615,0.9607,0.96082,1.87,1.00
2015.10.12 14:22:31.144,0.96071,0.96082,1.87,1.00
2015.10.12 14:22:32.177,0.96071,0.96084,1.87,1.50
2015.10.12 14:22:32.381,0.96074,0.96091,3.00,3.37
2015.10.12 14:22:32.433,0.96076,0.96089,1.75,1.37
2015.10.12 14:22:32.484,0.96078,0.96089,1.75,1.00
2015.10.12 14:22:32.993,0.96078,0.96091,1.75,1.50
2015.10.12 14:22:33.197,0.96079,0.96092,1.87,1.00
2015.10.12 14:22:33.708,0.96082,0.96093,1.00,1.00
2015.10.12 14:22:41.548,0.96082,0.96094,1.00,1.00
2015.10.12 14:22:46.035,0.96082,0.96094,1.75,1.00
2015.10.12 14:22:46.137,0.96084,0.96096,1.50,1.12
2015.10.12 14:22:46.239,0.96085,0.96096,1.75,1.00
2015.10.12 14:22:47.002,0.96085,0.96098,1.75,1.12
2015.10.12 14:22:54.801,0.96083,0.96096,1.87,1.00
2015.10.12 14:22:55.076,0.96078,0.9609,2.10,1.12
2015.10.12 14:22:55.590,0.96077,0.96089,2.10,1.12
2015.10.12 14:22:58.593,0.96074,0.96089,2.62,1.50
2015.10.12 14:23:01.579,0.96075,0.96088,1.75,1.50
2015.10.12 14:23:03.393,0.96075,0.96087,1.75,1.00
2015.10.12 14:23:03.444,0.96075,0.96084,1.37,1.00
2015.10.12 14:23:03.495,0.96072,0.96084,1.75,1.12
2015.10.12 14:23:04.011,0.96072,0.96083,1.75,1.00
2015.10.12 14:23:08.229,0.96075,0.96084,1.00,1.50
2015.10.12 14:23:08.996,0.96074,0.96084,1.00,1.50
2015.10.12 14:23:09.656,0.96073,0.96084,1.12,1.50
2015.10.12 14:23:18.056,0.96074,0.96083,1.00,1.12
2015.10.12 14:23:18.414,0.96074,0.96085,1.50,1.12
2015.10.12 14:23:20.553,0.96075,0.96086,1.50,1.12
2015.10.12 14:23:23.477,0.96076,0.96089,1.50,1.75
2015.10.12 14:23:23.580,0.96077,0.96091,1.50,1.50
2015.10.12 14:23:24.189,0.96079,0.96091,1.50,1.37
2015.10.12 14:23:24.393,0.9608,0.96091,1.50,1.12
2015.10.12 14:23:24.897,0.96079,0.9609,1.75,1.00
2015.10.12 14:23:25.408,0.96078,0.96091,1.75,1.12
2015.10.12 14:23:31.533,0.96077,0.96091,1.12,2.25
2015.10.12 14:23:31.584,0.96076,0.96091,2.25,3.00
2015.10.12 14:23:31.636,0.96076,0.96087,1.37,1.37
2015.10.12 14:23:31.687,0.96072,0.96086,2.25,1.50
2015.10.12 14:23:31.790,0.96071,0.96085,1.75,1.75
2015.10.12 14:23:33.387,0.96071,0.96082,1.75,1.00
2015.10.12 14:23:33.913,0.9607,0.96083,1.75,1.12
2015.10.12 14:23:38.632,0.9607,0.96082,1.50,1.50
2015.10.12 14:23:39.148,0.96071,0.96083,1.50,1.50
2015.10.12 14:23:49.675,0.96071,0.96083,1.00,1.50
2015.10.12 14:23:50.188,0.96067,0.9608,1.75,1.12
2015.10.12 14:23:50.596,0.96066,0.96079,1.75,1.37
2015.10.12 14:23:51.106,0.96066,0.96079,1.75,1.12
2015.10.12 14:23:51.439,0.96061,0.96073,1.75,1.12
2015.10.12 14:23:51.947,0.96061,0.96072,1.75,1.00
2015.10.12 14:23:52.484,0.96059,0.96072,1.75,1.50
2015.10.12 14:23:52.688,0.96059,0.9607,1.50,1.37
2015.10.12 14:23:53.216,0.96057,0.96068,1.37,1.87
2015.10.12 14:23:53.269,0.96053,0.96068,2.25,2.85
2015.10.12 14:23:53.525,0.96053,0.96065,1.00,1.50
2015.10.12 14:23:53.729,0.96053,0.96063,1.00,1.00
2015.10.12 14:23:54.103,0.96049,0.96062,1.50,1.37
2015.10.12 14:23:54.155,0.96049,0.96061,1.12,1.75
2015.10.12 14:23:54.511,0.96049,0.96062,1.37,1.75
2015.10.12 14:23:54.715,0.96048,0.96062,1.87,1.00
2015.10.12 14:23:55.449,0.96049,0.96062,1.87,1.00
2015.10.12 14:23:55.977,0.9605,0.96064,1.75,1.50
2015.10.12 14:23:57.349,0.96052,0.96064,1.50,1.00
2015.10.12 14:23:57.452,0.96053,0.96067,1.37,2.25
2015.10.12 14:23:57.555,0.96056,0.9607,1.12,1.12
2015.10.12 14:23:57.912,0.9606,0.96075,1.50,2.25
2015.10.12 14:23:58.423,0.96063,0.96074,1.37,1.00
2015.10.12 14:23:59.659,0.9606,0.96075,3.00,1.75
2015.10.12 14:24:00.200,0.96064,0.96075,1.00,1.75
2015.10.12 14:24:00.709,0.9606,0.96075,1.75,2.25
2015.10.12 14:24:05.551,0.96062,0.96075,1.00,1.75
2015.10.12 14:24:06.059,0.96059,0.96074,1.87,1.50
2015.10.12 14:24:13.161,0.96062,0.96075,1.00,1.75
2015.10.12 14:24:20.490,0.96058,0.96071,1.12,1.00
2015.10.12 14:24:21.039,0.96058,0.96072,1.12,1.12
2015.10.12 14:24:25.821,0.96061,0.96075,1.75,1.50
2015.10.12 14:24:25.872,0.96063,0.96075,1.50,1.50
2015.10.12 14:24:26.026,0.96064,0.96076,1.00,1.00
2015.10.12 14:24:26.129,0.96066,0.96077,1.12,1.50
2015.10.12 14:24:26.638,0.96067,0.96079,1.12,1.75
2015.10.12 14:24:26.946,0.96067,0.9608,1.75,1.12
2015.10.12 14:24:27.252,0.96072,0.96083,1.37,1.72
2015.10.12 14:24:27.355,0.96069,0.96082,1.75,1.67
2015.10.12 14:24:27.858,0.96066,0.9608,2.62,1.12
2015.10.12 14:24:28.621,0.96066,0.96078,1.87,1.00
2015.10.12 14:24:28.883,0.9606,0.96074,1.12,1.12
2015.10.12 14:24:28.935,0.96059,0.96074,3.00,1.50
2015.10.12 14:24:31.132,0.96061,0.96075,3.00,1.50
2015.10.12 14:24:31.652,0.96064,0.96078,1.50,1.75
2015.10.12 14:24:32.615,0.96064,0.96075,1.00,1.37
2015.10.12 14:24:33.122,0.9606,0.96075,2.25,2.25
2015.10.12 14:24:36.793,0.96061,0.96075,2.25,1.50
2015.10.12 14:24:38.377,0.96064,0.96075,1.00,1.00
2015.10.12 14:24:38.842,0.96068,0.96076,1.00,1.00
2015.10.12 14:24:39.046,0.9607,0.96083,1.37,1.75
2015.10.12 14:24:39.250,0.96069,0.96083,2.25,1.50
2015.10.12 14:24:40.381,0.96071,0.96084,1.75,1.50
2015.10.12 14:24:40.884,0.96074,0.96086,1.12,1.75
2015.10.12 14:24:41.406,0.9607,0.96086,2.25,1.75
2015.10.12 14:24:44.252,0.96072,0.96085,1.12,1.87
2015.10.12 14:24:44.659,0.96069,0.96083,1.50,2.25
2015.10.12 14:24:45.175,0.9607,0.96083,1.50,1.75
2015.10.12 14:24:45.482,0.96068,0.9608,1.50,2.10
2015.10.12 14:24:45.788,0.96061,0.96075,1.75,1.75
2015.10.12 14:24:47.089,0.96064,0.96077,1.50,1.75
2015.10.12 14:24:47.601,0.96065,0.96077,1.00,1.75
2015.10.12 14:24:48.384,0.96064,0.96077,1.12,1.75
2015.10.12 14:24:50.036,0.96064,0.96076,1.00,1.00
2015.10.12 14:24:50.393,0.96061,0.96074,1.75,1.12
2015.10.12 14:24:50.933,0.9606,0.96074,1.75,1.50
2015.10.12 14:25:06.676,0.9606,0.96072,1.75,1.00
2015.10.12 14:25:06.778,0.96058,0.96072,1.75,1.50
2015.10.12 14:25:06.880,0.96058,0.96072,2.25,1.75
2015.10.12 14:25:07.880,0.96057,0.96069,1.50,1.00
2015.10.12 14:25:07.982,0.96056,0.9607,1.50,1.75
2015.10.12 14:25:08.492,0.96055,0.96068,1.50,1.75
2015.10.12 14:25:09.043,0.96053,0.96067,1.75,1.75
2015.10.12 14:25:09.873,0.96055,0.96069,2.62,1.12
2015.10.12 14:25:09.924,0.96056,0.96068,1.00,1.00
2015.10.12 14:25:10.027,0.96058,0.9607,1.00,1.50
2015.10.12 14:25:10.332,0.96058,0.96071,1.75,1.50
2015.10.12 14:25:10.854,0.96061,0.96073,1.50,1.37
2015.10.12 14:25:10.905,0.96061,0.96073,1.75,1.12
2015.10.12 14:25:15.299,0.96063,0.96076,1.50,1.75
2015.10.12 14:25:18.043,0.9606,0.96073,1.12,1.12
2015.10.12 14:25:18.095,0.96059,0.96073,1.75,1.50
2015.10.12 14:25:23.675,0.96058,0.96073,2.25,1.50
2015.10.12 14:25:28.087,0.96058,0.96073,2.62,1.50
2015.10.12 14:25:38.329,0.96062,0.96074,1.37,1.50
2015.10.12 14:25:38.861,0.96064,0.96074,1.87,1.12
2015.10.12 14:25:39.384,0.96065,0.96074,1.00,1.12
2015.10.12 14:25:42.766,0.96064,0.96074,1.87,1.12
2015.10.12 14:25:43.299,0.96064,0.96075,2.25,1.12
2015.10.12 14:25:44.026,0.96064,0.96074,1.00,1.00
2015.10.12 14:25:45.083,0.96063,0.96074,1.00,1.50
2015.10.12 14:25:45.592,0.96062,0.96074,2.25,1.50
2015.10.12 14:25:46.476,0.96063,0.96074,1.00,1.50
2015.10.12 14:25:54.448,0.96063,0.96074,1.00,1.75
2015.10.12 14:25:54.979,0.96062,0.96073,1.12,1.50
2015.10.12 14:26:02.424,0.96062,0.96073,1.00,1.12
2015.10.12 14:26:02.526,0.96057,0.96069,1.12,1.75
2015.10.12 14:26:03.056,0.96056,0.96069,2.25,1.50
2015.10.12 14:26:03.565,0.96056,0.96069,2.25,1.75
2015.10.12 14:26:04.227,0.96058,0.96069,1.00,1.75
2015.10.12 14:26:04.786,0.96058,0.96069,1.87,1.50
2015.10.12 14:26:13.116,0.96058,0.96069,1.00,1.50
2015.10.12 14:26:14.729,0.96057,0.96069,1.87,1.75
2015.10.12 14:26:15.154,0.96054,0.96065,1.00,1.60
2015.10.12 14:26:15.613,0.96054,0.96066,1.00,1.87
2015.10.12 14:26:15.715,0.96055,0.96066,1.12,1.75
2015.10.12 14:26:15.767,0.96057,0.96068,1.00,1.75
2015.10.12 14:26:15.871,0.96057,0.96068,1.12,1.50
2015.10.12 14:26:15.974,0.96059,0.96068,1.00,1.50
2015.10.12 14:26:20.068,0.96058,0.96068,1.00,1.50
2015.10.12 14:26:20.170,0.96056,0.96066,1.87,1.12
2015.10.12 14:26:20.653,0.96058,0.96068,1.00,1.75
2015.10.12 14:26:20.908,0.96059,0.96068,1.00,1.12
2015.10.12 14:26:27.116,0.96058,0.96068,1.12,1.12
2015.10.12 14:26:27.667,0.96059,0.96068,1.00,1.12
2015.10.12 14:26:28.266,0.96059,0.96068,1.37,1.00
2015.10.12 14:26:28.469,0.9606,0.9607,1.12,1.12
2015.10.12 14:26:29.028,0.96059,0.9607,1.12,1.50
2015.10.12 14:26:29.541,0.9606,0.9607,1.00,1.50
2015.10.12 14:26:31.418,0.96059,0.9607,1.12,1.50
2015.10.12 14:26:32.643,0.96057,0.9607,2.25,1.75
2015.10.12 14:26:34.048,0.96059,0.96069,1.12,1.12
2015.10.12 14:26:37.015,0.9606,0.9607,1.00,1.50
2015.10.12 14:26:37.662,0.96059,0.9607,1.12,1.50
2015.10.12 14:26:42.391,0.96058,0.96068,1.50,1.00
2015.10.12 14:26:42.545,0.96057,0.96068,1.87,1.50
2015.10.12 14:26:43.066,0.96058,0.96068,1.00,1.50
2015.10.12 14:26:47.021,0.96057,0.96068,1.87,1.50
2015.10.12 14:26:47.882,0.96058,0.96068,1.00,1.50
2015.10.12 14:26:48.393,0.96057,0.96068,1.00,1.50
2015.10.12 14:26:48.980,0.96058,0.96068,1.00,1.50
2015.10.12 14:26:49.488,0.96057,0.96068,1.00,1.50
2015.10.12 14:26:49.998,0.96058,0.96068,1.00,1.50
2015.10.12 14:26:51.544,0.96057,0.96068,1.50,1.50
2015.10.12 14:26:52.945,0.96058,0.96068,1.00,1.50
2015.10.12 14:26:54.511,0.96059,0.96068,1.00,1.50
2015.10.12 14:26:54.927,0.96061,0.9607,1.00,1.50
2015.10.12 14:26:55.458,0.96061,0.9607,1.00,1.50
2015.10.12 14:26:55.822,0.96063,0.96074,1.12,1.37
2015.10.12 14:26:55.873,0.96063,0.96076,1.50,1.75
2015.10.12 14:26:56.043,0.96067,0.96076,1.00,1.50
2015.10.12 14:26:57.011,0.96066,0.96075,1.00,1.12
2015.10.12 14:26:57.546,0.96065,0.96076,1.00,1.50
2015.10.12 14:26:58.054,0.96064,0.96074,1.87,1.12
2015.10.12 14:26:58.614,0.96067,0.96078,1.00,1.87
2015.10.12 14:26:58.818,0.96067,0.96078,1.50,1.75
2015.10.12 14:26:59.327,0.96065,0.96075,1.50,1.50
2015.10.12 14:26:59.829,0.96064,0.96075,1.12,1.50
2015.10.12 14:27:00.337,0.96064,0.96075,1.00,1.50
2015.10.12 14:27:03.544,0.96064,0.96075,1.87,1.50
2015.10.12 14:27:04.344,0.96066,0.96077,1.00,1.75
2015.10.12 14:27:04.497,0.96067,0.96079,1.12,1.75
2015.10.12 14:27:04.650,0.96069,0.96078,1.00,1.00
2015.10.12 14:27:05.331,0.96068,0.96079,1.12,1.37
2015.10.12 14:27:05.789,0.9607,0.9608,1.12,1.12
2015.10.12 14:27:06.109,0.96074,0.96086,1.12,1.75
2015.10.12 14:27:06.618,0.96075,0.96086,1.00,1.75
2015.10.12 14:27:07.135,0.96076,0.96086,1.00,1.50
2015.10.12 14:27:09.719,0.96075,0.96086,1.87,1.50
2015.10.12 14:27:16.963,0.96076,0.96088,1.00,1.75
2015.10.12 14:27:17.167,0.96077,0.96088,1.12,1.50
2015.10.12 14:27:17.269,0.96074,0.96086,1.50,1.50
2015.10.12 14:27:17.605,0.96074,0.96083,1.00,1.00
2015.10.12 14:27:17.863,0.96073,0.96087,1.50,1.75
2015.10.12 14:27:17.965,0.96076,0.96087,1.00,1.75
2015.10.12 14:27:18.475,0.96075,0.96087,1.87,1.75
2015.10.12 14:27:19.893,0.96076,0.96087,1.00,1.75
2015.10.12 14:27:20.370,0.96078,0.96087,1.00,1.75
2015.10.12 14:27:20.910,0.96077,0.96089,1.00,1.75
2015.10.12 14:27:28.931,0.96077,0.96089,1.50,1.87
2015.10.12 14:27:29.469,0.96076,0.96089,1.50,1.87
2015.10.12 14:27:35.368,0.96077,0.96089,1.00,1.87
2015.10.12 14:27:35.907,0.96076,0.96089,1.50,1.87
2015.10.12 14:27:36.415,0.96077,0.96089,1.00,1.87
2015.10.12 14:27:36.965,0.96076,0.96087,1.00,1.75
2015.10.12 14:27:40.316,0.96077,0.96087,1.00,1.75
2015.10.12 14:27:41.173,0.96078,0.96088,1.12,1.50
2015.10.12 14:27:41.225,0.96078,0.96088,1.12,1.12
2015.10.12 14:27:41.980,0.96078,0.96092,1.37,1.75
2015.10.12 14:27:42.082,0.96081,0.96092,1.00,1.50
2015.10.12 14:27:42.489,0.96083,0.96092,1.00,1.50
2015.10.12 14:27:42.810,0.96085,0.96095,1.12,1.50
2015.10.12 14:27:43.320,0.96084,0.96095,1.12,1.50
2015.10.12 14:27:43.840,0.96083,0.96095,1.12,1.75
2015.10.12 14:27:44.669,0.96083,0.96094,1.00,1.87
2015.10.12 14:27:44.823,0.9608,0.96091,1.50,1.12
2015.10.12 14:27:45.045,0.96078,0.96089,1.12,2.25
2015.10.12 14:27:45.403,0.96076,0.96087,1.00,1.37
2015.10.12 14:27:47.118,0.96077,0.96087,1.00,1.50
2015.10.12 14:27:47.220,0.96078,0.96088,1.50,1.00
2015.10.12 14:27:47.322,0.96083,0.96093,1.00,1.12
2015.10.12 14:27:47.528,0.96083,0.96094,1.50,1.50
2015.10.12 14:27:50.188,0.96083,0.96094,1.00,1.50
2015.10.12 14:27:50.732,0.96082,0.96094,1.12,1.75
2015.10.12 14:27:52.869,0.96079,0.96089,2.25,1.60
2015.10.12 14:27:52.972,0.96079,0.96088,1.00,2.85
2015.10.12 14:27:53.074,0.96073,0.96087,2.25,1.75
2015.10.12 14:27:53.576,0.96075,0.96087,1.50,1.50
2015.10.12 14:27:54.086,0.96074,0.96087,1.12,1.75
2015.10.12 14:27:54.956,0.96075,0.96087,1.00,1.75
2015.10.12 14:27:55.058,0.96075,0.96087,1.50,1.50
2015.10.12 14:27:56.353,0.96075,0.96086,1.00,1.00
2015.10.12 14:27:57.269,0.96074,0.96086,2.25,1.00
2015.10.12 14:27:57.523,0.96074,0.96087,1.87,2.25
2015.10.12 14:28:00.165,0.96074,0.96087,2.62,1.00
2015.10.12 14:28:00.853,0.96075,0.96087,1.50,1.50
2015.10.12 14:28:01.770,0.96076,0.96087,1.75,1.00
2015.10.12 14:28:02.301,0.96077,0.96088,1.50,1.72
2015.10.12 14:28:02.609,0.96083,0.96093,1.12,3.22
2015.10.12 14:28:02.812,0.96082,0.96093,2.25,1.60
2015.10.12 14:28:03.328,0.96082,0.96093,2.25,1.00
2015.10.12 14:28:03.940,0.96083,0.96093,1.00,1.12
2015.10.12 14:28:03.992,0.96081,0.96091,2.25,1.00
2015.10.12 14:28:04.300,0.96074,0.96086,1.75,1.00
2015.10.12 14:28:04.403,0.96074,0.96086,1.50,1.00
2015.10.12 14:28:07.141,0.96074,0.96087,1.00,2.25
2015.10.12 14:28:07.446,0.96071,0.9608,1.37,1.72
2015.10.12 14:28:07.497,0.96069,0.96078,1.00,1.12
2015.10.12 14:28:07.661,0.96066,0.96076,1.12,1.37
2015.10.12 14:28:08.169,0.96063,0.96074,2.25,1.00
2015.10.12 14:28:08.685,0.96063,0.96077,2.25,1.75
2015.10.12 14:28:09.196,0.96064,0.96077,2.25,1.50
2015.10.12 14:28:09.861,0.96066,0.96077,1.37,1.35
2015.10.12 14:28:10.371,0.96068,0.96079,1.12,1.35
2015.10.12 14:28:11.115,0.96068,0.9608,1.12,1.75
2015.10.12 14:28:11.370,0.96071,0.96082,1.00,1.00
2015.10.12 14:28:11.862,0.96073,0.96084,1.00,1.75
2015.10.12 14:28:12.521,0.96074,0.96084,1.00,1.75
2015.10.12 14:28:13.098,0.96073,0.96084,1.87,1.50
2015.10.12 14:28:13.649,0.96071,0.96084,2.25,1.75
2015.10.12 14:28:14.632,0.96069,0.96081,1.75,1.00
2015.10.12 14:28:14.841,0.96066,0.96077,1.50,1.12
2015.10.12 14:28:14.893,0.96065,0.96076,1.00,1.00
2015.10.12 14:28:15.429,0.96064,0.96076,1.50,1.00
2015.10.12 14:28:18.698,0.96063,0.96077,1.87,2.47
2015.10.12 14:28:19.219,0.96065,0.96077,1.00,1.87
2015.10.12 14:28:19.321,0.96065,0.96076,1.00,1.00
2015.10.12 14:28:19.854,0.96064,0.96076,1.50,1.00
2015.10.12 14:28:20.964,0.96065,0.96076,1.00,1.00
2015.10.12 14:28:24.691,0.96066,0.96076,1.00,1.00
2015.10.12 14:28:24.997,0.96064,0.96076,2.25,1.00
2015.10.12 14:28:25.501,0.96065,0.96076,1.50,1.00
2015.10.12 14:28:26.920,0.96064,0.96076,1.12,1.67
2015.10.12 14:28:27.022,0.96061,0.96073,1.50,1.12
2015.10.12 14:28:27.226,0.96055,0.96067,2.25,1.00
2015.10.12 14:28:27.379,0.96054,0.96066,2.25,1.50
2015.10.12 14:28:27.945,0.96054,0.96066,1.12,1.75
2015.10.12 14:28:28.684,0.96055,0.96066,1.00,1.75
2015.10.12 14:28:28.735,0.96055,0.96066,2.25,1.12
2015.10.12 14:28:28.888,0.96059,0.9607,1.00,1.75
2015.10.12 14:28:28.941,0.96059,0.9607,1.87,1.50
2015.10.12 14:28:29.220,0.96061,0.9607,1.00,1.12
2015.10.12 14:28:29.578,0.96058,0.9607,2.25,1.50
2015.10.12 14:28:30.086,0.9606,0.96071,1.00,1.00
2015.10.12 14:28:30.391,0.96061,0.96073,1.50,1.50
2015.10.12 14:28:33.706,0.96065,0.96074,1.00,1.75
2015.10.12 14:28:33.758,0.96065,0.96076,1.12,1.50
2015.10.12 14:28:34.164,0.96067,0.96077,1.00,1.50
2015.10.12 14:28:34.696,0.96066,0.96077,2.25,1.12
2015.10.12 14:28:35.388,0.96067,0.96077,1.00,1.50
2015.10.12 14:28:35.542,0.96069,0.96079,1.12,1.12
2015.10.12 14:28:36.062,0.9607,0.96079,1.12,1.00
2015.10.12 14:28:36.265,0.96067,0.96076,2.25,1.35
2015.10.12 14:28:36.419,0.96063,0.96076,2.25,1.72
2015.10.12 14:28:36.927,0.96065,0.96075,1.12,1.12
2015.10.12 14:28:46.526,0.96064,0.96075,1.75,1.00
2015.10.12 14:28:48.207,0.96063,0.96075,2.25,1.50
2015.10.12 14:28:49.139,0.96064,0.96075,1.50,1.12
2015.10.12 14:28:50.038,0.96062,0.96075,2.25,1.50
2015.10.12 14:28:55.487,0.9606,0.96071,1.50,1.00
2015.10.12 14:28:55.589,0.96058,0.96069,1.37,1.37
2015.10.12 14:28:55.692,0.96056,0.96067,1.37,1.67
2015.10.12 14:28:55.794,0.96053,0.96065,2.25,1.00
2015.10.12 14:28:56.302,0.96053,0.96066,1.50,2.85
2015.10.12 14:28:57.508,0.96055,0.96066,1.12,1.37
2015.10.12 14:28:58.245,0.96058,0.96068,1.00,1.50
2015.10.12 14:28:58.297,0.96058,0.96068,1.00,1.50
2015.10.12 14:28:58.349,0.9606,0.9607,1.00,1.75
2015.10.12 14:28:58.401,0.9606,0.9607,1.00,1.50
2015.10.12 14:28:58.453,0.96062,0.9607,1.00,1.50
2015.10.12 14:28:58.810,0.9606,0.9607,1.00,1.50
2015.10.12 14:28:59.014,0.96056,0.96068,2.25,1.50
2015.10.12 14:28:59.116,0.96057,0.96068,1.00,1.75
2015.10.12 14:28:59.351,0.96055,0.96066,1.12,1.50
2015.10.12 14:28:59.453,0.96058,0.96066,1.00,1.50
2015.10.12 14:28:59.606,0.96058,0.96069,1.00,1.75
2015.10.12 14:28:59.708,0.9606,0.96069,1.00,1.50
2015.10.12 14:29:00.905,0.96059,0.96069,1.00,1.00
2015.10.12 14:29:02.961,0.9606,0.96069,1.00,1.00
2015.10.12 14:29:05.028,0.9606,0.9607,1.00,1.87
2015.10.12 14:29:05.079,0.96058,0.9607,1.00,1.87
2015.10.12 14:29:05.181,0.96056,0.96069,1.12,1.75
2015.10.12 14:29:05.690,0.96057,0.96069,1.00,1.75
2015.10.12 14:29:05.944,0.9606,0.9607,1.00,1.75
2015.10.12 14:29:06.101,0.9606,0.9607,1.00,1.50
2015.10.12 14:29:08.268,0.96059,0.96069,1.00,2.62
2015.10.12 14:29:08.319,0.96055,0.96069,1.87,2.25
2015.10.12 14:29:08.827,0.96057,0.96069,1.00,2.62
2015.10.12 14:29:09.252,0.9606,0.96069,1.00,1.75
2015.10.12 14:29:09.354,0.9606,0.96069,1.00,1.12
2015.10.12 14:29:09.558,0.96062,0.9607,1.00,1.50
2015.10.12 14:29:10.093,0.96061,0.9607,1.00,1.12
2015.10.12 14:29:10.608,0.96058,0.9607,1.12,1.75
2015.10.12 14:29:10.812,0.96055,0.96067,2.25,1.67
2015.10.12 14:29:11.117,0.96059,0.96068,1.00,1.75
2015.10.12 14:29:11.241,0.9606,0.96068,1.00,1.12
2015.10.12 14:29:11.446,0.96056,0.96068,1.75,1.72
2015.10.12 14:29:11.548,0.96055,0.96068,2.25,2.10
2015.10.12 14:29:12.108,0.96057,0.96066,1.00,1.00
2015.10.12 14:29:12.631,0.96056,0.96068,1.12,2.25
2015.10.12 14:29:13.151,0.96054,0.96067,2.25,1.75
2015.10.12 14:29:18.717,0.96049,0.96063,9.37,1.37
2015.10.12 14:29:18.819,0.96052,0.96061,1.12,1.00
2015.10.12 14:29:18.920,0.96052,0.96061,1.00,1.50
2015.10.12 14:29:19.428,0.96051,0.96061,1.50,2.62
2015.10.12 14:29:19.889,0.96049,0.9606,1.50,1.75
2015.10.12 14:29:20.468,0.96048,0.96061,1.50,2.62
2015.10.12 14:29:20.773,0.96048,0.96055,1.50,1.00
2015.10.12 14:29:20.901,0.96046,0.96055,1.00,1.50
2015.10.12 14:29:20.952,0.96042,0.96055,1.12,3.22
2015.10.12 14:29:21.258,0.96041,0.96053,1.50,3.22
2015.10.12 14:29:21.771,0.96042,0.96053,1.00,1.87
2015.10.12 14:29:23.145,0.96042,0.96053,1.50,1.75
2015.10.12 14:29:26.643,0.96041,0.96053,1.00,1.87
2015.10.12 14:29:31.141,0.9604,0.9605,1.00,1.67
2015.10.12 14:29:31.345,0.96036,0.96048,1.50,1.67
2015.10.12 14:29:33.650,0.96038,0.96048,1.00,1.35
2015.10.12 14:29:33.752,0.96038,0.96048,1.87,1.30
2015.10.12 14:29:33.803,0.96043,0.96048,1.00,1.30
2015.10.12 14:29:33.964,0.96049,0.96059,1.00,1.87
2015.10.12 14:29:34.066,0.96051,0.96059,1.00,1.12
2015.10.12 14:29:34.168,0.9605,0.96065,2.25,2.25
2015.10.12 14:29:34.901,0.96052,0.96065,1.50,1.75
2015.10.12 14:29:35.003,0.96054,0.96065,1.00,1.00
2015.10.12 14:29:35.054,0.96054,0.96066,1.37,1.50
2015.10.12 14:29:35.558,0.96053,0.96066,2.25,1.12
2015.10.12 14:29:36.934,0.96054,0.96068,2.62,1.37
2015.10.12 14:29:37.294,0.9606,0.9607,1.12,1.12
2015.10.12 14:29:39.049,0.96062,0.96073,1.12,1.75
2015.10.12 14:29:39.202,0.96063,0.96075,1.50,1.50
2015.10.12 14:29:39.405,0.96066,0.96076,1.00,1.50
2015.10.12 14:29:39.929,0.96066,0.96076,1.50,1.00
2015.10.12 14:29:41.108,0.96066,0.96077,1.50,1.12
2015.10.12 14:29:45.829,0.96066,0.96079,1.00,1.12
2015.10.12 14:29:46.134,0.96066,0.96077,1.00,1.12
2015.10.12 14:29:46.491,0.96066,0.96079,1.00,1.12
2015.10.12 14:29:46.796,0.96066,0.96081,1.50,2.62
2015.10.12 14:29:53.249,0.96067,0.96078,1.00,1.50
2015.10.12 14:30:00.182,0.96066,0.96077,1.12,1.87
2015.10.12 14:30:00.692,0.96066,0.96077,1.00,1.75
2015.10.12 14:30:11.514,0.96066,0.96074,1.00,1.00
2015.10.12 14:30:12.070,0.96066,0.96071,1.00,1.00
2015.10.12 14:30:12.172,0.96066,0.96073,1.00,1.00
2015.10.12 14:30:12.578,0.96062,0.9607,1.12,1.00
2015.10.12 14:30:12.681,0.96059,0.9607,1.00,1.75
2015.10.12 14:30:12.937,0.96057,0.96067,1.12,1.12
2015.10.12 14:30:14.815,0.96057,0.96066,1.12,1.00
2015.10.12 14:30:15.345,0.96057,0.96067,1.12,1.12
2015.10.12 14:30:19.010,0.96057,0.96066,1.12,1.00
2015.10.12 14:30:19.518,0.96057,0.96067,1.12,1.12
2015.10.12 14:30:20.042,0.96057,0.96066,1.12,1.00
2015.10.12 14:30:22.724,0.96057,0.96067,1.12,1.87
2015.10.12 14:30:23.232,0.96057,0.96066,1.12,1.00
2015.10.12 14:30:23.776,0.96057,0.96067,1.12,1.87
2015.10.12 14:30:24.593,0.96056,0.96066,1.50,1.00
2015.10.12 14:30:25.132,0.96057,0.96066,1.00,1.00
2015.10.12 14:30:25.645,0.96056,0.96066,1.50,1.00
2015.10.12 14:30:27.797,0.96055,0.96066,1.50,1.00
2015.10.12 14:30:33.180,0.96055,0.96066,2.25,1.12
2015.10.12 14:30:33.774,0.96054,0.96066,1.12,2.25
2015.10.12 14:30:34.811,0.96052,0.96063,2.25,1.00
2015.10.12 14:30:35.450,0.96052,0.96062,1.12,1.12
2015.10.12 14:30:35.502,0.96049,0.96059,1.37,1.12
2015.10.12 14:30:35.554,0.96049,0.96059,1.00,1.50
2015.10.12 14:30:35.778,0.96048,0.9606,1.00,2.62
2015.10.12 14:30:36.032,0.96047,0.96059,2.25,1.00
2015.10.12 14:30:36.565,0.96048,0.96059,1.00,1.50
2015.10.12 14:30:36.820,0.96047,0.96057,2.25,1.00
2015.10.12 14:30:37.025,0.96047,0.96059,2.25,1.00
2015.10.12 14:30:37.382,0.96046,0.96057,1.37,1.72
2015.10.12 14:30:37.626,0.96041,0.96053,1.50,1.50
2015.10.12 14:30:38.391,0.96042,0.96055,2.25,2.25
2015.10.12 14:30:38.493,0.96045,0.96056,1.87,1.37
2015.10.12 14:30:38.545,0.96045,0.96056,2.25,1.12
2015.10.12 14:30:38.931,0.96049,0.96059,1.00,1.37
2015.10.12 14:30:38.982,0.96049,0.9606,1.12,1.50
2015.10.12 14:30:39.338,0.96051,0.9606,1.00,1.50
2015.10.12 14:30:39.888,0.96052,0.96061,1.00,1.50
2015.10.12 14:30:40.399,0.96051,0.96061,1.00,1.75
2015.10.12 14:30:40.764,0.96048,0.96059,1.87,1.50
2015.10.12 14:30:41.893,0.96049,0.9606,1.00,2.25
2015.10.12 14:30:44.300,0.9605,0.9606,1.00,2.25
2015.10.12 14:30:44.811,0.96051,0.96061,1.00,2.25
2015.10.12 14:30:44.913,0.96052,0.96061,1.00,1.87
2015.10.12 14:30:45.451,0.96051,0.96061,1.00,1.87
2015.10.12 14:30:45.819,0.96051,0.96061,1.00,2.25
2015.10.12 14:30:45.898,0.96048,0.96061,1.87,2.25
2015.10.12 14:30:46.408,0.96048,0.96061,1.12,2.25
2015.10.12 14:30:47.222,0.96046,0.96061,2.25,2.62
2015.10.12 14:30:51.621,0.96046,0.9606,1.87,1.87
2015.10.12 14:31:00.966,0.96047,0.96061,1.12,1.87
2015.10.12 14:31:01.017,0.96052,0.96061,1.00,1.12
2015.10.12 14:31:01.089,0.96052,0.96063,1.00,1.75
2015.10.12 14:31:01.140,0.96052,0.96064,2.25,1.50
2015.10.12 14:31:02.253,0.96054,0.96065,1.50,1.87
2015.10.12 14:31:07.107,0.96054,0.96066,1.50,2.85
2015.10.12 14:31:07.267,0.96052,0.96064,1.00,1.00
2015.10.12 14:31:08.299,0.96053,0.96064,1.00,1.00
2015.10.12 14:31:08.453,0.96055,0.96066,1.00,2.10
2015.10.12 14:31:08.554,0.96055,0.96066,1.00,1.35
2015.10.12 14:31:10.173,0.96054,0.96066,1.50,2.10
2015.10.12 14:31:10.275,0.96054,0.96064,1.00,1.00
2015.10.12 14:31:10.790,0.9605,0.9606,1.75,1.00
2015.10.12 14:31:10.944,0.96049,0.9606,1.50,1.87
2015.10.12 14:31:11.047,0.96046,0.9606,2.25,2.25
2015.10.12 14:31:11.353,0.96043,0.96058,2.25,2.25
2015.10.12 14:31:11.792,0.96043,0.96054,2.25,1.00
2015.10.12 14:31:11.894,0.96043,0.96057,2.25,1.37
2015.10.12 14:31:12.949,0.96042,0.96056,1.75,1.50
2015.10.12 14:31:13.153,0.9604,0.96054,1.75,1.50
2015.10.12 14:31:13.680,0.96039,0.96054,3.00,1.75
2015.10.12 14:31:19.760,0.96039,0.96051,1.12,1.75
2015.10.12 14:31:20.293,0.96035,0.9605,1.75,2.25
2015.10.12 14:31:20.395,0.96035,0.96047,1.50,1.00
2015.10.12 14:31:20.751,0.96038,0.96047,1.00,1.00
2015.10.12 14:31:21.070,0.96041,0.96054,2.25,2.10
2015.10.12 14:31:21.580,0.96041,0.96055,2.25,2.85
2015.10.12 14:31:22.247,0.96042,0.96055,1.75,2.85
2015.10.12 14:31:22.299,0.96042,0.96055,1.75,2.25
2015.10.12 14:31:22.829,0.96043,0.96055,1.75,1.87
2015.10.12 14:31:24.870,0.96043,0.96054,1.75,1.00
2015.10.12 14:31:28.180,0.96043,0.96055,1.75,1.12
2015.10.12 14:31:31.514,0.96045,0.96057,1.50,2.25
2015.10.12 14:31:45.594,0.96047,0.96058,1.00,2.10
2015.10.12 14:31:46.130,0.96048,0.96058,1.00,1.67
2015.10.12 14:31:46.907,0.96048,0.96061,1.37,1.87
2015.10.12 14:31:46.959,0.9605,0.96061,1.00,1.50
2015.10.12 14:31:47.060,0.96054,0.96064,1.00,1.75
2015.10.12 14:31:47.217,0.96058,0.96069,1.87,1.87
2015.10.12 14:31:47.473,0.96061,0.96071,1.00,1.50
2015.10.12 14:31:47.728,0.96064,0.96075,1.12,1.50
2015.10.12 14:31:48.256,0.96064,0.96075,1.50,1.12
2015.10.12 14:31:50.566,0.96066,0.96077,1.50,1.75
2015.10.12 14:31:50.669,0.96067,0.96078,1.12,1.50
2015.10.12 14:31:51.216,0.96069,0.96078,1.00,1.12
2015.10.12 14:31:51.789,0.96068,0.96079,1.12,1.50
2015.10.12 14:31:57.489,0.96067,0.96077,2.25,1.00
2015.10.12 14:31:58.010,0.96067,0.96079,1.50,2.25
2015.10.12 14:31:59.317,0.96066,0.96079,2.25,2.25
2015.10.12 14:31:59.837,0.96066,0.96078,1.87,1.75
2015.10.12 14:32:01.534,0.96066,0.96079,1.50,2.25
2015.10.12 14:32:05.247,0.96066,0.96079,1.37,1.75
2015.10.12 14:32:05.298,0.96065,0.96076,1.00,1.00
2015.10.12 14:32:05.349,0.96065,0.96078,1.00,1.12
2015.10.12 14:32:05.880,0.96064,0.96077,1.00,1.12
2015.10.12 14:32:06.598,0.96063,0.96077,1.12,2.62
2015.10.12 14:32:06.919,0.9606,0.96074,1.87,1.12
2015.10.12 14:32:07.337,0.96059,0.96072,1.00,2.47
2015.10.12 14:32:07.644,0.96056,0.96069,1.50,1.12
2015.10.12 14:32:07.949,0.96056,0.96067,1.00,1.12
2015.10.12 14:32:08.263,0.96056,0.96069,1.00,1.12
2015.10.12 14:32:09.302,0.96057,0.96069,1.00,1.12
2015.10.12 14:32:10.056,0.96057,0.9607,1.87,1.75
2015.10.12 14:32:10.158,0.96063,0.96072,1.00,1.00
2015.10.12 14:32:11.385,0.96063,0.96076,1.87,1.75
2015.10.12 14:32:11.691,0.96063,0.96075,1.50,1.12
2015.10.12 14:32:13.517,0.96064,0.96076,1.00,1.87
2015.10.12 14:32:13.569,0.96065,0.96074,1.00,1.00
2015.10.12 14:32:14.077,0.96066,0.96077,1.00,1.12
2015.10.12 14:32:14.887,0.96065,0.96077,1.00,1.12
2015.10.12 14:32:15.391,0.96064,0.96077,1.50,1.12
2015.10.12 14:32:15.493,0.96064,0.96075,1.50,1.12
2015.10.12 14:32:16.206,0.96067,0.96075,1.00,1.12
2015.10.12 14:32:16.409,0.96068,0.96077,1.00,1.12
2015.10.12 14:32:16.689,0.96072,0.96083,1.00,1.12
2015.10.12 14:32:17.201,0.96068,0.9608,1.00,2.62
2015.10.12 14:32:17.303,0.96066,0.96078,1.00,1.12
2015.10.12 14:32:17.811,0.96066,0.96077,1.00,1.12
2015.10.12 14:32:18.322,0.96066,0.96078,1.00,1.12
2015.10.12 14:32:19.138,0.96067,0.96078,1.00,1.12
2015.10.12 14:32:19.444,0.96072,0.96081,1.00,1.12
2015.10.12 14:32:19.598,0.96072,0.96085,1.00,1.12
2015.10.12 14:32:20.111,0.96071,0.96084,1.00,1.12
2015.10.12 14:32:33.088,0.96071,0.96081,1.12,1.00
2015.10.12 14:32:33.821,0.96072,0.96085,1.50,1.12
2015.10.12 14:32:34.356,0.96073,0.96085,1.00,1.12
2015.10.12 14:32:36.346,0.96074,0.96086,1.00,1.12
2015.10.12 14:32:36.704,0.96076,0.96088,1.00,1.12
2015.10.12 14:32:37.227,0.96077,0.96088,1.00,1.12
2015.10.12 14:32:37.789,0.96076,0.96088,1.00,1.12
2015.10.12 14:32:39.649,0.96075,0.96088,1.00,1.12
2015.10.12 14:32:40.159,0.96076,0.96089,1.00,1.87
2015.10.12 14:32:43.154,0.96075,0.96089,1.12,1.87
2015.10.12 14:32:43.502,0.96073,0.96087,1.12,1.12
2015.10.12 14:32:46.410,0.96074,0.96087,1.00,1.12
2015.10.12 14:32:46.920,0.96073,0.96087,1.12,1.12
2015.10.12 14:32:47.534,0.96074,0.96087,1.00,1.12
2015.10.12 14:32:48.231,0.96075,0.96087,1.00,1.12
2015.10.12 14:32:48.801,0.96076,0.96088,1.00,1.12
2015.10.12 14:32:51.071,0.96075,0.96088,1.00,1.12
2015.10.12 14:32:51.732,0.96076,0.96088,1.00,1.12
2015.10.12 14:32:53.261,0.96075,0.96088,1.00,1.12
2015.10.12 14:32:53.811,0.96074,0.96088,1.12,1.12
2015.10.12 14:32:58.862,0.96074,0.96086,1.12,1.12
2015.10.12 14:32:59.319,0.96072,0.96084,1.00,1.00
2015.10.12 14:32:59.371,0.96071,0.96086,1.87,1.87
2015.10.12 14:32:59.900,0.96071,0.96085,1.12,1.12
2015.10.12 14:33:00.205,0.96068,0.96082,1.87,1.12
2015.10.12 14:33:00.307,0.96068,0.96081,1.00,1.12
2015.10.12 14:33:00.857,0.96066,0.96081,1.50,1.87
2015.10.12 14:33:01.477,0.96066,0.9608,1.12,1.87
2015.10.12 14:33:01.580,0.96065,0.96077,1.00,1.12
2015.10.12 14:33:01.986,0.96063,0.96077,1.87,1.12
2015.10.12 14:33:02.499,0.96064,0.96077,1.00,1.12
2015.10.12 14:33:06.935,0.96065,0.96077,1.00,1.12
2015.10.12 14:33:06.987,0.96065,0.96079,1.12,1.87
2015.10.12 14:33:10.011,0.96066,0.96079,1.00,1.87
2015.10.12 14:33:10.570,0.96067,0.96079,1.00,1.12
2015.10.12 14:33:10.685,0.96067,0.96077,1.00,1.00
2015.10.12 14:33:11.195,0.96068,0.9608,1.00,1.75
2015.10.12 14:33:13.101,0.96068,0.9608,1.12,1.75
2015.10.12 14:33:15.837,0.96067,0.9608,1.12,1.75
2015.10.12 14:33:20.005,0.96064,0.96079,2.25,1.75
2015.10.12 14:33:20.107,0.96064,0.96075,1.50,1.00
2015.10.12 14:33:20.614,0.96065,0.96075,1.00,1.00
2015.10.12 14:33:21.339,0.96064,0.96075,1.00,1.00
2015.10.12 14:33:24.405,0.96065,0.96079,1.12,1.87
2015.10.12 14:33:24.934,0.96065,0.96079,1.50,1.75
2015.10.12 14:33:30.219,0.96065,0.96078,1.12,1.12
2015.10.12 14:33:34.330,0.96065,0.9608,1.50,1.87
2015.10.12 14:33:45.279,0.96066,0.96079,1.00,1.12
2015.10.12 14:33:45.330,0.96064,0.96075,1.00,1.00
2015.10.12 14:33:45.832,0.96063,0.96075,1.00,1.00
2015.10.12 14:33:50.853,0.96063,0.96077,1.12,1.12
2015.10.12 14:33:51.158,0.96062,0.96075,1.00,1.12
2015.10.12 14:33:51.718,0.96061,0.96075,1.87,1.12
2015.10.12 14:33:54.970,0.96062,0.96075,1.00,1.12
2015.10.12 14:33:55.498,0.96061,0.96075,1.87,1.12
2015.10.12 14:33:57.829,0.96062,0.96075,1.00,1.12
2015.10.12 14:34:05.724,0.96064,0.96075,1.00,1.12
2015.10.12 14:34:06.249,0.96063,0.96076,1.50,1.12
2015.10.12 14:34:08.312,0.96062,0.96076,1.12,1.12
2015.10.12 14:34:08.854,0.96063,0.96076,1.50,1.12
2015.10.12 14:34:09.786,0.96064,0.96076,1.00,1.12
2015.10.12 14:34:09.888,0.96064,0.96078,1.12,1.12
2015.10.12 14:34:10.375,0.96066,0.96078,1.00,1.12
2015.10.12 14:34:10.579,0.96069,0.96083,1.12,1.12
2015.10.12 14:34:10.873,0.96068,0.96081,1.00,1.12
2015.10.12 14:34:11.385,0.96069,0.96082,1.00,1.12
2015.10.12 14:34:11.929,0.96068,0.96082,1.12,1.12
2015.10.12 14:34:16.197,0.96069,0.96082,1.00,1.12
2015.10.12 14:34:17.412,0.96068,0.96082,1.12,1.12
2015.10.12 14:34:18.725,0.96069,0.96082,1.00,1.12
2015.10.12 14:34:19.248,0.96068,0.96082,1.12,1.12
2015.10.12 14:34:19.783,0.96069,0.96082,1.00,1.12
2015.10.12 14:34:20.299,0.96069,0.96083,1.12,1.87
2015.10.12 14:34:20.817,0.96069,0.96083,1.50,1.75
2015.10.12 14:34:23.121,0.96071,0.96083,1.00,1.75
2015.10.12 14:34:23.325,0.96068,0.96082,1.12,1.12
2015.10.12 14:34:28.380,0.96067,0.96082,1.75,2.25
2015.10.12 14:34:30.691,0.9607,0.96083,1.00,2.05
2015.10.12 14:34:31.892,0.96069,0.96083,1.87,1.12
2015.10.12 14:34:33.104,0.9607,0.9608,1.12,1.00
2015.10.12 14:34:33.629,0.9607,0.96084,1.50,1.35
2015.10.12 14:34:35.014,0.9607,0.96083,1.12,1.35
2015.10.12 14:34:41.758,0.96071,0.96083,1.00,1.12
2015.10.12 14:34:41.859,0.96071,0.96085,1.12,2.47
2015.10.12 14:34:42.421,0.9607,0.96082,1.00,1.35
2015.10.12 14:34:42.930,0.96069,0.96083,1.87,1.12
2015.10.12 14:34:43.718,0.9607,0.96083,1.00,1.12
2015.10.12 14:34:44.227,0.96071,0.96083,1.00,1.12
2015.10.12 14:34:44.633,0.96069,0.96083,2.62,1.12
2015.10.12 14:34:45.158,0.9607,0.96083,1.00,1.12
2015.10.12 14:34:45.260,0.9607,0.96081,1.00,1.12
2015.10.12 14:34:45.362,0.9607,0.96083,1.00,1.12
2015.10.12 14:34:46.853,0.96069,0.96083,2.62,1.12
2015.10.12 14:34:48.142,0.96071,0.96083,1.00,1.12
2015.10.12 14:34:48.397,0.96069,0.96083,1.87,2.05
2015.10.12 14:34:50.932,0.96071,0.96083,1.00,2.05
2015.10.12 14:34:51.238,0.96069,0.96083,1.12,2.05
2015.10.12 14:34:51.764,0.96069,0.96083,1.50,1.35
2015.10.12 14:34:57.146,0.9607,0.96084,1.37,2.10
2015.10.12 14:34:57.676,0.9607,0.96084,1.50,1.35
2015.10.12 14:35:01.038,0.96073,0.96084,1.00,1.35
2015.10.12 14:35:01.593,0.96073,0.96084,1.00,1.35
2015.10.12 14:35:04.235,0.96074,0.96083,1.00,1.67
2015.10.12 14:35:06.269,0.96074,0.96084,1.12,1.67
2015.10.12 14:35:06.797,0.96074,0.96084,1.12,1.30
2015.10.12 14:35:08.600,0.96074,0.96085,1.12,1.35
2015.10.12 14:35:09.531,0.96073,0.96086,1.50,1.75
2015.10.12 14:35:09.838,0.96082,0.96093,1.50,1.75
2015.10.12 14:35:09.942,0.96082,0.96093,1.87,1.50
2015.10.12 14:35:10.146,0.96084,0.96093,1.00,1.50
2015.10.12 14:35:10.681,0.96083,0.96096,1.00,1.87
2015.10.12 14:35:24.305,0.96083,0.96094,1.00,1.75
2015.10.12 14:35:24.958,0.96082,0.96094,1.00,1.75
2015.10.12 14:35:26.105,0.9608,0.96092,1.50,1.50
2015.10.12 14:35:26.629,0.96079,0.96092,1.50,1.75
2015.10.12 14:35:26.784,0.96077,0.96088,1.00,2.25
2015.10.12 14:35:26.836,0.96073,0.96088,1.75,3.00
2015.10.12 14:35:27.142,0.96073,0.96087,1.12,1.12
2015.10.12 14:35:28.413,0.96074,0.96087,1.00,1.12
2015.10.12 14:35:29.542,0.96075,0.96087,1.00,1.12
2015.10.12 14:35:30.005,0.96076,0.9609,1.12,1.12
2015.10.12 14:35:30.312,0.96078,0.9609,1.00,1.12
2015.10.12 14:35:30.832,0.96077,0.9609,1.00,1.12
2015.10.12 14:35:31.817,0.96076,0.9609,1.87,1.12
2015.10.12 14:35:32.354,0.96076,0.96088,1.50,1.75
2015.10.12 14:35:32.884,0.96075,0.96089,1.12,1.12
2015.10.12 14:35:33.398,0.96076,0.9609,1.12,1.87
2015.10.12 14:35:38.655,0.96076,0.96088,1.00,2.25
2015.10.12 14:35:38.757,0.96074,0.96088,1.87,2.62
2015.10.12 14:35:39.305,0.96074,0.96088,2.25,1.75
2015.10.12 14:35:39.458,0.96076,0.96088,1.00,1.00
2015.10.12 14:35:39.967,0.96077,0.96088,1.00,1.00
2015.10.12 14:35:40.293,0.96081,0.96091,1.00,1.50
2015.10.12 14:35:40.604,0.96088,0.96098,1.75,1.00
2015.10.12 14:35:40.706,0.96088,0.96102,1.75,2.25
2015.10.12 14:35:40.809,0.96091,0.96099,1.12,1.00
2015.10.12 14:35:40.963,0.96089,0.96099,1.87,1.12
2015.10.12 14:35:41.476,0.9609,0.96102,1.12,2.10
2015.10.12 14:35:41.986,0.96091,0.96102,1.00,2.10
2015.10.12 14:35:42.502,0.96091,0.96102,1.12,1.50
2015.10.12 14:35:43.294,0.96092,0.96102,1.00,1.50
2015.10.12 14:35:43.924,0.96091,0.96102,1.12,1.50
2015.10.12 14:35:45.386,0.96092,0.96102,1.00,1.50
2015.10.12 14:35:45.895,0.96092,0.96105,1.12,1.35
2015.10.12 14:35:47.250,0.96093,0.96104,1.00,1.75
2015.10.12 14:35:50.644,0.96092,0.96104,1.12,1.35
2015.10.12 14:35:54.951,0.96092,0.96103,1.12,1.35
2015.10.12 14:35:55.053,0.9609,0.96101,1.12,1.67
2015.10.12 14:35:55.568,0.9609,0.96101,1.00,1.35
2015.10.12 14:35:57.237,0.9609,0.96103,1.50,2.85
2015.10.12 14:35:58.169,0.9609,0.96103,1.12,2.85
2015.10.12 14:36:09.805,0.96085,0.961,1.87,1.50
2015.10.12 14:36:09.856,0.96085,0.961,1.50,1.87
2015.10.12 14:36:09.908,0.96085,0.96099,1.12,1.12
2015.10.12 14:36:10.264,0.96083,0.96097,1.12,1.12
2015.10.12 14:36:10.571,0.96076,0.9609,1.12,1.12
2015.10.12 14:36:11.081,0.96075,0.9609,1.75,2.25
2015.10.12 14:36:11.386,0.96079,0.96094,2.25,1.75
2015.10.12 14:36:18.281,0.96077,0.9609,1.12,1.00
2015.10.12 14:36:29.189,0.96077,0.96088,1.37,1.00
2015.10.12 14:36:29.241,0.96075,0.96088,1.12,1.00
2015.10.12 14:36:29.343,0.96074,0.96088,2.25,2.25
2015.10.12 14:36:33.278,0.96075,0.96088,1.75,1.87
2015.10.12 14:36:34.761,0.96075,0.96088,1.87,1.00
2015.10.12 14:36:35.214,0.96076,0.9609,1.12,1.12
2015.10.12 14:36:38.082,0.96077,0.96086,1.00,1.00
2015.10.12 14:36:38.286,0.96072,0.96084,1.75,1.12
2015.10.12 14:36:42.037,0.96072,0.96087,1.75,1.75
2015.10.12 14:36:42.544,0.96073,0.96088,2.25,2.25
2015.10.12 14:36:42.647,0.96075,0.9609,2.25,1.50
2015.10.12 14:36:42.778,0.96077,0.96091,1.75,1.50
2015.10.12 14:36:43.241,0.96075,0.9609,2.25,2.25
2015.10.12 14:36:46.792,0.96076,0.9609,1.75,1.87
2015.10.12 14:36:46.843,0.96076,0.9609,1.87,1.12
2015.10.12 14:36:55.237,0.96078,0.96093,2.25,1.75
2015.10.12 14:36:59.905,0.96077,0.96092,1.75,1.50
2015.10.12 14:37:05.861,0.96077,0.96092,1.50,2.62
2015.10.12 14:37:06.168,0.96075,0.96086,1.75,1.00
2015.10.12 14:37:06.271,0.96073,0.96086,1.87,3.00
2015.10.12 14:37:09.570,0.96071,0.96082,1.12,1.50
2015.10.12 14:37:09.879,0.96065,0.96077,1.00,1.87
2015.10.12 14:37:10.489,0.96061,0.96076,3.00,1.75
2015.10.12 14:37:13.396,0.96064,0.96076,1.00,1.75
2015.10.12 14:37:13.944,0.9606,0.96077,3.75,2.62
2015.10.12 14:37:17.675,0.96064,0.96077,1.00,1.87
2015.10.12 14:37:18.183,0.96065,0.96077,1.00,1.87
2015.10.12 14:37:18.733,0.96064,0.96077,1.00,1.87
2015.10.12 14:37:19.268,0.96065,0.96077,1.00,1.87
2015.10.12 14:37:20.136,0.96064,0.96077,1.00,1.87
2015.10.12 14:37:23.398,0.96064,0.96074,1.12,1.00
2015.10.12 14:37:23.499,0.96064,0.96075,1.00,1.50
2015.10.12 14:37:25.955,0.96062,0.96075,1.12,2.25
2015.10.12 14:37:32.992,0.9606,0.96071,1.75,1.00
2015.10.12 14:37:33.043,0.9606,0.96071,1.37,1.37
2015.10.12 14:37:33.348,0.96055,0.96065,1.00,1.12
2015.10.12 14:37:33.509,0.9605,0.96065,1.50,1.12
2015.10.12 14:37:33.916,0.96051,0.96061,1.00,1.37
2015.10.12 14:37:33.967,0.96046,0.9606,1.75,1.37
2015.10.12 14:37:34.019,0.96046,0.9606,1.50,1.50
2015.10.12 14:37:34.532,0.96045,0.96061,3.00,1.12
2015.10.12 14:37:34.860,0.96047,0.96064,1.87,2.62
2015.10.12 14:37:35.165,0.96045,0.9606,1.12,1.50
2015.10.12 14:37:35.216,0.96042,0.96058,5.62,5.25
2015.10.12 14:37:35.267,0.96042,0.96056,1.12,1.12
2015.10.12 14:37:35.318,0.96039,0.96054,2.25,1.87
2015.10.12 14:37:35.523,0.96038,0.9605,1.50,1.00
2015.10.12 14:37:35.676,0.96038,0.96053,1.00,1.00
2015.10.12 14:37:35.932,0.9604,0.96053,1.00,1.00
2015.10.12 14:37:36.442,0.9604,0.96054,1.00,1.50
2015.10.12 14:37:37.483,0.96039,0.96054,1.00,1.50
2015.10.12 14:37:37.790,0.9604,0.96052,1.00,1.00
2015.10.12 14:37:38.095,0.96039,0.9605,1.00,1.50
2015.10.12 14:37:38.146,0.96033,0.96051,2.25,1.12
2015.10.12 14:37:38.249,0.96035,0.96052,1.00,1.12
2015.10.12 14:37:38.560,0.96042,0.96057,1.50,1.00
2015.10.12 14:37:38.764,0.96045,0.96061,1.00,1.00
2015.10.12 14:37:39.273,0.96045,0.96062,1.50,1.12
2015.10.12 14:37:39.375,0.96047,0.96062,1.00,1.87
2015.10.12 14:37:41.806,0.96045,0.96062,1.50,1.12
2015.10.12 14:37:42.009,0.96049,0.96065,1.00,1.50
2015.10.12 14:37:42.111,0.96049,0.96066,1.50,1.12
2015.10.12 14:37:42.264,0.9605,0.96066,1.12,5.25
2015.10.12 14:37:42.579,0.96045,0.96056,1.00,1.12
2015.10.12 14:37:42.682,0.9604,0.96056,2.25,1.12
2015.10.12 14:37:42.885,0.96039,0.96054,2.25,1.12
2015.10.12 14:37:43.393,0.9604,0.96055,1.37,1.12
2015.10.12 14:37:44.882,0.96042,0.96055,1.00,1.12
2015.10.12 14:37:46.600,0.96041,0.96055,1.87,1.12
2015.10.12 14:37:52.660,0.96046,0.96055,1.00,1.12
2015.10.12 14:37:52.814,0.96049,0.96059,1.00,1.12
2015.10.12 14:37:52.917,0.9605,0.96065,1.37,1.12
2015.10.12 14:37:53.019,0.96053,0.96066,1.00,2.62
2015.10.12 14:37:53.332,0.96057,0.96067,1.00,1.12
2015.10.12 14:37:53.842,0.96056,0.96067,1.00,1.12
2015.10.12 14:37:57.179,0.96057,0.96067,1.00,1.12
2015.10.12 14:37:58.711,0.96056,0.96067,1.00,1.12
2015.10.12 14:37:59.712,0.96055,0.96067,1.00,1.12
2015.10.12 14:38:00.751,0.96055,0.96068,1.00,1.12
2015.10.12 14:38:01.290,0.96056,0.96069,1.00,1.12
2015.10.12 14:38:02.250,0.96058,0.96069,1.00,1.12
2015.10.12 14:38:02.779,0.96057,0.96069,1.00,1.12
2015.10.12 14:38:07.276,0.96056,0.96069,1.00,1.12
2015.10.12 14:38:07.801,0.96055,0.96069,1.87,1.12
2015.10.12 14:38:18.931,0.96055,0.96067,1.00,1.12
2015.10.12 14:38:27.442,0.96053,0.96065,1.00,1.12
2015.10.12 14:38:27.544,0.96051,0.96064,1.00,1.12
2015.10.12 14:38:27.646,0.96049,0.96063,2.25,1.12
2015.10.12 14:38:28.156,0.9605,0.96063,1.00,1.87
2015.10.12 14:38:28.476,0.96049,0.96057,1.00,1.50
2015.10.12 14:38:28.527,0.96042,0.96056,1.87,1.12
2015.10.12 14:38:28.579,0.96041,0.96054,1.50,1.75
2015.10.12 14:38:29.090,0.96041,0.96055,1.12,1.12
2015.10.12 14:38:29.613,0.96038,0.96053,2.25,1.75
2015.10.12 14:38:31.183,0.96041,0.96054,1.00,1.12
2015.10.12 14:38:31.488,0.96048,0.96056,1.00,1.12
2015.10.12 14:38:31.656,0.9605,0.96058,1.00,1.12
2015.10.12 14:38:31.707,0.96048,0.96058,1.00,1.12
2015.10.12 14:38:31.759,0.9605,0.9606,1.00,1.12
2015.10.12 14:38:31.963,0.96051,0.96063,1.12,1.75
2015.10.12 14:38:32.065,0.96051,0.96063,1.00,1.87
2015.10.12 14:38:32.471,0.96052,0.96062,1.00,1.00
2015.10.12 14:38:33.246,0.96052,0.96064,1.00,1.12
2015.10.12 14:38:34.381,0.96051,0.96064,1.00,1.12
2015.10.12 14:38:35.354,0.96052,0.96064,1.00,1.12
2015.10.12 14:38:36.673,0.9605,0.96062,1.12,1.50
2015.10.12 14:38:37.188,0.96051,0.96061,1.00,1.75
2015.10.12 14:38:37.239,0.96053,0.96061,1.00,1.75
2015.10.12 14:38:37.748,0.96053,0.96064,1.00,1.12
2015.10.12 14:38:38.270,0.96056,0.96064,1.00,1.12
2015.10.12 14:38:38.778,0.96055,0.96064,1.00,1.12
2015.10.12 14:38:38.880,0.96053,0.96064,1.00,1.12
2015.10.12 14:38:39.395,0.96052,0.96063,1.00,2.25
2015.10.12 14:38:39.548,0.96054,0.96063,1.00,1.75
2015.10.12 14:38:40.108,0.96052,0.96064,1.00,1.87
2015.10.12 14:38:41.290,0.96054,0.96063,1.00,1.75
2015.10.12 14:38:42.410,0.96053,0.96064,1.00,2.62
2015.10.12 14:38:42.927,0.96054,0.96064,1.00,2.62
2015.10.12 14:38:43.923,0.96053,0.96064,1.00,2.62
2015.10.12 14:38:44.435,0.96052,0.96063,1.00,2.25
2015.10.12 14:38:44.740,0.96054,0.96065,1.00,1.12
2015.10.12 14:38:45.271,0.96055,0.96065,1.00,1.12
2015.10.12 14:38:46.022,0.96053,0.96065,1.00,1.87
2015.10.12 14:38:46.659,0.96055,0.96065,1.00,1.87
2015.10.12 14:38:48.645,0.96055,0.96064,1.00,1.00
2015.10.12 14:38:49.153,0.96056,0.96064,1.00,1.00
2015.10.12 14:38:50.731,0.96055,0.96064,1.00,1.00
2015.10.12 14:38:55.927,0.96055,0.96065,1.00,2.25
2015.10.12 14:38:56.054,0.9605,0.96063,1.00,2.62
2015.10.12 14:38:56.361,0.96051,0.96059,1.00,1.75
2015.10.12 14:38:56.463,0.96048,0.96059,1.00,1.75
2015.10.12 14:38:56.769,0.96046,0.96058,1.60,1.75
2015.10.12 14:38:56.871,0.96044,0.96057,2.25,1.75
2015.10.12 14:38:57.383,0.96045,0.96056,1.00,1.75
2015.10.12 14:38:58.437,0.96046,0.96056,1.00,1.75
2015.10.12 14:38:58.988,0.96045,0.96055,1.00,1.50
2015.10.12 14:38:59.945,0.96045,0.96053,1.00,1.50
2015.10.12 14:39:00.453,0.96042,0.96053,1.75,1.00
2015.10.12 14:39:02.479,0.96043,0.96055,1.50,1.50
2015.10.12 14:39:02.530,0.96046,0.96056,1.00,2.25
2015.10.12 14:39:02.836,0.96048,0.96056,1.00,1.50
2015.10.12 14:39:03.357,0.96045,0.96056,1.12,1.50
2015.10.12 14:39:03.561,0.96046,0.96059,1.37,3.22
2015.10.12 14:39:03.613,0.96046,0.96059,1.75,2.10
2015.10.12 14:39:04.121,0.96046,0.9606,1.50,3.60
2015.10.12 14:39:04.865,0.96046,0.96058,1.37,2.25
2015.10.12 14:39:05.466,0.96048,0.96058,1.00,2.25
2015.10.12 14:39:06.280,0.96047,0.96058,1.00,2.25
2015.10.12 14:39:07.445,0.96048,0.96059,1.50,1.87
2015.10.12 14:39:08.375,0.9605,0.96059,1.00,1.00
2015.10.12 14:39:08.885,0.96051,0.96061,1.00,2.10
2015.10.12 14:39:09.415,0.96051,0.96063,1.50,3.60
2015.10.12 14:39:09.938,0.96053,0.96063,1.00,4.35
2015.10.12 14:39:10.197,0.96053,0.96063,1.00,2.25
2015.10.12 14:39:10.249,0.96053,0.96063,1.00,2.25
2015.10.12 14:39:11.077,0.96052,0.96063,1.00,3.00
2015.10.12 14:39:11.587,0.96053,0.96065,1.00,1.75
2015.10.12 14:39:11.638,0.96057,0.96066,1.00,1.75
2015.10.12 14:39:12.147,0.96057,0.96066,1.00,1.75
2015.10.12 14:39:12.860,0.96057,0.96068,1.00,2.25
2015.10.12 14:39:12.962,0.9606,0.9607,1.00,1.50
2015.10.12 14:39:13.464,0.9606,0.96071,1.00,1.75
2015.10.12 14:39:13.977,0.9606,0.96071,1.00,2.25
2015.10.12 14:39:15.820,0.96061,0.96071,1.00,1.50
2015.10.12 14:39:16.035,0.96062,0.96074,1.00,2.25
2015.10.12 14:39:16.471,0.96064,0.96074,1.00,1.75
2015.10.12 14:39:16.778,0.96063,0.9607,1.00,1.50
2015.10.12 14:39:17.330,0.96063,0.9607,1.00,1.75
2015.10.12 14:39:17.926,0.96063,0.96068,1.00,1.50
2015.10.12 14:39:18.445,0.96062,0.96066,1.00,1.00
2015.10.12 14:39:18.750,0.96059,0.96069,1.00,1.50
2015.10.12 14:39:20.444,0.9606,0.9607,1.00,1.75
2015.10.12 14:39:21.112,0.96061,0.9607,1.00,1.75
2015.10.12 14:39:21.488,0.96063,0.96071,1.00,1.75
2015.10.12 14:39:21.642,0.96063,0.96072,1.00,1.50
2015.10.12 14:39:22.585,0.96064,0.96074,1.00,1.87
2015.10.12 14:39:22.637,0.96067,0.96076,1.00,1.12
2015.10.12 14:39:22.688,0.96067,0.96077,1.00,1.50
2015.10.12 14:39:22.739,0.96067,0.96078,1.00,1.75
2015.10.12 14:39:26.770,0.96067,0.96077,1.00,1.75
2015.10.12 14:39:29.677,0.96065,0.96073,1.00,1.50
2015.10.12 14:39:29.779,0.96062,0.9607,1.00,1.00
2015.10.12 14:39:30.039,0.9606,0.9607,1.50,1.50
2015.10.12 14:39:30.141,0.96062,0.96069,1.00,1.50
2015.10.12 14:39:30.346,0.9606,0.96068,1.00,1.50
2015.10.12 14:39:30.398,0.9606,0.96068,1.00,2.62
2015.10.12 14:39:30.449,0.96058,0.96063,1.00,1.00
2015.10.12 14:39:30.501,0.96051,0.96063,1.00,1.75
2015.10.12 14:39:30.603,0.96051,0.9606,1.00,2.25
2015.10.12 14:39:31.148,0.9605,0.96058,1.00,1.50
2015.10.12 14:39:31.658,0.9605,0.96058,1.00,1.12
2015.10.12 14:39:33.314,0.96051,0.96059,1.00,1.50
2015.10.12 14:39:34.050,0.96051,0.96061,1.12,1.12
2015.10.12 14:39:34.455,0.96052,0.96063,1.00,1.50
2015.10.12 14:39:34.557,0.96052,0.96063,1.75,1.50
2015.10.12 14:39:35.070,0.96053,0.96064,1.50,1.12
2015.10.12 14:39:37.510,0.96055,0.96065,1.12,1.37
2015.10.12 14:39:37.561,0.96055,0.96066,1.50,1.12
2015.10.12 14:39:38.232,0.96053,0.96063,1.50,1.00
2015.10.12 14:39:38.284,0.96053,0.96063,1.00,1.00
2015.10.12 14:39:39.335,0.96053,0.96065,1.50,2.25
2015.10.12 14:39:39.895,0.96054,0.96065,1.50,1.37
2015.10.12 14:39:39.997,0.96058,0.96068,1.00,1.37
2015.10.12 14:39:40.049,0.96058,0.96069,1.00,1.50
2015.10.12 14:39:40.207,0.9606,0.96074,1.12,3.00
2015.10.12 14:39:40.513,0.96064,0.96074,1.12,1.50
2015.10.12 14:39:41.021,0.96064,0.96074,1.00,1.50
2015.10.12 14:39:41.546,0.96066,0.96075,1.00,1.00
2015.10.12 14:39:41.852,0.96067,0.96075,1.75,1.00
2015.10.12 14:39:42.475,0.96067,0.96082,2.25,2.25
2015.10.12 14:39:43.906,0.96067,0.96082,2.25,1.50
2015.10.12 14:39:43.958,0.96067,0.96082,2.62,1.50
2015.10.12 14:39:45.165,0.9607,0.96081,1.75,1.00
2015.10.12 14:39:45.917,0.9607,0.96081,1.75,1.00
2015.10.12 14:39:46.460,0.96069,0.96082,1.75,1.12
2015.10.12 14:39:52.160,0.96074,0.96082,1.00,1.12
2015.10.12 14:39:53.436,0.96076,0.96085,1.00,1.75
2015.10.12 14:39:53.547,0.96075,0.96085,1.12,1.12
2015.10.12 14:39:53.651,0.96073,0.96085,1.12,1.75
2015.10.12 14:39:54.868,0.96074,0.96085,1.00,1.75
2015.10.12 14:39:55.377,0.96075,0.96085,1.00,1.75
2015.10.12 14:39:55.531,0.96075,0.96085,1.00,1.50
2015.10.12 14:39:56.174,0.96076,0.96085,1.00,1.00
2015.10.12 14:39:57.491,0.96077,0.96085,1.00,1.00
2015.10.12 14:39:57.644,0.9608,0.96089,1.00,1.50
2015.10.12 14:39:58.185,0.96081,0.96089,1.00,1.50
2015.10.12 14:39:58.693,0.96081,0.9609,1.00,1.50
2015.10.12 14:39:59.236,0.96082,0.9609,1.00,1.50
2015.10.12 14:39:59.744,0.96082,0.96092,1.00,2.25
2015.10.12 14:40:00.249,0.96083,0.96092,1.00,1.75
2015.10.12 14:40:00.758,0.96084,0.96092,1.00,1.75
2015.10.12 14:40:01.788,0.96083,0.96092,1.00,1.75
2015.10.12 14:40:03.542,0.96084,0.96092,1.00,1.75
2015.10.12 14:40:04.113,0.96085,0.96092,1.00,1.75
2015.10.12 14:40:07.820,0.96084,0.96092,1.00,1.75
2015.10.12 14:40:08.334,0.96083,0.96092,1.00,1.75
2015.10.12 14:40:10.032,0.96084,0.96093,1.00,1.75
2015.10.12 14:40:11.348,0.96083,0.96093,1.00,1.75
2015.10.12 14:40:13.080,0.96083,0.96093,1.00,1.75
2015.10.12 14:40:13.587,0.96083,0.96092,1.00,1.00
2015.10.12 14:40:15.962,0.96084,0.96092,1.00,1.00
2015.10.12 14:40:17.291,0.96085,0.96092,1.00,1.00
2015.10.12 14:40:17.799,0.96084,0.96092,1.00,1.00
2015.10.12 14:40:18.205,0.96086,0.96092,1.00,1.00
2015.10.12 14:40:18.719,0.96085,0.96092,1.00,1.00
2015.10.12 14:40:22.493,0.96086,0.96092,1.00,1.00
2015.10.12 14:40:23.397,0.96085,0.96092,1.00,1.00
2015.10.12 14:40:24.118,0.96083,0.96092,1.00,1.00
2015.10.12 14:40:24.874,0.96085,0.96092,1.00,1.50
2015.10.12 14:40:25.417,0.96084,0.96092,1.00,1.50
2015.10.12 14:40:27.080,0.96089,0.96094,1.00,1.12
2015.10.12 14:40:27.206,0.96093,0.96098,1.00,1.00
2015.10.12 14:40:27.309,0.96095,0.961,1.00,1.30
2015.10.12 14:40:27.411,0.96093,0.96102,1.00,2.10
2015.10.12 14:40:27.564,0.96093,0.961,1.00,2.85
2015.10.12 14:40:27.666,0.9609,0.96099,1.00,1.72
2015.10.12 14:40:28.181,0.96091,0.96099,1.00,1.30
2015.10.12 14:40:28.946,0.96095,0.96103,1.00,2.25
2015.10.12 14:40:29.058,0.96095,0.96103,1.00,1.00
2015.10.12 14:40:29.568,0.96095,0.96104,1.00,1.50
2015.10.12 14:40:30.084,0.96096,0.96104,1.00,1.50
2015.10.12 14:40:30.494,0.96094,0.96104,1.00,1.00
2015.10.12 14:40:30.595,0.96096,0.96104,1.00,1.00
2015.10.12 14:40:31.132,0.96095,0.96104,1.00,1.00
2015.10.12 14:40:31.661,0.96096,0.96104,1.00,1.00
2015.10.12 14:40:32.281,0.96094,0.96104,1.00,1.35
2015.10.12 14:40:32.384,0.96093,0.96103,1.00,1.67
2015.10.12 14:40:32.712,0.9609,0.961,1.00,1.67
2015.10.12 14:40:33.221,0.9609,0.961,1.00,1.35
2015.10.12 14:40:33.570,0.96088,0.961,1.12,1.35
2015.10.12 14:40:34.693,0.9609,0.961,1.00,1.35
2015.10.12 14:40:35.243,0.96091,0.96101,1.00,1.35
2015.10.12 14:40:35.447,0.96089,0.96101,1.00,2.10
2015.10.12 14:40:36.045,0.9609,0.961,1.00,1.35
2015.10.12 14:40:38.226,0.96091,0.961,1.00,1.35
2015.10.12 14:40:38.328,0.96089,0.961,1.00,1.35
2015.10.12 14:40:39.197,0.96091,0.961,1.00,1.35
2015.10.12 14:40:39.733,0.9609,0.961,1.00,1.35
2015.10.12 14:40:40.246,0.96089,0.961,1.00,1.35
2015.10.12 14:40:41.068,0.96089,0.96101,1.50,1.67
2015.10.12 14:40:50.630,0.96086,0.96098,1.75,2.10
2015.10.12 14:40:50.733,0.96085,0.96098,1.75,1.35
2015.10.12 14:40:50.784,0.96085,0.96094,1.37,1.12
2015.10.12 14:40:50.835,0.96085,0.96094,1.00,1.50
2015.10.12 14:40:51.595,0.96083,0.96094,1.12,1.50
2015.10.12 14:40:51.903,0.96085,0.96093,1.00,1.12
2015.10.12 14:40:52.367,0.96083,0.96094,1.12,1.50
2015.10.12 14:40:52.894,0.96084,0.96094,1.00,1.50
2015.10.12 14:40:53.402,0.96083,0.96093,1.12,1.12
2015.10.12 14:40:53.913,0.96084,0.96093,1.00,1.50
2015.10.12 14:40:55.421,0.96083,0.96093,1.00,1.50
2015.10.12 14:40:58.177,0.96082,0.96093,1.12,1.50
2015.10.12 14:40:58.686,0.96083,0.96093,1.00,1.50
2015.10.12 14:40:59.278,0.96082,0.96093,1.12,1.50
2015.10.12 14:40:59.620,0.96084,0.96093,1.00,1.50
2015.10.12 14:41:00.128,0.96083,0.96093,1.00,1.50
2015.10.12 14:41:00.820,0.96084,0.96093,1.00,1.50
2015.10.12 14:41:01.184,0.96085,0.96095,1.12,1.12
2015.10.12 14:41:01.490,0.96087,0.96095,1.00,1.12
2015.10.12 14:41:02.002,0.96087,0.96097,1.00,1.50
2015.10.12 14:41:02.539,0.96086,0.96098,1.12,2.85
2015.10.12 14:41:06.920,0.96086,0.96098,1.00,2.10
2015.10.12 14:41:07.508,0.96084,0.96098,1.50,2.10
2015.10.12 14:41:08.096,0.96085,0.96097,1.00,2.10
2015.10.12 14:41:08.401,0.96083,0.96097,1.75,1.50
2015.10.12 14:41:10.391,0.96085,0.96095,1.50,1.12
2015.10.12 14:41:10.923,0.96084,0.96097,1.50,2.10
2015.10.12 14:41:11.433,0.96084,0.96096,1.50,1.50
2015.10.12 14:41:11.688,0.96084,0.96095,1.00,1.75
2015.10.12 14:41:13.224,0.96084,0.96095,1.12,1.50
2015.10.12 14:41:14.902,0.96085,0.96096,1.00,1.75
2015.10.12 14:41:15.411,0.96084,0.96097,1.50,2.10
2015.10.12 14:41:17.566,0.96084,0.96096,1.00,1.50
2015.10.12 14:41:28.981,0.96083,0.96094,1.12,1.50
2015.10.12 14:41:30.095,0.96084,0.96094,1.00,1.50
2015.10.12 14:41:32.650,0.96083,0.96094,1.12,1.50
2015.10.12 14:41:33.165,0.96083,0.96096,1.50,1.75
2015.10.12 14:41:40.068,0.96084,0.96095,1.00,1.00
2015.10.12 14:41:41.155,0.96082,0.96095,1.50,1.37
2015.10.12 14:41:43.962,0.96081,0.96096,4.12,1.37
2015.10.12 14:41:44.013,0.96082,0.96096,1.12,1.12
2015.10.12 14:41:47.317,0.96083,0.96095,1.75,1.00
2015.10.12 14:41:51.492,0.96083,0.96096,1.75,1.12
2015.10.12 14:41:52.050,0.96086,0.96097,1.37,1.00
2015.10.12 14:41:52.203,0.96087,0.96099,1.00,1.00
2015.10.12 14:41:53.119,0.96087,0.961,1.00,2.85
2015.10.12 14:41:54.408,0.96085,0.96098,1.50,1.75
2015.10.12 14:41:54.917,0.96083,0.96097,1.75,2.10
2015.10.12 14:41:55.425,0.96084,0.96097,1.75,1.67
2015.10.12 14:41:55.963,0.96085,0.96097,1.00,1.35
2015.10.12 14:41:56.268,0.96089,0.96097,1.00,1.35
2015.10.12 14:41:56.589,0.96093,0.961,1.00,2.47
2015.10.12 14:41:56.702,0.96093,0.96105,1.12,1.75
2015.10.12 14:41:56.855,0.96093,0.96105,3.00,1.50
2015.10.12 14:41:57.162,0.96097,0.96108,1.00,1.35
2015.10.12 14:41:57.315,0.96097,0.96108,1.12,1.67
2015.10.12 14:42:01.427,0.96096,0.96108,1.12,1.35
2015.10.12 14:42:02.306,0.96097,0.96108,1.00,1.35
2015.10.12 14:42:03.107,0.96095,0.96108,1.50,1.35
2015.10.12 14:42:13.105,0.96097,0.96108,1.00,1.35
2015.10.12 14:42:22.750,0.96098,0.96112,1.12,1.87
2015.10.12 14:42:22.852,0.96098,0.9611,3.00,1.00
