2015.10.21 13:00:00.197,0.95677,0.95681,1.00,1.00
2015.10.21 13:00:00.605,0.95674,0.95679,1.00,1.00
2015.10.21 13:00:01.109,0.95675,0.95681,1.12,1.00
2015.10.21 13:00:01.643,0.95676,0.95681,1.00,1.00
2015.10.21 13:00:02.172,0.95675,0.9568,1.12,1.00
2015.10.21 13:00:02.681,0.95673,0.9568,1.37,1.00
2015.10.21 13:00:04.384,0.95673,0.95679,1.37,1.00
2015.10.21 13:00:08.123,0.95673,0.9568,1.37,1.00
2015.10.21 13:00:08.475,0.95673,0.95677,1.12,1.00
2015.10.21 13:00:08.526,0.95671,0.95677,1.50,1.00
2015.10.21 13:00:08.679,0.95669,0.95675,1.12,1.00
2015.10.21 13:00:08.782,0.95665,0.95671,1.50,1.00
2015.10.21 13:00:11.267,0.95664,0.9567,1.75,1.00
2015.10.21 13:00:13.430,0.95665,0.95672,1.50,1.00
2015.10.21 13:00:13.481,0.95668,0.95672,1.00,1.00
2015.10.21 13:00:13.633,0.95668,0.95674,1.00,1.00
2015.10.21 13:00:14.136,0.95669,0.95674,1.00,1.00
2015.10.21 13:00:14.644,0.9567,0.95674,1.00,1.00
2015.10.21 13:00:19.243,0.9567,0.95678,1.00,1.50
2015.10.21 13:00:19.701,0.9567,0.9568,1.12,1.12
2015.10.21 13:00:21.320,0.95672,0.9568,1.00,1.12
2015.10.21 13:00:21.846,0.9567,0.95679,1.12,1.00
2015.10.21 13:00:23.339,0.95669,0.9568,1.50,1.12
2015.10.21 13:00:24.418,0.95671,0.9568,1.00,1.12
2015.10.21 13:00:25.261,0.95672,0.95682,1.00,1.75
2015.10.21 13:00:31.770,0.95675,0.95683,1.00,1.37
2015.10.21 13:00:31.936,0.95675,0.95685,1.12,1.12
2015.10.21 13:00:32.453,0.95676,0.95687,1.00,1.75
2015.10.21 13:00:33.247,0.95676,0.95685,1.00,1.37
2015.10.21 13:00:33.755,0.95676,0.95687,1.00,1.75
2015.10.21 13:00:38.760,0.95676,0.95687,1.12,1.75
2015.10.21 13:00:39.288,0.95676,0.95687,1.12,1.37
2015.10.21 13:00:44.133,0.95678,0.95687,1.00,1.37
2015.10.21 13:00:44.285,0.95676,0.95687,1.87,1.37
2015.10.21 13:00:45.290,0.95679,0.95688,1.00,1.50
2015.10.21 13:00:45.595,0.95687,0.95697,1.12,1.37
2015.10.21 13:00:45.647,0.95687,0.95701,1.12,3.37
2015.10.21 13:00:45.698,0.95687,0.95699,1.37,1.00
2015.10.21 13:00:45.851,0.95689,0.95701,1.00,1.50
2015.10.21 13:00:47.539,0.95689,0.95699,1.00,1.00
2015.10.21 13:00:47.845,0.95682,0.95693,1.50,1.37
2015.10.21 13:00:47.998,0.95683,0.95697,1.75,1.50
2015.10.21 13:00:48.100,0.95686,0.95698,1.50,1.12
2015.10.21 13:00:48.461,0.95686,0.95698,1.37,1.50
2015.10.21 13:00:48.512,0.95682,0.95695,3.00,1.12
2015.10.21 13:00:48.616,0.9568,0.95692,1.50,1.12
2015.10.21 13:00:49.125,0.95679,0.95692,1.50,1.37
2015.10.21 13:01:01.047,0.95676,0.95687,2.25,1.00
2015.10.21 13:01:01.148,0.95678,0.95689,1.00,1.00
2015.10.21 13:01:05.437,0.95678,0.95689,1.00,1.37
2015.10.21 13:01:08.532,0.95675,0.95687,1.75,1.00
2015.10.21 13:01:08.636,0.95675,0.95687,1.00,1.50
2015.10.21 13:01:10.574,0.95674,0.95687,1.75,1.50
2015.10.21 13:01:14.042,0.95673,0.95686,1.50,1.50
2015.10.21 13:01:14.093,0.95673,0.95686,1.50,1.75
2015.10.21 13:01:25.117,0.95675,0.95687,1.12,1.12
2015.10.21 13:01:25.321,0.95675,0.95688,2.25,1.50
2015.10.21 13:01:26.433,0.95675,0.95686,1.75,1.00
2015.10.21 13:01:27.000,0.95675,0.95688,2.25,1.50
2015.10.21 13:01:27.629,0.95676,0.95689,2.25,1.37
2015.10.21 13:01:28.411,0.95675,0.95688,1.50,1.50
2015.10.21 13:01:28.462,0.95675,0.95688,1.12,1.75
2015.10.21 13:01:28.817,0.95675,0.95688,1.37,1.75
2015.10.21 13:01:29.325,0.95674,0.95687,1.75,1.12
2015.10.21 13:01:29.626,0.95671,0.95682,3.37,1.00
2015.10.21 13:01:32.555,0.95673,0.95682,1.00,1.00
2015.10.21 13:01:36.067,0.95673,0.95684,1.00,1.00
2015.10.21 13:01:37.542,0.95671,0.95684,3.37,1.00
2015.10.21 13:01:38.221,0.95672,0.95684,1.12,1.00
2015.10.21 13:01:45.440,0.95675,0.95684,1.00,1.00
2015.10.21 13:01:46.843,0.95674,0.95684,1.00,1.12
2015.10.21 13:01:48.346,0.95672,0.95682,1.75,1.00
2015.10.21 13:01:51.155,0.95671,0.95683,2.25,1.00
2015.10.21 13:01:51.663,0.95671,0.95682,2.25,1.00
2015.10.21 13:01:53.688,0.95671,0.95683,2.25,1.00
2015.10.21 13:01:54.217,0.95671,0.95682,2.25,1.00
2015.10.21 13:01:59.095,0.95671,0.95683,2.25,1.00
2015.10.21 13:02:01.601,0.95671,0.95682,2.25,1.00
2015.10.21 13:02:03.608,0.95671,0.95681,2.25,1.00
2015.10.21 13:02:09.325,0.95671,0.95683,1.75,1.00
2015.10.21 13:02:12.874,0.95671,0.95683,2.62,1.00
2015.10.21 13:02:12.925,0.95669,0.9568,2.25,1.00
2015.10.21 13:02:13.027,0.95669,0.9568,1.12,1.50
2015.10.21 13:02:13.129,0.95669,0.95678,1.50,1.75
2015.10.21 13:02:13.231,0.95669,0.95678,1.12,1.00
2015.10.21 13:02:13.334,0.95666,0.95677,1.12,2.25
2015.10.21 13:02:13.589,0.95665,0.95674,1.50,1.00
2015.10.21 13:02:13.940,0.95665,0.95676,1.67,1.12
2015.10.21 13:02:14.044,0.95667,0.95676,1.50,1.00
2015.10.21 13:02:14.350,0.9567,0.95678,1.12,1.00
2015.10.21 13:02:14.656,0.95665,0.95677,1.75,1.00
2015.10.21 13:02:14.834,0.95664,0.95675,1.75,1.00
2015.10.21 13:02:15.144,0.95663,0.95673,2.62,1.00
2015.10.21 13:02:15.704,0.95663,0.95672,2.62,1.00
2015.10.21 13:02:15.856,0.95664,0.95672,1.00,1.00
2015.10.21 13:02:18.225,0.95664,0.95673,1.00,1.00
2015.10.21 13:02:18.327,0.95664,0.95675,1.00,1.00
2015.10.21 13:02:19.547,0.95666,0.95676,1.00,1.00
2015.10.21 13:02:19.750,0.95664,0.95676,1.00,1.50
2015.10.21 13:02:20.209,0.95667,0.95676,1.00,1.00
2015.10.21 13:02:20.413,0.95664,0.95675,1.50,1.00
2015.10.21 13:02:20.922,0.95664,0.95674,1.50,1.00
2015.10.21 13:02:21.127,0.95665,0.95674,1.37,1.00
2015.10.21 13:02:21.436,0.95665,0.95674,1.75,1.00
2015.10.21 13:02:21.648,0.95665,0.95676,1.75,1.00
2015.10.21 13:02:23.729,0.95667,0.95677,1.50,1.00
2015.10.21 13:02:24.254,0.95668,0.9568,1.75,1.00
2015.10.21 13:02:24.561,0.95668,0.95678,1.75,1.00
2015.10.21 13:02:25.078,0.95668,0.95679,1.75,1.00
2015.10.21 13:02:25.646,0.95668,0.95679,1.87,1.00
2015.10.21 13:02:26.737,0.95669,0.95681,1.75,1.00
2015.10.21 13:02:27.916,0.95669,0.95679,1.75,1.00
2015.10.21 13:02:28.150,0.95669,0.95679,1.37,1.00
2015.10.21 13:02:29.270,0.9567,0.95679,1.75,1.00
2015.10.21 13:02:29.504,0.95672,0.95681,1.50,1.00
2015.10.21 13:02:30.012,0.95673,0.95682,1.50,1.00
2015.10.21 13:02:35.696,0.95672,0.95683,1.75,1.00
2015.10.21 13:02:36.864,0.95672,0.95683,1.50,1.12
2015.10.21 13:02:37.596,0.95672,0.95683,1.75,1.00
2015.10.21 13:02:37.902,0.95676,0.95687,1.50,1.12
2015.10.21 13:02:39.724,0.95678,0.95688,1.12,1.12
2015.10.21 13:02:39.877,0.95677,0.95688,1.00,1.75
2015.10.21 13:02:40.402,0.95675,0.95688,2.25,2.25
2015.10.21 13:02:40.827,0.95675,0.95684,1.12,1.00
2015.10.21 13:02:40.929,0.95671,0.95683,1.50,1.50
2015.10.21 13:02:40.980,0.95671,0.95679,1.12,1.00
2015.10.21 13:02:41.589,0.95669,0.95679,1.50,1.00
2015.10.21 13:02:42.097,0.95669,0.9568,1.50,1.12
2015.10.21 13:02:42.868,0.95669,0.95678,1.50,1.00
2015.10.21 13:02:52.733,0.95672,0.95678,1.75,1.00
2015.10.21 13:02:52.784,0.95672,0.95682,1.75,1.00
2015.10.21 13:02:53.294,0.95672,0.95683,1.50,1.12
2015.10.21 13:02:53.536,0.95672,0.95683,1.50,1.00
2015.10.21 13:02:53.588,0.95674,0.95685,1.50,1.12
2015.10.21 13:02:53.997,0.95674,0.95683,1.50,1.00
2015.10.21 13:02:54.302,0.95672,0.9568,1.75,1.00
2015.10.21 13:02:54.985,0.95671,0.95682,1.75,1.00
2015.10.21 13:02:55.801,0.95673,0.9568,1.50,1.00
2015.10.21 13:02:55.853,0.95673,0.95683,1.50,1.00
2015.10.21 13:02:56.261,0.95675,0.95685,1.12,1.12
2015.10.21 13:02:56.880,0.95676,0.95685,1.00,1.12
2015.10.21 13:02:57.033,0.95676,0.95687,1.50,1.12
2015.10.21 13:02:57.135,0.9568,0.95687,1.00,1.00
2015.10.21 13:02:57.288,0.9568,0.9569,1.50,1.00
2015.10.21 13:02:57.796,0.95681,0.95691,1.00,1.00
2015.10.21 13:02:58.818,0.95681,0.95692,1.75,1.00
2015.10.21 13:02:59.022,0.95684,0.95695,1.50,1.00
2015.10.21 13:02:59.124,0.95684,0.95693,1.00,1.00
2015.10.21 13:02:59.466,0.95684,0.95694,1.75,1.00
2015.10.21 13:03:00.363,0.95685,0.95694,1.12,1.00
2015.10.21 13:03:00.618,0.95683,0.95694,1.12,1.50
2015.10.21 13:03:00.772,0.9568,0.95689,1.75,1.00
2015.10.21 13:03:00.824,0.9568,0.95689,1.12,1.00
2015.10.21 13:03:03.136,0.95677,0.95689,1.50,1.50
2015.10.21 13:03:03.441,0.95675,0.95686,1.75,1.00
2015.10.21 13:03:18.145,0.95673,0.95685,1.12,1.00
2015.10.21 13:03:18.652,0.95672,0.95684,1.75,1.00
2015.10.21 13:03:19.160,0.95671,0.95684,1.75,1.12
2015.10.21 13:03:19.363,0.95672,0.95684,1.12,1.00
2015.10.21 13:03:19.465,0.95671,0.95684,1.75,1.12
2015.10.21 13:03:19.998,0.95671,0.95684,1.87,1.00
2015.10.21 13:03:28.553,0.95673,0.95686,1.75,1.12
2015.10.21 13:03:30.041,0.95673,0.95686,1.75,1.50
2015.10.21 13:03:34.413,0.95673,0.95686,1.75,1.50
2015.10.21 13:03:36.015,0.95672,0.95684,1.75,1.00
2015.10.21 13:03:36.218,0.95673,0.95686,1.50,2.25
2015.10.21 13:03:39.401,0.95673,0.95686,1.75,2.25
2015.10.21 13:03:40.014,0.95671,0.95684,2.62,1.00
2015.10.21 13:03:42.061,0.95673,0.95686,1.75,1.50
2015.10.21 13:03:44.070,0.95677,0.95687,1.00,1.75
2015.10.21 13:03:44.121,0.95677,0.95687,1.50,1.12
2015.10.21 13:03:44.172,0.95679,0.95687,1.00,1.12
2015.10.21 13:03:44.507,0.95679,0.95687,1.75,1.00
2015.10.21 13:03:44.811,0.95682,0.95689,1.75,1.00
2015.10.21 13:03:45.015,0.95682,0.9569,1.50,1.00
2015.10.21 13:03:45.118,0.95681,0.95692,1.75,1.00
2015.10.21 13:03:45.627,0.95679,0.95692,1.75,1.12
2015.10.21 13:03:46.136,0.95678,0.95689,1.12,1.00
2015.10.21 13:03:46.340,0.95672,0.95685,1.12,1.50
2015.10.21 13:03:46.391,0.95672,0.95682,1.12,1.00
2015.10.21 13:03:46.685,0.95666,0.95676,1.87,1.00
2015.10.21 13:03:46.889,0.95668,0.95674,1.00,1.00
2015.10.21 13:03:48.093,0.95667,0.95676,1.12,1.00
2015.10.21 13:03:48.606,0.95668,0.95676,1.00,1.00
2015.10.21 13:03:48.961,0.95667,0.95673,1.12,1.00
2015.10.21 13:03:49.505,0.95665,0.95674,1.50,1.00
2015.10.21 13:03:50.721,0.95664,0.95677,3.22,1.87
2015.10.21 13:03:51.774,0.95667,0.95676,1.12,1.00
2015.10.21 13:03:51.825,0.95667,0.95676,1.50,1.37
2015.10.21 13:03:52.080,0.95663,0.95676,2.25,1.87
2015.10.21 13:03:52.131,0.95663,0.95674,2.25,1.87
2015.10.21 13:03:52.666,0.95665,0.95674,2.10,1.00
2015.10.21 13:03:53.893,0.95666,0.95679,1.12,1.75
2015.10.21 13:03:53.945,0.95666,0.95679,2.25,1.50
2015.10.21 13:03:56.748,0.95668,0.95679,1.50,1.12
2015.10.21 13:03:59.246,0.95668,0.9568,1.50,1.50
2015.10.21 13:04:00.961,0.95671,0.95684,1.50,1.75
2015.10.21 13:04:01.293,0.95672,0.95685,1.87,1.50
2015.10.21 13:04:02.402,0.95675,0.95687,2.25,2.25
2015.10.21 13:04:02.905,0.95676,0.95687,1.50,1.87
2015.10.21 13:04:09.662,0.95678,0.95691,1.00,1.87
2015.10.21 13:04:09.713,0.9568,0.95691,1.12,1.50
2015.10.21 13:04:09.764,0.95681,0.95693,1.37,1.37
2015.10.21 13:04:09.816,0.95681,0.95693,1.75,1.00
2015.10.21 13:04:10.324,0.95681,0.95693,2.62,1.00
2015.10.21 13:04:10.874,0.95681,0.95694,2.62,1.00
2015.10.21 13:04:15.614,0.95683,0.95696,2.25,1.50
2015.10.21 13:04:16.279,0.95685,0.95697,1.37,1.50
2015.10.21 13:04:16.482,0.95686,0.95699,1.75,1.50
2015.10.21 13:04:17.021,0.95684,0.95697,2.62,1.00
2015.10.21 13:04:24.835,0.95685,0.95698,1.75,1.12
2015.10.21 13:04:42.009,0.95684,0.95696,1.12,1.00
2015.10.21 13:04:42.365,0.95682,0.95695,1.87,1.00
2015.10.21 13:04:42.416,0.95681,0.95693,1.12,1.00
2015.10.21 13:04:42.518,0.95685,0.95696,1.00,1.50
2015.10.21 13:04:42.918,0.95681,0.95695,1.75,1.50
2015.10.21 13:04:43.326,0.95681,0.95694,1.37,1.50
2015.10.21 13:04:43.930,0.95681,0.95693,1.50,1.00
2015.10.21 13:04:45.183,0.95682,0.95688,1.00,1.00
2015.10.21 13:04:45.387,0.95681,0.9569,1.00,1.00
2015.10.21 13:04:45.747,0.95677,0.95687,1.87,1.00
2015.10.21 13:04:47.951,0.95677,0.95689,1.12,1.00
2015.10.21 13:04:48.269,0.95678,0.95691,1.75,1.12
2015.10.21 13:04:48.781,0.95679,0.95692,1.75,1.12
2015.10.21 13:04:52.567,0.95681,0.95694,1.75,3.00
2015.10.21 13:04:55.075,0.95681,0.95694,1.75,1.87
2015.10.21 13:04:55.993,0.95681,0.95694,1.87,1.87
2015.10.21 13:04:56.095,0.95685,0.95696,1.00,2.25
2015.10.21 13:04:57.143,0.95685,0.95695,1.00,1.50
2015.10.21 13:04:57.498,0.9568,0.95693,1.87,1.00
2015.10.21 13:04:58.836,0.95681,0.95693,1.12,1.00
2015.10.21 13:04:58.938,0.95685,0.95695,1.00,1.00
2015.10.21 13:05:00.886,0.95685,0.95693,1.00,1.00
2015.10.21 13:05:01.242,0.9568,0.95691,1.87,1.00
2015.10.21 13:05:01.751,0.95683,0.95691,1.00,1.00
2015.10.21 13:05:02.005,0.95679,0.95692,2.25,1.50
2015.10.21 13:05:02.616,0.9568,0.95692,1.50,1.50
2015.10.21 13:05:03.123,0.9568,0.95692,1.50,1.50
2015.10.21 13:05:03.739,0.95679,0.95692,2.25,1.37
2015.10.21 13:05:03.790,0.9568,0.95693,2.25,1.12
2015.10.21 13:05:04.095,0.9568,0.95692,1.00,1.50
2015.10.21 13:05:04.906,0.9568,0.95695,2.25,2.25
2015.10.21 13:05:05.518,0.95682,0.95695,1.50,1.75
2015.10.21 13:05:17.131,0.95682,0.95693,1.37,1.50
2015.10.21 13:05:17.233,0.95679,0.95692,1.12,2.25
2015.10.21 13:05:17.387,0.95678,0.95688,1.37,1.00
2015.10.21 13:05:17.539,0.95674,0.95686,1.50,1.00
2015.10.21 13:05:18.090,0.95672,0.95685,2.25,1.12
2015.10.21 13:05:18.193,0.95672,0.95683,1.75,1.00
2015.10.21 13:05:18.296,0.95672,0.95683,1.50,1.12
2015.10.21 13:05:21.257,0.95669,0.9568,1.12,1.00
2015.10.21 13:05:21.308,0.95667,0.9568,1.87,1.00
2015.10.21 13:05:21.360,0.95667,0.95678,1.37,1.00
2015.10.21 13:05:21.540,0.95665,0.95678,2.25,1.12
2015.10.21 13:05:22.149,0.95665,0.95678,1.75,2.25
2015.10.21 13:05:23.597,0.95667,0.95677,1.50,1.12
2015.10.21 13:05:23.648,0.95667,0.95679,1.50,1.50
2015.10.21 13:05:24.191,0.95665,0.95678,1.75,1.12
2015.10.21 13:05:24.293,0.95664,0.95677,1.87,1.37
2015.10.21 13:05:24.344,0.95664,0.95676,1.50,1.00
2015.10.21 13:05:24.855,0.95664,0.95675,1.00,1.00
2015.10.21 13:05:26.649,0.95664,0.95674,1.00,1.00
2015.10.21 13:05:26.856,0.95661,0.95672,1.50,1.00
2015.10.21 13:05:27.060,0.95659,0.95672,1.12,1.75
2015.10.21 13:05:36.133,0.95661,0.95672,1.00,1.75
2015.10.21 13:05:36.338,0.95661,0.95674,2.10,3.00
2015.10.21 13:05:37.127,0.9566,0.95673,1.87,1.75
2015.10.21 13:05:37.178,0.9566,0.95673,1.87,1.75
2015.10.21 13:05:38.074,0.95657,0.95669,1.35,1.00
2015.10.21 13:05:38.282,0.95657,0.95669,1.67,1.50
2015.10.21 13:05:39.403,0.95657,0.95672,1.35,1.87
2015.10.21 13:05:39.454,0.95659,0.95671,1.00,1.00
2015.10.21 13:05:45.026,0.95659,0.95671,1.67,1.12
2015.10.21 13:05:45.214,0.95659,0.95671,1.35,1.00
2015.10.21 13:05:45.372,0.95663,0.95673,1.12,1.12
2015.10.21 13:05:45.576,0.95664,0.95675,1.37,1.12
2015.10.21 13:05:46.279,0.95666,0.95676,1.00,1.75
2015.10.21 13:05:46.588,0.95672,0.95679,1.00,1.12
2015.10.21 13:05:48.648,0.95673,0.9568,1.00,1.50
2015.10.21 13:05:49.193,0.95672,0.9568,1.00,1.50
2015.10.21 13:05:49.700,0.95671,0.9568,1.00,1.50
2015.10.21 13:05:50.327,0.95671,0.95678,1.00,1.00
2015.10.21 13:05:52.294,0.95666,0.95678,1.75,1.00
2015.10.21 13:05:52.801,0.95667,0.95678,1.00,1.00
2015.10.21 13:05:55.713,0.95667,0.95679,1.00,2.25
2015.10.21 13:06:00.497,0.95668,0.95679,1.00,2.25
2015.10.21 13:06:04.158,0.95668,0.95678,1.00,1.00
2015.10.21 13:06:04.816,0.95668,0.95678,1.00,1.50
2015.10.21 13:06:08.403,0.95669,0.95679,1.12,1.12
2015.10.21 13:06:08.932,0.9567,0.95679,1.00,1.12
2015.10.21 13:06:10.623,0.95671,0.95679,1.00,1.00
2015.10.21 13:06:11.133,0.9567,0.95679,1.12,1.00
2015.10.21 13:06:11.643,0.95671,0.95679,1.00,1.00
2015.10.21 13:06:12.849,0.95671,0.95681,1.00,1.50
2015.10.21 13:06:13.381,0.95672,0.95681,1.00,1.50
2015.10.21 13:06:13.891,0.95672,0.95681,1.00,1.50
2015.10.21 13:06:16.974,0.9567,0.95681,1.87,1.50
2015.10.21 13:06:20.049,0.9567,0.95682,2.25,1.50
2015.10.21 13:06:20.405,0.9567,0.95682,1.87,2.25
2015.10.21 13:06:32.959,0.95672,0.95681,1.00,1.75
2015.10.21 13:06:33.562,0.95672,0.95681,1.00,1.50
2015.10.21 13:06:34.158,0.95673,0.95681,1.00,1.12
2015.10.21 13:06:37.464,0.95674,0.95682,1.00,1.50
2015.10.21 13:06:37.770,0.9568,0.95685,1.00,1.50
2015.10.21 13:06:38.075,0.95682,0.95686,1.00,2.25
2015.10.21 13:06:38.719,0.95682,0.95691,1.00,1.75
2015.10.21 13:06:38.823,0.95682,0.95691,1.00,1.00
2015.10.21 13:06:38.976,0.95684,0.95691,1.00,1.00
2015.10.21 13:06:45.034,0.95687,0.95691,1.00,1.00
2015.10.21 13:06:47.403,0.95687,0.95696,1.00,1.75
2015.10.21 13:06:48.031,0.95685,0.95693,1.00,1.00
2015.10.21 13:06:49.220,0.95688,0.95693,1.00,1.00
2015.10.21 13:06:49.780,0.95689,0.95693,1.00,1.00
2015.10.21 13:06:50.904,0.95689,0.95696,1.00,1.67
2015.10.21 13:06:51.351,0.95691,0.95697,1.00,1.50
2015.10.21 13:06:51.963,0.9569,0.95699,1.00,1.75
2015.10.21 13:06:52.218,0.95688,0.95699,1.00,1.75
2015.10.21 13:06:52.761,0.95689,0.95699,1.00,1.75
2015.10.21 13:06:58.155,0.95691,0.95699,1.00,1.75
2015.10.21 13:06:58.359,0.95683,0.95696,2.62,1.50
2015.10.21 13:06:58.664,0.95683,0.95696,2.25,1.75
2015.10.21 13:07:04.853,0.95682,0.95693,1.00,1.37
2015.10.21 13:07:05.385,0.95681,0.95694,1.12,5.25
2015.10.21 13:07:05.705,0.95676,0.95687,1.12,1.50
2015.10.21 13:07:06.012,0.9567,0.95682,1.12,2.25
2015.10.21 13:07:06.317,0.95668,0.95682,1.12,2.62
2015.10.21 13:07:06.752,0.95671,0.95682,1.50,1.50
2015.10.21 13:07:06.855,0.95673,0.95684,1.12,1.37
2015.10.21 13:07:06.908,0.95675,0.95686,1.00,1.50
2015.10.21 13:07:07.217,0.95682,0.95691,1.00,1.12
2015.10.21 13:07:07.611,0.95682,0.95694,1.37,1.50
2015.10.21 13:07:07.713,0.95686,0.95698,1.00,3.37
2015.10.21 13:07:08.223,0.95686,0.95699,1.00,2.62
2015.10.21 13:07:08.275,0.95686,0.95699,1.50,2.25
2015.10.21 13:07:08.612,0.95691,0.95699,1.12,1.00
2015.10.21 13:07:09.531,0.95691,0.95703,1.12,1.75
2015.10.21 13:07:12.299,0.95691,0.95701,1.00,1.37
2015.10.21 13:07:12.810,0.9569,0.95701,1.00,1.75
2015.10.21 13:07:16.814,0.9569,0.957,1.00,2.25
2015.10.21 13:07:16.867,0.95686,0.95699,1.50,1.75
2015.10.21 13:07:17.155,0.95689,0.95701,1.00,1.87
2015.10.21 13:07:17.206,0.95689,0.95701,1.12,1.75
2015.10.21 13:07:17.523,0.95689,0.95701,1.00,1.87
2015.10.21 13:07:17.728,0.95687,0.957,1.12,1.75
2015.10.21 13:07:18.268,0.95688,0.957,1.12,1.75
2015.10.21 13:07:18.472,0.9569,0.95701,1.00,1.75
2015.10.21 13:07:20.293,0.95684,0.95697,2.25,1.50
2015.10.21 13:07:20.802,0.95684,0.95696,2.25,1.50
2015.10.21 13:07:23.233,0.95686,0.95698,1.00,2.25
2015.10.21 13:07:24.116,0.95686,0.95697,1.12,1.50
2015.10.21 13:07:31.240,0.95687,0.95698,1.00,2.25
2015.10.21 13:07:31.800,0.95686,0.95697,1.12,1.50
2015.10.21 13:07:33.574,0.95687,0.95698,1.00,1.75
2015.10.21 13:07:35.750,0.95686,0.95698,1.12,1.75
2015.10.21 13:07:40.966,0.95683,0.95697,1.75,1.75
2015.10.21 13:07:41.068,0.95683,0.95697,1.12,3.37
2015.10.21 13:07:41.374,0.9568,0.9569,1.12,1.87
2015.10.21 13:07:43.050,0.95682,0.95691,1.00,1.00
2015.10.21 13:07:43.305,0.9568,0.95693,1.87,1.75
2015.10.21 13:07:43.815,0.95681,0.95693,1.00,1.75
2015.10.21 13:07:44.155,0.95678,0.95691,1.12,2.25
2015.10.21 13:07:44.664,0.95679,0.95688,1.00,1.50
2015.10.21 13:07:45.173,0.9568,0.95688,1.00,1.75
2015.10.21 13:07:45.400,0.95675,0.95688,1.50,1.75
2015.10.21 13:07:45.605,0.95675,0.95686,1.00,1.75
2015.10.21 13:07:46.115,0.95674,0.95687,1.50,2.25
2015.10.21 13:07:46.432,0.95677,0.95688,1.00,2.25
2015.10.21 13:07:47.876,0.95675,0.95688,1.87,2.25
2015.10.21 13:07:48.400,0.95676,0.95688,1.00,1.75
2015.10.21 13:07:48.502,0.95683,0.95691,1.00,1.87
2015.10.21 13:07:48.605,0.95685,0.95695,1.00,2.25
2015.10.21 13:07:48.708,0.95685,0.95695,1.00,1.50
2015.10.21 13:07:49.244,0.95685,0.95699,1.12,2.62
2015.10.21 13:07:54.316,0.95685,0.95696,1.00,1.75
2015.10.21 13:07:54.859,0.95684,0.95696,1.12,3.00
2015.10.21 13:07:59.080,0.95684,0.95696,1.00,2.62
2015.10.21 13:08:01.869,0.95683,0.95695,1.00,1.75
2015.10.21 13:08:02.378,0.95682,0.95695,1.50,1.75
2015.10.21 13:08:06.981,0.95684,0.95695,1.00,1.75
2015.10.21 13:08:09.630,0.95684,0.95695,1.12,1.50
2015.10.21 13:08:14.949,0.95684,0.95697,1.50,1.75
2015.10.21 13:08:19.653,0.95686,0.95696,1.00,2.85
2015.10.21 13:08:19.918,0.9568,0.95691,1.50,1.12
2015.10.21 13:08:20.274,0.9568,0.95691,1.00,2.25
2015.10.21 13:08:20.994,0.9568,0.95695,2.25,2.25
2015.10.21 13:08:21.045,0.95681,0.95695,1.75,2.25
2015.10.21 13:08:24.776,0.95688,0.95697,1.00,1.75
2015.10.21 13:08:24.967,0.95688,0.95701,2.25,1.75
2015.10.21 13:08:25.018,0.95691,0.95703,1.00,1.87
2015.10.21 13:08:25.070,0.95691,0.95703,1.50,1.50
2015.10.21 13:08:25.273,0.9569,0.95702,2.25,1.00
2015.10.21 13:08:25.375,0.9569,0.95703,1.75,1.50
2015.10.21 13:08:29.096,0.95689,0.957,1.75,1.00
2015.10.21 13:08:29.611,0.95692,0.95702,1.00,1.50
2015.10.21 13:08:31.406,0.9569,0.95702,1.50,1.50
2015.10.21 13:08:49.120,0.95689,0.95701,1.75,1.00
2015.10.21 13:08:49.630,0.95689,0.95701,1.75,1.12
2015.10.21 13:08:55.904,0.95689,0.95701,1.12,1.75
2015.10.21 13:08:57.424,0.95687,0.957,1.12,1.75
2015.10.21 13:08:57.730,0.95683,0.95696,1.50,2.25
2015.10.21 13:08:59.301,0.95683,0.95698,2.25,2.62
2015.10.21 13:08:59.353,0.95684,0.95698,1.75,2.25
2015.10.21 13:08:59.862,0.95683,0.95696,1.50,1.75
2015.10.21 13:09:02.415,0.95683,0.95696,2.62,1.37
2015.10.21 13:09:02.467,0.95683,0.95697,2.62,1.50
2015.10.21 13:09:02.722,0.95686,0.95697,1.75,1.00
2015.10.21 13:09:03.051,0.95689,0.95697,1.37,1.00
2015.10.21 13:09:03.563,0.95689,0.95703,1.37,1.75
2015.10.21 13:09:04.545,0.95692,0.95704,1.00,1.87
2015.10.21 13:09:12.565,0.95692,0.95704,1.12,1.75
2015.10.21 13:09:12.874,0.95693,0.95704,1.50,1.12
2015.10.21 13:09:13.182,0.95698,0.95706,1.75,1.00
2015.10.21 13:09:13.691,0.95696,0.95706,1.37,1.00
2015.10.21 13:09:14.208,0.95696,0.95709,1.37,2.25
2015.10.21 13:09:14.793,0.95696,0.95709,1.12,1.50
2015.10.21 13:09:15.881,0.95692,0.95705,2.25,1.12
2015.10.21 13:09:16.187,0.95691,0.95704,1.50,2.25
2015.10.21 13:09:16.494,0.95686,0.95698,1.12,1.75
2015.10.21 13:09:17.060,0.95687,0.957,1.12,2.25
2015.10.21 13:09:17.569,0.95685,0.95698,1.12,1.75
2015.10.21 13:09:18.094,0.95685,0.95698,1.50,1.75
2015.10.21 13:09:18.434,0.95687,0.957,1.50,1.75
2015.10.21 13:09:18.741,0.95686,0.95694,1.00,1.00
2015.10.21 13:09:18.843,0.95682,0.95695,1.50,2.25
2015.10.21 13:09:19.404,0.95681,0.95692,1.87,1.00
2015.10.21 13:09:19.662,0.95681,0.95692,1.12,1.50
2015.10.21 13:09:19.816,0.95678,0.95689,1.87,1.00
2015.10.21 13:09:20.020,0.95677,0.95689,1.50,1.75
2015.10.21 13:09:20.572,0.95678,0.95688,1.00,1.50
2015.10.21 13:09:20.979,0.95678,0.95691,2.25,2.25
2015.10.21 13:09:21.081,0.95678,0.95691,2.62,1.00
2015.10.21 13:09:21.460,0.95679,0.95692,1.87,1.75
2015.10.21 13:09:22.566,0.95679,0.95691,1.75,1.12
2015.10.21 13:09:36.719,0.95679,0.95691,1.12,1.50
2015.10.21 13:09:37.227,0.95678,0.95691,1.12,2.25
2015.10.21 13:09:42.426,0.95678,0.95691,1.50,2.25
2015.10.21 13:09:45.608,0.95678,0.95691,1.50,2.25
2015.10.21 13:09:45.912,0.95682,0.95693,1.00,1.50
2015.10.21 13:09:46.015,0.95684,0.95694,1.50,1.00
2015.10.21 13:09:46.169,0.95686,0.95694,2.47,1.00
2015.10.21 13:09:46.221,0.95689,0.95699,1.87,1.12
2015.10.21 13:09:46.324,0.95689,0.95699,2.47,1.00
2015.10.21 13:09:46.427,0.95691,0.95704,1.37,1.50
2015.10.21 13:09:46.973,0.95692,0.95705,1.50,1.75
2015.10.21 13:09:52.022,0.95693,0.95706,1.50,1.75
2015.10.21 13:09:56.872,0.95695,0.95706,1.00,1.75
2015.10.21 13:09:57.381,0.95693,0.95706,1.50,2.25
2015.10.21 13:10:00.045,0.95693,0.95705,1.50,1.00
2015.10.21 13:10:04.713,0.95696,0.95709,1.00,1.87
2015.10.21 13:10:05.746,0.95694,0.95707,1.50,1.75
2015.10.21 13:10:08.996,0.95695,0.95706,1.37,1.00
2015.10.21 13:10:16.310,0.95694,0.95707,1.50,3.75
2015.10.21 13:10:16.513,0.95691,0.95701,1.00,1.12
2015.10.21 13:10:16.666,0.95689,0.95701,1.00,1.50
2015.10.21 13:10:18.768,0.95689,0.957,1.00,1.00
2015.10.21 13:10:18.819,0.95687,0.957,1.50,1.87
2015.10.21 13:10:18.871,0.95687,0.957,1.12,2.25
2015.10.21 13:10:19.380,0.95685,0.95698,1.50,1.75
2015.10.21 13:10:19.727,0.95683,0.95696,1.50,1.75
2015.10.21 13:10:20.236,0.95683,0.95696,1.75,1.50
2015.10.21 13:10:21.058,0.95683,0.95696,1.37,2.25
2015.10.21 13:10:21.112,0.95683,0.95693,1.00,1.00
2015.10.21 13:10:29.931,0.95683,0.95696,1.37,1.75
2015.10.21 13:10:30.460,0.95683,0.95696,1.50,1.37
2015.10.21 13:10:34.670,0.95684,0.95696,1.35,1.12
2015.10.21 13:10:36.233,0.95685,0.95698,1.75,1.50
2015.10.21 13:10:36.741,0.95686,0.95699,1.75,2.25
2015.10.21 13:10:39.995,0.95686,0.95699,1.50,1.75
2015.10.21 13:10:51.470,0.95687,0.95699,1.50,1.50
2015.10.21 13:10:58.025,0.95687,0.95699,1.12,1.75
2015.10.21 13:10:58.798,0.95687,0.95699,1.12,1.50
2015.10.21 13:10:59.288,0.95686,0.95699,1.50,1.50
2015.10.21 13:10:59.492,0.95687,0.957,1.75,1.87
2015.10.21 13:10:59.899,0.9569,0.957,1.00,1.37
2015.10.21 13:11:03.449,0.95688,0.95701,1.12,2.25
2015.10.21 13:11:04.500,0.95688,0.95701,1.37,2.25
2015.10.21 13:11:04.778,0.95688,0.957,1.50,1.00
2015.10.21 13:11:05.033,0.95686,0.95699,1.75,1.50
2015.10.21 13:11:05.238,0.95686,0.95699,1.12,1.50
2015.10.21 13:11:05.495,0.95687,0.957,1.37,1.75
2015.10.21 13:11:08.873,0.95687,0.95698,1.00,1.37
2015.10.21 13:11:09.186,0.95685,0.95698,1.12,1.75
2015.10.21 13:11:10.346,0.95685,0.95696,1.37,1.00
2015.10.21 13:11:21.421,0.95686,0.95699,1.37,1.50
2015.10.21 13:11:21.618,0.95686,0.95701,1.87,2.25
2015.10.21 13:11:23.053,0.95689,0.95701,1.50,1.50
2015.10.21 13:11:24.353,0.95687,0.957,1.50,2.25
2015.10.21 13:11:24.862,0.95687,0.957,1.12,2.25
2015.10.21 13:11:25.448,0.95686,0.95698,1.50,1.00
2015.10.21 13:11:27.962,0.95686,0.95699,1.75,1.50
2015.10.21 13:11:36.961,0.95685,0.95698,1.87,1.00
2015.10.21 13:11:37.560,0.95686,0.95698,1.12,1.00
2015.10.21 13:11:42.465,0.95688,0.957,1.75,1.12
2015.10.21 13:11:42.567,0.95688,0.95701,1.87,1.50
2015.10.21 13:11:42.995,0.95694,0.95701,1.00,1.00
2015.10.21 13:11:43.047,0.95693,0.95706,1.75,1.12
2015.10.21 13:11:43.557,0.95693,0.95706,2.62,1.00
2015.10.21 13:11:44.158,0.95695,0.95708,1.75,1.37
2015.10.21 13:11:44.691,0.95695,0.95708,1.87,1.00
2015.10.21 13:11:45.355,0.95695,0.95707,1.12,1.00
2015.10.21 13:11:45.881,0.95694,0.95707,2.62,1.00
2015.10.21 13:11:48.413,0.95695,0.9571,1.75,3.75
2015.10.21 13:11:48.648,0.95696,0.9571,1.12,3.37
2015.10.21 13:11:49.798,0.95699,0.9571,1.12,1.50
2015.10.21 13:11:50.109,0.95701,0.95711,1.12,1.00
2015.10.21 13:11:50.465,0.95701,0.95713,1.12,1.00
2015.10.21 13:11:51.025,0.95701,0.95714,1.87,1.00
2015.10.21 13:11:51.748,0.95701,0.95713,1.12,1.00
2015.10.21 13:11:53.017,0.95702,0.95713,1.12,1.00
2015.10.21 13:11:58.201,0.95702,0.95712,1.12,1.00
2015.10.21 13:12:02.890,0.95703,0.95712,1.12,1.00
2015.10.21 13:12:03.398,0.95704,0.95712,1.12,1.00
2015.10.21 13:12:05.177,0.95704,0.95714,1.12,1.00
2015.10.21 13:12:06.039,0.95705,0.95715,1.12,1.00
2015.10.21 13:12:06.549,0.9571,0.95718,1.75,1.00
2015.10.21 13:12:06.855,0.95714,0.95722,1.12,1.00
2015.10.21 13:12:07.396,0.95714,0.95723,1.12,2.47
2015.10.21 13:12:08.731,0.95714,0.95722,1.12,1.00
2015.10.21 13:12:09.547,0.95712,0.95722,1.12,2.10
2015.10.21 13:12:10.055,0.95713,0.95722,1.12,2.10
2015.10.21 13:12:10.426,0.95716,0.9572,1.00,1.00
2015.10.21 13:12:10.528,0.95713,0.95722,1.12,1.00
2015.10.21 13:12:10.684,0.95711,0.95722,1.12,1.00
2015.10.21 13:12:10.843,0.95712,0.95724,1.12,1.35
2015.10.21 13:12:11.151,0.95714,0.95725,1.12,2.10
2015.10.21 13:12:11.683,0.95714,0.95724,1.12,2.10
2015.10.21 13:12:12.146,0.95714,0.95724,1.12,1.60
2015.10.21 13:12:13.084,0.95714,0.95723,1.12,1.35
2015.10.21 13:12:13.600,0.95714,0.95722,1.12,1.35
2015.10.21 13:12:17.181,0.95713,0.95722,1.12,1.35
2015.10.21 13:12:17.689,0.95712,0.95723,1.12,1.60
2015.10.21 13:12:18.339,0.95717,0.95723,1.00,1.35
2015.10.21 13:12:18.878,0.95717,0.95723,1.00,1.60
2015.10.21 13:12:19.200,0.95716,0.95722,1.00,1.60
2015.10.21 13:12:19.305,0.95711,0.95721,1.12,1.50
2015.10.21 13:12:19.357,0.95713,0.95717,1.00,1.00
2015.10.21 13:12:19.460,0.95709,0.9572,1.12,1.00
2015.10.21 13:12:20.862,0.95709,0.95719,1.12,1.00
2015.10.21 13:12:20.965,0.95709,0.95721,1.87,1.00
2015.10.21 13:12:21.016,0.95711,0.95721,1.12,1.00
2015.10.21 13:12:21.922,0.95713,0.95721,1.12,1.00
2015.10.21 13:12:21.973,0.95713,0.95723,1.12,1.00
2015.10.21 13:12:22.533,0.95713,0.95722,1.12,1.00
2015.10.21 13:12:23.548,0.95714,0.95724,1.12,1.50
2015.10.21 13:12:23.853,0.95712,0.95722,1.12,1.00
2015.10.21 13:12:23.955,0.9571,0.95722,1.12,1.00
2015.10.21 13:12:24.057,0.9571,0.9572,1.12,1.00
2015.10.21 13:12:24.617,0.9571,0.95722,1.87,1.00
2015.10.21 13:12:24.794,0.9571,0.95724,1.87,1.12
2015.10.21 13:12:25.532,0.95711,0.95725,1.12,2.25
2015.10.21 13:12:26.902,0.95711,0.95724,1.87,1.00
2015.10.21 13:12:27.055,0.95711,0.95724,1.75,2.25
2015.10.21 13:12:27.157,0.95711,0.95721,1.12,1.00
2015.10.21 13:12:27.491,0.95709,0.95719,1.12,1.00
2015.10.21 13:12:27.696,0.95709,0.95721,1.12,1.00
2015.10.21 13:12:32.626,0.95709,0.95719,1.12,1.00
2015.10.21 13:12:32.874,0.95708,0.95721,1.87,1.00
2015.10.21 13:12:33.078,0.95707,0.95719,1.12,1.00
2015.10.21 13:12:33.383,0.95706,0.95716,1.12,1.00
2015.10.21 13:12:33.536,0.95706,0.95719,2.62,1.00
2015.10.21 13:12:33.589,0.95708,0.95719,1.12,1.00
2015.10.21 13:12:33.934,0.95711,0.95722,1.12,1.00
2015.10.21 13:12:34.189,0.95712,0.95724,1.12,1.00
2015.10.21 13:12:34.443,0.95713,0.95726,1.75,1.87
2015.10.21 13:12:34.545,0.95714,0.95726,1.12,1.50
2015.10.21 13:12:35.066,0.95715,0.95726,1.12,1.50
2015.10.21 13:12:35.824,0.95715,0.95725,1.12,1.00
2015.10.21 13:12:36.334,0.95714,0.95725,1.12,1.00
2015.10.21 13:12:37.197,0.95712,0.95725,1.87,1.00
2015.10.21 13:12:38.584,0.95714,0.95726,1.75,1.12
2015.10.21 13:12:39.094,0.95712,0.95725,1.87,1.00
2015.10.21 13:12:39.537,0.95714,0.95727,1.75,1.12
2015.10.21 13:12:40.049,0.95716,0.95729,1.75,2.25
2015.10.21 13:12:40.642,0.95718,0.95729,1.00,1.50
2015.10.21 13:12:41.152,0.95716,0.95729,1.50,1.87
2015.10.21 13:12:43.425,0.95717,0.9573,1.75,1.50
2015.10.21 13:12:43.527,0.95719,0.95731,1.00,1.50
2015.10.21 13:12:43.731,0.95718,0.95731,1.75,1.12
2015.10.21 13:12:44.988,0.95717,0.95729,1.12,1.00
2015.10.21 13:12:45.142,0.95716,0.95729,1.50,1.37
2015.10.21 13:12:49.036,0.95717,0.9573,1.75,1.50
2015.10.21 13:12:49.138,0.95717,0.9573,1.87,1.00
2015.10.21 13:12:50.683,0.95719,0.9573,1.00,1.00
2015.10.21 13:12:51.141,0.95714,0.95727,1.87,1.00
2015.10.21 13:12:51.345,0.95716,0.95729,1.75,1.12
2015.10.21 13:12:55.848,0.95718,0.95731,1.75,1.12
2015.10.21 13:12:56.396,0.9572,0.95733,1.50,1.37
2015.10.21 13:12:58.259,0.9572,0.95733,1.87,1.00
2015.10.21 13:13:02.249,0.9572,0.95732,1.12,1.00
2015.10.21 13:13:02.605,0.95722,0.95732,1.12,1.00
2015.10.21 13:13:02.657,0.95722,0.95734,1.12,1.50
2015.10.21 13:13:03.199,0.95723,0.95735,1.12,1.00
2015.10.21 13:13:04.757,0.95723,0.95733,1.12,1.00
2015.10.21 13:13:04.809,0.95721,0.95733,1.87,1.00
2015.10.21 13:13:09.294,0.95727,0.95736,1.87,1.12
2015.10.21 13:13:09.526,0.9573,0.95743,2.25,1.87
2015.10.21 13:13:10.034,0.95729,0.95742,1.87,1.35
2015.10.21 13:13:11.354,0.95729,0.95741,1.12,1.00
2015.10.21 13:13:12.813,0.95728,0.95741,1.75,1.12
2015.10.21 13:13:16.499,0.95729,0.95739,1.00,1.37
2015.10.21 13:13:16.602,0.95729,0.95739,1.50,1.12
2015.10.21 13:13:16.704,0.95729,0.95742,2.25,2.85
2015.10.21 13:13:20.416,0.95727,0.9574,1.87,1.00
2015.10.21 13:13:21.414,0.95727,0.9574,1.75,1.12
2015.10.21 13:13:23.131,0.95728,0.95741,1.75,1.87
2015.10.21 13:13:23.661,0.95728,0.95741,1.87,1.50
2015.10.21 13:13:25.448,0.95731,0.95741,1.00,1.12
2015.10.21 13:13:35.094,0.95728,0.9574,1.75,1.00
2015.10.21 13:13:41.164,0.95728,0.95741,1.75,1.87
2015.10.21 13:13:42.462,0.95728,0.95739,1.75,1.00
2015.10.21 13:13:46.209,0.95727,0.95738,1.12,1.00
2015.10.21 13:13:46.362,0.95726,0.95738,1.75,1.00
2015.10.21 13:13:46.998,0.95723,0.95734,1.12,1.50
2015.10.21 13:13:47.306,0.9572,0.95731,1.87,1.00
2015.10.21 13:13:48.212,0.9572,0.9573,1.75,1.00
2015.10.21 13:14:00.747,0.95718,0.95729,1.87,1.50
2015.10.21 13:14:00.928,0.95718,0.95722,1.00,1.00
2015.10.21 13:14:00.979,0.95713,0.95722,1.87,1.00
2015.10.21 13:14:01.031,0.95713,0.95722,1.87,1.00
2015.10.21 13:14:01.082,0.9571,0.9572,1.75,1.00
2015.10.21 13:14:01.337,0.95708,0.9572,2.25,1.00
2015.10.21 13:14:02.384,0.9571,0.95721,1.37,1.12
2015.10.21 13:14:02.893,0.95712,0.9572,1.00,1.00
2015.10.21 13:14:02.945,0.9571,0.95723,2.25,1.87
2015.10.21 13:14:03.611,0.95711,0.95722,2.25,1.00
2015.10.21 13:14:05.152,0.95711,0.95721,1.75,1.00
2015.10.21 13:14:08.256,0.95709,0.95721,2.25,1.12
2015.10.21 13:14:08.561,0.95707,0.95719,3.00,1.00
2015.10.21 13:14:08.613,0.95708,0.95719,1.00,1.00
2015.10.21 13:14:08.664,0.95708,0.95716,1.00,1.00
2015.10.21 13:14:08.716,0.95703,0.95716,1.75,1.12
2015.10.21 13:14:12.324,0.95705,0.95716,1.50,1.50
2015.10.21 13:14:12.430,0.95704,0.95715,1.00,1.75
2015.10.21 13:14:12.940,0.95702,0.95714,1.50,1.50
2015.10.21 13:14:21.946,0.95704,0.95714,1.00,1.50
2015.10.21 13:14:22.169,0.95704,0.95715,1.50,1.12
2015.10.21 13:14:22.274,0.95704,0.95714,1.75,1.00
2015.10.21 13:14:22.376,0.9571,0.95719,1.00,1.00
2015.10.21 13:14:22.427,0.95708,0.95719,1.87,1.00
2015.10.21 13:14:22.529,0.9571,0.95721,1.75,1.00
2015.10.21 13:14:22.631,0.95711,0.95724,2.25,1.50
2015.10.21 13:14:23.789,0.95712,0.95724,2.25,1.00
2015.10.21 13:14:24.385,0.95711,0.95724,2.25,1.37
2015.10.21 13:14:26.377,0.95711,0.95721,1.00,1.12
2015.10.21 13:14:26.700,0.9571,0.9572,1.00,1.50
2015.10.21 13:14:27.928,0.95709,0.95721,1.12,2.25
2015.10.21 13:14:28.681,0.95708,0.95719,1.00,1.37
2015.10.21 13:14:30.007,0.95708,0.9572,1.87,1.50
2015.10.21 13:14:30.520,0.95709,0.95722,1.50,1.75
2015.10.21 13:14:31.028,0.95711,0.95723,1.12,2.25
2015.10.21 13:14:33.311,0.9571,0.95722,2.25,1.00
2015.10.21 13:14:33.819,0.9571,0.95719,1.12,1.00
2015.10.21 13:14:34.113,0.95707,0.95719,1.50,1.50
2015.10.21 13:14:38.600,0.95706,0.95718,1.50,1.00
2015.10.21 13:14:38.804,0.95707,0.9572,1.75,1.50
2015.10.21 13:14:40.717,0.95709,0.95721,1.50,1.00
2015.10.21 13:14:43.053,0.95712,0.95724,1.00,1.50
2015.10.21 13:14:43.957,0.95712,0.95721,1.00,1.00
2015.10.21 13:14:44.161,0.95708,0.95721,2.25,1.00
2015.10.21 13:14:44.668,0.95709,0.95722,1.50,1.12
2015.10.21 13:14:45.413,0.95709,0.95722,1.50,1.12
2015.10.21 13:14:46.161,0.95709,0.95721,1.50,1.50
2015.10.21 13:14:46.472,0.95707,0.9572,1.50,2.25
2015.10.21 13:14:46.984,0.95709,0.9572,1.00,2.25
2015.10.21 13:14:47.508,0.95708,0.9572,1.12,2.25
2015.10.21 13:14:50.478,0.95709,0.9572,1.00,2.25
2015.10.21 13:14:50.979,0.95708,0.9572,1.12,2.25
2015.10.21 13:14:55.448,0.95708,0.95719,1.37,1.00
2015.10.21 13:14:56.647,0.95708,0.9572,1.00,1.50
2015.10.21 13:14:57.245,0.95707,0.9572,1.87,2.25
2015.10.21 13:14:57.567,0.95712,0.95724,1.50,1.50
2015.10.21 13:14:58.288,0.95714,0.95726,1.75,1.12
2015.10.21 13:15:07.388,0.95717,0.95728,1.00,1.75
2015.10.21 13:15:07.890,0.95718,0.95728,1.00,1.75
2015.10.21 13:15:11.707,0.95717,0.95727,1.00,1.50
2015.10.21 13:15:11.864,0.95714,0.95726,1.50,1.50
2015.10.21 13:15:12.371,0.95714,0.95727,2.25,1.37
2015.10.21 13:15:20.232,0.95718,0.95728,1.00,1.12
2015.10.21 13:15:20.457,0.95718,0.9573,1.00,1.50
2015.10.21 13:15:22.040,0.95719,0.95731,1.00,2.25
2015.10.21 13:15:22.396,0.95714,0.95728,2.25,1.50
2015.10.21 13:15:22.903,0.95713,0.95726,1.75,1.12
2015.10.21 13:15:23.413,0.95714,0.95726,1.00,1.00
2015.10.21 13:15:24.482,0.95715,0.95726,1.00,1.00
2015.10.21 13:15:24.736,0.95712,0.95726,1.37,2.25
2015.10.21 13:15:24.838,0.95712,0.95724,1.12,1.75
2015.10.21 13:15:26.038,0.9571,0.95724,1.75,1.50
2015.10.21 13:15:27.659,0.95713,0.95727,1.50,1.87
2015.10.21 13:15:27.710,0.95713,0.95727,1.75,1.75
2015.10.21 13:15:28.260,0.95712,0.95726,2.62,1.12
2015.10.21 13:15:29.806,0.95715,0.95729,1.75,1.37
2015.10.21 13:15:30.327,0.95716,0.95728,1.50,1.50
2015.10.21 13:15:30.633,0.95716,0.95727,1.00,1.50
2015.10.21 13:15:35.023,0.95714,0.95727,1.37,1.50
2015.10.21 13:15:36.562,0.95717,0.95727,1.00,1.50
2015.10.21 13:15:36.836,0.95715,0.95727,1.12,1.50
2015.10.21 13:15:38.657,0.95715,0.95726,1.00,2.25
2015.10.21 13:15:38.760,0.95713,0.95722,1.00,1.00
2015.10.21 13:15:38.863,0.95711,0.95722,1.00,1.75
2015.10.21 13:15:39.161,0.95706,0.9572,1.75,1.75
2015.10.21 13:15:39.872,0.95704,0.95718,1.75,1.50
2015.10.21 13:15:39.974,0.95705,0.95717,1.00,1.00
2015.10.21 13:15:42.145,0.95705,0.95719,1.50,1.75
2015.10.21 13:15:42.298,0.95708,0.95722,2.25,1.75
2015.10.21 13:15:42.541,0.95705,0.95719,2.25,1.37
2015.10.21 13:15:42.644,0.95704,0.95717,1.75,1.37
2015.10.21 13:15:43.256,0.95705,0.95717,1.00,1.50
2015.10.21 13:15:43.360,0.95701,0.95715,1.75,1.75
2015.10.21 13:15:43.662,0.957,0.95714,1.50,1.75
2015.10.21 13:15:45.463,0.957,0.95714,1.75,1.75
2015.10.21 13:15:45.768,0.95702,0.95716,2.25,1.75
2015.10.21 13:15:52.638,0.95704,0.95715,1.50,1.50
2015.10.21 13:15:52.947,0.95708,0.95721,1.50,1.75
2015.10.21 13:15:55.102,0.95709,0.95721,1.37,1.37
2015.10.21 13:15:55.154,0.95713,0.95724,1.12,1.50
2015.10.21 13:15:55.206,0.95713,0.95724,1.75,1.00
2015.10.21 13:15:55.666,0.95714,0.95726,1.50,1.00
2015.10.21 13:15:56.900,0.95712,0.95726,2.25,1.75
2015.10.21 13:15:57.205,0.95708,0.95722,1.75,1.50
2015.10.21 13:15:58.925,0.9571,0.95724,1.75,2.25
2015.10.21 13:15:59.713,0.9571,0.95723,1.37,1.37
2015.10.21 13:15:59.765,0.95709,0.95721,1.00,1.12
2015.10.21 13:15:59.867,0.95705,0.95718,2.25,1.37
2015.10.21 13:15:59.919,0.95705,0.95718,1.87,1.75
2015.10.21 13:16:00.072,0.95703,0.95716,1.00,1.75
2015.10.21 13:16:00.123,0.95703,0.95716,1.00,1.87
2015.10.21 13:16:00.225,0.95703,0.95716,1.50,1.75
2015.10.21 13:16:00.820,0.95702,0.95718,2.62,1.75
2015.10.21 13:16:01.126,0.95707,0.95721,1.50,1.75
2015.10.21 13:16:01.763,0.9571,0.95721,1.00,1.87
2015.10.21 13:16:01.820,0.9571,0.95721,1.00,1.75
2015.10.21 13:16:02.370,0.95709,0.95723,1.12,1.87
2015.10.21 13:16:02.597,0.95709,0.95723,1.37,1.75
2015.10.21 13:16:03.106,0.95709,0.95723,1.75,1.75
2015.10.21 13:16:09.038,0.95708,0.95723,1.12,1.50
2015.10.21 13:16:09.365,0.95709,0.95717,1.00,1.00
2015.10.21 13:16:09.876,0.95704,0.95717,1.75,1.00
2015.10.21 13:16:15.796,0.95706,0.9572,1.87,1.12
2015.10.21 13:16:16.356,0.95707,0.95722,1.87,1.50
2015.10.21 13:16:17.863,0.95707,0.95721,1.75,1.50
2015.10.21 13:16:20.007,0.95707,0.95721,1.75,1.75
2015.10.21 13:16:20.525,0.95706,0.9572,1.75,2.25
2015.10.21 13:16:21.137,0.95705,0.95715,1.75,1.00
2015.10.21 13:16:21.426,0.95703,0.95715,1.75,1.00
2015.10.21 13:16:21.934,0.95702,0.95715,1.75,1.12
2015.10.21 13:16:23.256,0.95706,0.95715,1.00,1.12
2015.10.21 13:16:23.715,0.95701,0.95713,2.62,1.00
2015.10.21 13:16:24.363,0.95705,0.95715,1.50,1.12
2015.10.21 13:16:24.567,0.95707,0.95721,1.00,1.87
2015.10.21 13:16:24.618,0.95707,0.95719,1.00,1.00
2015.10.21 13:16:25.001,0.95706,0.9572,2.62,1.12
2015.10.21 13:16:25.307,0.95708,0.95722,3.37,1.12
2015.10.21 13:16:25.817,0.95707,0.95723,1.87,1.75
2015.10.21 13:16:26.352,0.95707,0.9572,1.12,1.00
2015.10.21 13:16:27.013,0.95707,0.95718,1.12,1.00
2015.10.21 13:16:27.199,0.95706,0.95718,1.75,1.00
2015.10.21 13:16:27.455,0.95704,0.95716,2.62,1.00
2015.10.21 13:16:27.761,0.95702,0.95714,2.62,1.00
2015.10.21 13:16:28.406,0.95702,0.95715,2.62,1.00
2015.10.21 13:16:30.658,0.95702,0.95714,1.12,1.00
2015.10.21 13:16:31.206,0.95701,0.95714,1.87,1.00
2015.10.21 13:16:33.283,0.95702,0.95713,1.50,1.00
2015.10.21 13:16:33.334,0.95699,0.95713,1.87,1.87
2015.10.21 13:16:33.386,0.95698,0.95708,1.12,1.00
2015.10.21 13:16:33.489,0.95696,0.95707,1.87,1.00
2015.10.21 13:16:33.794,0.95696,0.95709,1.75,1.12
2015.10.21 13:16:34.336,0.95699,0.95713,1.50,2.25
2015.10.21 13:16:35.734,0.95699,0.95713,1.75,2.25
2015.10.21 13:16:36.596,0.95699,0.95713,1.75,1.50
2015.10.21 13:16:38.208,0.95699,0.95713,1.50,1.75
2015.10.21 13:16:38.310,0.95699,0.9571,1.37,1.00
2015.10.21 13:16:38.514,0.95696,0.95708,1.37,1.50
2015.10.21 13:16:38.821,0.95692,0.95704,1.75,1.12
2015.10.21 13:16:40.091,0.95693,0.95707,2.25,1.75
2015.10.21 13:16:40.243,0.95695,0.95709,1.75,1.50
2015.10.21 13:16:40.759,0.95698,0.95712,1.50,2.25
2015.10.21 13:16:41.492,0.95698,0.95712,1.12,2.25
2015.10.21 13:16:43.426,0.95698,0.9571,1.00,1.12
2015.10.21 13:16:44.136,0.95698,0.95711,1.12,1.75
2015.10.21 13:16:45.680,0.95698,0.95711,1.00,1.12
2015.10.21 13:16:46.856,0.95697,0.95711,1.12,1.87
2015.10.21 13:16:50.136,0.95694,0.9571,2.25,1.87
2015.10.21 13:16:50.921,0.95694,0.95708,1.50,2.05
2015.10.21 13:16:51.167,0.95693,0.95707,1.12,2.62
2015.10.21 13:16:52.058,0.95693,0.95707,1.75,1.75
2015.10.21 13:16:54.137,0.95695,0.95707,1.00,1.12
2015.10.21 13:16:54.240,0.95695,0.95709,1.87,2.62
2015.10.21 13:16:54.342,0.95695,0.95707,1.50,1.12
2015.10.21 13:16:54.444,0.95695,0.95708,1.87,1.75
2015.10.21 13:16:54.495,0.95698,0.95709,1.50,1.12
2015.10.21 13:16:54.547,0.95698,0.95709,1.50,1.35
2015.10.21 13:16:54.699,0.95694,0.95706,1.87,1.60
2015.10.21 13:16:54.751,0.95693,0.95705,1.50,1.00
2015.10.21 13:16:54.896,0.95693,0.95705,1.12,1.37
2015.10.21 13:16:54.948,0.95692,0.95704,2.62,1.00
2015.10.21 13:16:55.050,0.95695,0.95706,1.00,2.47
2015.10.21 13:16:55.152,0.95693,0.95706,1.00,2.47
2015.10.21 13:16:55.711,0.95694,0.95706,1.00,1.12
2015.10.21 13:16:55.762,0.95694,0.95707,1.12,2.25
2015.10.21 13:16:55.813,0.95701,0.95705,1.00,1.00
2015.10.21 13:16:55.865,0.95701,0.9571,1.00,1.12
2015.10.21 13:16:56.007,0.95701,0.95713,1.00,1.87
2015.10.21 13:16:56.468,0.95702,0.95714,1.00,1.75
2015.10.21 13:16:56.570,0.95702,0.95713,1.00,1.12
2015.10.21 13:16:57.700,0.95702,0.95714,1.00,2.10
2015.10.21 13:16:57.752,0.95702,0.95713,1.00,1.12
2015.10.21 13:16:58.499,0.95702,0.95714,1.12,1.75
2015.10.21 13:16:59.162,0.95702,0.95714,1.00,2.05
2015.10.21 13:17:00.319,0.95703,0.95714,1.00,1.87
2015.10.21 13:17:00.515,0.95703,0.95715,1.00,1.35
2015.10.21 13:17:05.515,0.95703,0.95715,1.00,2.05
2015.10.21 13:17:07.329,0.95703,0.95715,1.12,1.35
2015.10.21 13:17:12.571,0.95701,0.9571,1.75,1.60
2015.10.21 13:17:12.673,0.95701,0.95708,1.12,1.00
2015.10.21 13:17:12.724,0.957,0.95708,1.12,3.97
2015.10.21 13:17:12.897,0.95692,0.95706,1.75,2.85
2015.10.21 13:17:12.948,0.9569,0.95704,1.75,2.10
2015.10.21 13:17:13.255,0.95694,0.95705,1.50,1.12
2015.10.21 13:17:13.561,0.95697,0.9571,1.50,1.75
2015.10.21 13:17:14.445,0.95698,0.95712,1.50,2.25
2015.10.21 13:17:14.954,0.95698,0.95712,1.75,2.25
2015.10.21 13:17:15.445,0.95699,0.95713,2.25,1.50
2015.10.21 13:17:15.952,0.95701,0.95715,2.25,1.75
2015.10.21 13:17:18.367,0.95702,0.95715,1.12,1.75
2015.10.21 13:17:18.899,0.95703,0.95715,1.50,1.50
2015.10.21 13:17:24.553,0.95704,0.95718,1.37,1.50
2015.10.21 13:17:24.605,0.95704,0.95718,2.25,1.50
2015.10.21 13:17:24.708,0.95706,0.9572,1.75,1.50
2015.10.21 13:17:25.625,0.95708,0.95722,1.75,2.25
2015.10.21 13:17:30.871,0.95709,0.95723,1.75,1.50
2015.10.21 13:17:30.923,0.95709,0.95723,1.75,1.50
2015.10.21 13:17:31.432,0.9571,0.95724,1.50,1.75
2015.10.21 13:17:32.977,0.95711,0.95725,2.25,1.75
2015.10.21 13:17:38.306,0.95718,0.95729,1.00,1.12
2015.10.21 13:17:38.409,0.95718,0.95727,1.00,1.00
2015.10.21 13:17:38.926,0.95717,0.95731,1.50,1.75
2015.10.21 13:17:44.173,0.95718,0.95732,2.25,1.87
2015.10.21 13:17:44.224,0.95719,0.95731,1.00,1.00
2015.10.21 13:17:55.629,0.95721,0.95731,1.00,1.00
2015.10.21 13:17:58.600,0.9572,0.95731,1.00,1.00
2015.10.21 13:17:58.908,0.9572,0.95734,1.75,1.87
2015.10.21 13:17:59.264,0.9572,0.95734,1.87,1.12
2015.10.21 13:17:59.622,0.95722,0.95736,2.25,1.12
2015.10.21 13:18:00.131,0.95722,0.95736,2.62,1.12
2015.10.21 13:18:05.463,0.95725,0.95738,1.00,1.75
2015.10.21 13:18:08.676,0.95725,0.95737,1.00,2.47
2015.10.21 13:18:09.084,0.95722,0.95735,1.12,1.35
2015.10.21 13:18:10.598,0.95722,0.95733,1.00,1.50
2015.10.21 13:18:13.220,0.95723,0.95733,1.00,1.75
2015.10.21 13:18:18.939,0.95722,0.95734,1.00,2.25
2015.10.21 13:18:25.524,0.95722,0.95733,1.00,1.75
2015.10.21 13:18:29.739,0.95719,0.95731,1.12,1.50
2015.10.21 13:18:30.246,0.95718,0.95731,1.87,1.75
2015.10.21 13:18:31.654,0.95719,0.95731,1.00,1.75
2015.10.21 13:18:34.325,0.95718,0.95731,1.87,1.75
2015.10.21 13:18:39.531,0.95717,0.95728,1.50,1.00
2015.10.21 13:18:39.773,0.95717,0.95728,1.00,1.75
2015.10.21 13:18:40.281,0.95718,0.9573,1.00,2.25
2015.10.21 13:18:41.717,0.9572,0.95727,1.00,1.00
2015.10.21 13:18:42.227,0.9572,0.9573,1.00,1.75
2015.10.21 13:18:44.065,0.9572,0.95732,1.00,2.25
2015.10.21 13:18:44.168,0.95717,0.9573,1.12,2.25
2015.10.21 13:18:44.321,0.95715,0.95727,1.00,1.35
2015.10.21 13:18:44.626,0.95716,0.95727,1.50,1.12
2015.10.21 13:18:44.806,0.95714,0.95727,1.00,1.12
2015.10.21 13:18:44.857,0.95717,0.95723,1.00,1.00
2015.10.21 13:18:44.908,0.95714,0.95723,1.00,1.00
2015.10.21 13:18:45.010,0.95716,0.95723,1.00,1.00
2015.10.21 13:18:45.318,0.95719,0.95728,1.00,1.12
2015.10.21 13:18:45.471,0.95715,0.95728,1.50,1.87
2015.10.21 13:18:45.675,0.95715,0.95726,1.50,1.12
2015.10.21 13:18:45.962,0.95716,0.95728,1.00,1.87
2015.10.21 13:18:46.217,0.95718,0.95729,1.00,1.12
2015.10.21 13:18:46.269,0.95718,0.95731,1.00,1.87
2015.10.21 13:18:46.474,0.95721,0.95732,1.00,1.12
2015.10.21 13:18:55.897,0.95722,0.95732,1.00,1.12
2015.10.21 13:18:57.992,0.95723,0.95732,1.00,1.12
2015.10.21 13:18:58.439,0.95724,0.95732,1.00,1.12
2015.10.21 13:18:58.644,0.95723,0.95735,1.50,1.50
2015.10.21 13:18:58.695,0.95722,0.95735,2.25,1.50
2015.10.21 13:18:59.000,0.95723,0.95733,1.00,1.12
2015.10.21 13:19:01.100,0.95722,0.95733,1.00,1.12
2015.10.21 13:19:01.615,0.95724,0.95734,1.00,1.12
2015.10.21 13:19:01.799,0.95724,0.95732,1.00,1.00
2015.10.21 13:19:02.307,0.95724,0.95737,1.00,2.47
2015.10.21 13:19:05.800,0.95726,0.95737,1.00,2.05
2015.10.21 13:19:06.054,0.95723,0.95737,1.12,2.05
2015.10.21 13:19:09.324,0.95723,0.95735,1.00,1.87
2015.10.21 13:19:09.629,0.95723,0.95733,1.00,1.12
2015.10.21 13:19:10.134,0.95722,0.95729,1.00,1.00
2015.10.21 13:19:10.440,0.95726,0.95734,1.00,1.00
2015.10.21 13:19:11.197,0.95728,0.95734,1.00,1.00
2015.10.21 13:19:11.504,0.95732,0.9574,1.00,1.12
2015.10.21 13:19:11.555,0.9573,0.95742,1.00,1.12
2015.10.21 13:19:11.758,0.95732,0.95742,1.00,1.12
2015.10.21 13:19:12.063,0.9573,0.95742,1.00,1.12
2015.10.21 13:19:13.211,0.9573,0.95743,1.00,2.47
2015.10.21 13:19:13.262,0.9573,0.95741,1.00,1.00
2015.10.21 13:19:13.516,0.95732,0.95741,1.00,1.00
2015.10.21 13:19:14.023,0.95733,0.95741,1.00,1.00
2015.10.21 13:19:15.191,0.95732,0.95741,1.00,1.00
2015.10.21 13:19:15.495,0.9573,0.95741,1.50,1.00
2015.10.21 13:19:15.546,0.9573,0.95739,1.00,1.67
2015.10.21 13:19:16.066,0.95729,0.95738,1.00,1.00
2015.10.21 13:19:17.028,0.9573,0.95738,1.00,1.00
2015.10.21 13:19:17.647,0.95731,0.95743,1.00,1.12
2015.10.21 13:19:20.567,0.95733,0.95743,1.00,1.87
2015.10.21 13:19:20.923,0.95734,0.95741,1.00,1.00
2015.10.21 13:19:21.317,0.95732,0.95741,1.00,1.12
2015.10.21 13:19:21.419,0.95727,0.95737,1.00,4.12
2015.10.21 13:19:21.574,0.95727,0.95737,1.00,3.22
2015.10.21 13:19:21.679,0.95724,0.95737,1.00,2.62
2015.10.21 13:19:21.884,0.95726,0.95736,1.00,1.00
2015.10.21 13:19:22.117,0.95731,0.95737,1.00,1.00
2015.10.21 13:19:25.546,0.95731,0.95739,1.00,1.00
2015.10.21 13:19:25.861,0.95729,0.95739,1.00,1.00
2015.10.21 13:19:26.154,0.95732,0.95744,1.00,1.12
2015.10.21 13:19:26.257,0.95734,0.95747,1.00,1.87
2015.10.21 13:19:38.835,0.95735,0.95747,1.00,1.12
2015.10.21 13:19:53.023,0.95734,0.95744,1.00,1.12
2015.10.21 13:19:53.125,0.95729,0.95742,1.87,1.75
2015.10.21 13:19:53.228,0.95728,0.95739,1.12,1.50
2015.10.21 13:19:53.566,0.95727,0.9574,1.00,1.87
2015.10.21 13:19:54.855,0.95727,0.95739,1.00,1.12
2015.10.21 13:19:56.931,0.95727,0.9574,1.00,2.62
2015.10.21 13:19:57.633,0.95728,0.9574,1.00,1.12
2015.10.21 13:19:58.836,0.95726,0.95738,1.00,1.75
2015.10.21 13:19:58.938,0.95726,0.95735,1.00,1.75
2015.10.21 13:19:59.214,0.95722,0.95733,1.00,1.12
2015.10.21 13:19:59.367,0.9572,0.95733,1.00,1.87
2015.10.21 13:19:59.522,0.95715,0.95728,1.37,1.37
2015.10.21 13:19:59.574,0.95715,0.95726,1.00,1.00
2015.10.21 13:19:59.625,0.95714,0.95727,1.50,1.75
2015.10.21 13:20:00.133,0.95715,0.95727,1.00,1.12
2015.10.21 13:20:01.945,0.95715,0.95728,1.00,1.87
2015.10.21 13:20:03.232,0.95716,0.95728,1.00,1.12
2015.10.21 13:20:07.075,0.95716,0.95729,1.12,2.25
2015.10.21 13:20:20.631,0.95718,0.95728,1.00,1.75
2015.10.21 13:20:20.967,0.95722,0.95731,1.00,1.00
2015.10.21 13:20:21.272,0.9572,0.9573,1.00,2.62
2015.10.21 13:20:21.323,0.95716,0.95728,1.87,1.00
2015.10.21 13:20:21.425,0.95716,0.95728,1.50,1.50
2015.10.21 13:20:21.578,0.95715,0.95727,2.25,1.00
2015.10.21 13:20:22.075,0.95715,0.95728,2.25,1.50
2015.10.21 13:20:22.228,0.95719,0.95732,1.50,1.87
2015.10.21 13:20:25.696,0.95719,0.9573,1.00,1.50
2015.10.21 13:20:25.799,0.95719,0.9573,1.00,1.75
2015.10.21 13:20:25.850,0.95715,0.9573,2.25,2.25
2015.10.21 13:20:35.854,0.95715,0.95726,1.75,1.00
2015.10.21 13:20:35.956,0.95715,0.95726,1.12,1.50
2015.10.21 13:20:36.644,0.95716,0.95726,1.00,1.50
2015.10.21 13:20:36.700,0.95716,0.95728,1.37,1.37
2015.10.21 13:20:36.751,0.95718,0.9573,1.50,1.00
2015.10.21 13:20:36.803,0.95719,0.95731,1.50,1.37
2015.10.21 13:20:36.854,0.95722,0.95734,1.50,1.37
2015.10.21 13:20:37.414,0.9572,0.95731,1.50,1.37
2015.10.21 13:20:37.465,0.9572,0.95729,1.12,1.00
2015.10.21 13:20:37.655,0.95715,0.95728,1.87,1.75
2015.10.21 13:20:37.706,0.95717,0.9573,1.12,2.62
2015.10.21 13:20:38.215,0.95716,0.95729,1.50,1.75
2015.10.21 13:20:40.618,0.95716,0.95729,1.50,2.25
2015.10.21 13:20:40.923,0.95721,0.95733,1.00,3.00
2015.10.21 13:20:41.025,0.95719,0.95732,1.00,1.87
2015.10.21 13:20:41.573,0.95716,0.95729,1.50,2.25
2015.10.21 13:20:41.828,0.95715,0.95728,1.50,1.50
2015.10.21 13:20:42.420,0.95714,0.95727,1.50,1.75
2015.10.21 13:20:42.928,0.95714,0.95727,1.12,1.75
2015.10.21 13:20:44.227,0.95714,0.95727,1.37,1.75
2015.10.21 13:20:44.330,0.95716,0.95728,1.37,1.00
2015.10.21 13:20:44.433,0.95717,0.95729,5.62,1.12
2015.10.21 13:20:44.536,0.95721,0.95734,1.75,2.25
2015.10.21 13:20:44.814,0.95725,0.95736,1.00,1.50
2015.10.21 13:20:45.123,0.95728,0.95738,1.12,1.00
2015.10.21 13:20:45.683,0.95729,0.95741,1.00,2.25
2015.10.21 13:20:45.920,0.95731,0.95741,1.00,1.50
2015.10.21 13:20:49.247,0.9573,0.95741,1.12,1.50
2015.10.21 13:20:51.920,0.9573,0.95741,1.00,1.75
2015.10.21 13:20:54.635,0.95731,0.95741,1.00,1.75
2015.10.21 13:20:54.945,0.95732,0.95744,1.00,3.00
2015.10.21 13:20:55.251,0.95733,0.95742,1.00,1.12
2015.10.21 13:20:55.842,0.95735,0.95746,1.00,1.87
2015.10.21 13:20:55.945,0.95733,0.95746,1.87,1.75
2015.10.21 13:20:56.046,0.95735,0.95744,1.00,1.75
2015.10.21 13:20:56.199,0.95738,0.95748,1.00,1.87
2015.10.21 13:20:56.353,0.95738,0.95748,1.12,2.10
2015.10.21 13:20:56.506,0.95737,0.95748,1.00,2.47
2015.10.21 13:20:57.045,0.95736,0.95746,1.00,1.50
2015.10.21 13:20:58.693,0.95738,0.95746,1.00,1.50
2015.10.21 13:20:59.201,0.95738,0.95748,1.00,1.12
2015.10.21 13:21:02.951,0.95737,0.95748,1.00,1.12
2015.10.21 13:21:03.800,0.95737,0.95745,1.00,1.00
2015.10.21 13:21:04.053,0.95735,0.95748,1.87,3.37
2015.10.21 13:21:05.868,0.95735,0.95747,1.50,1.12
2015.10.21 13:21:07.764,0.95735,0.95744,1.00,1.35
2015.10.21 13:21:07.815,0.95733,0.95744,1.00,1.35
2015.10.21 13:21:07.917,0.95731,0.95741,1.12,1.12
2015.10.21 13:21:08.018,0.95733,0.95741,1.00,1.00
2015.10.21 13:21:08.526,0.95734,0.95745,1.00,1.75
2015.10.21 13:21:08.577,0.95732,0.95745,1.87,1.75
2015.10.21 13:21:08.977,0.9573,0.95743,1.87,1.75
2015.10.21 13:21:09.492,0.9573,0.95743,1.00,1.87
2015.10.21 13:21:11.619,0.95731,0.95743,1.00,1.12
2015.10.21 13:21:13.270,0.9573,0.95739,1.00,1.50
2015.10.21 13:21:13.577,0.95725,0.95736,1.00,1.12
2015.10.21 13:21:13.781,0.95722,0.95735,2.62,1.75
2015.10.21 13:21:14.322,0.95722,0.95731,1.50,1.00
2015.10.21 13:21:15.221,0.95721,0.95733,1.50,1.12
2015.10.21 13:21:17.499,0.95721,0.95735,1.87,1.87
2015.10.21 13:21:17.652,0.95724,0.95735,1.00,1.12
2015.10.21 13:21:19.400,0.95724,0.95736,1.00,1.75
2015.10.21 13:21:19.908,0.95723,0.95736,1.87,2.25
2015.10.21 13:21:24.851,0.95723,0.95736,2.25,2.25
2015.10.21 13:21:25.159,0.95725,0.9574,3.00,2.25
2015.10.21 13:21:25.726,0.95728,0.9574,1.50,1.50
2015.10.21 13:21:56.543,0.95729,0.9574,1.12,1.97
2015.10.21 13:21:56.594,0.95727,0.95737,1.12,1.12
2015.10.21 13:21:56.696,0.95722,0.95733,1.75,1.00
2015.10.21 13:21:56.799,0.95721,0.95733,1.50,1.50
2015.10.21 13:22:20.228,0.95721,0.95734,1.50,1.12
2015.10.21 13:22:20.433,0.95721,0.95735,3.00,1.75
2015.10.21 13:22:34.233,0.95723,0.95735,1.00,1.75
2015.10.21 13:22:35.385,0.95723,0.95735,1.00,1.87
2015.10.21 13:22:35.640,0.95721,0.95734,1.12,2.62
2015.10.21 13:22:35.845,0.95721,0.95732,1.00,1.12
2015.10.21 13:22:37.396,0.95718,0.95732,1.12,1.12
2015.10.21 13:22:37.601,0.9572,0.95732,1.00,1.12
2015.10.21 13:22:45.636,0.95721,0.9573,1.00,1.67
2015.10.21 13:22:45.890,0.95717,0.95727,1.00,1.50
2015.10.21 13:22:47.759,0.95716,0.95731,2.25,1.75
2015.10.21 13:22:47.862,0.9572,0.95732,1.12,1.75
2015.10.21 13:22:48.400,0.95719,0.95732,1.75,1.50
2015.10.21 13:22:49.451,0.95718,0.95731,1.75,1.50
2015.10.21 13:22:49.858,0.95716,0.95728,1.75,1.30
2015.10.21 13:22:50.163,0.95712,0.95725,1.50,1.75
2015.10.21 13:22:51.666,0.95712,0.95725,2.25,1.50
2015.10.21 13:22:54.198,0.95714,0.95727,2.25,1.50
2015.10.21 13:22:54.539,0.95719,0.95731,1.00,1.12
2015.10.21 13:22:54.590,0.95716,0.95729,2.25,1.75
2015.10.21 13:22:57.474,0.95717,0.95728,1.37,1.00
2015.10.21 13:22:59.212,0.95716,0.95729,1.87,1.75
2015.10.21 13:23:00.277,0.95717,0.9573,1.00,1.87
2015.10.21 13:23:03.698,0.95716,0.95729,1.12,1.75
2015.10.21 13:23:04.002,0.95718,0.9573,1.00,1.12
2015.10.21 13:23:04.109,0.95716,0.95728,1.12,1.75
2015.10.21 13:23:12.039,0.95716,0.95729,1.50,1.75
2015.10.21 13:23:16.955,0.95714,0.95728,1.50,1.75
2015.10.21 13:23:17.264,0.95712,0.95723,1.87,1.37
2015.10.21 13:23:20.958,0.95712,0.95724,2.25,1.00
2015.10.21 13:23:22.990,0.95713,0.95724,1.00,1.00
2015.10.21 13:23:24.496,0.95713,0.95724,1.37,1.00
2015.10.21 13:23:24.750,0.95714,0.95727,3.37,1.50
2015.10.21 13:23:25.440,0.95715,0.95727,1.00,1.75
2015.10.21 13:23:26.159,0.95713,0.95727,1.00,1.87
2015.10.21 13:23:30.356,0.95712,0.95725,1.00,1.12
2015.10.21 13:23:30.865,0.95711,0.95722,1.00,1.75
2015.10.21 13:23:31.120,0.95709,0.9572,1.50,1.50
2015.10.21 13:23:33.053,0.9571,0.95724,1.87,1.87
2015.10.21 13:23:33.155,0.95711,0.95724,2.62,1.75
2015.10.21 13:23:33.463,0.95714,0.95726,1.00,1.12
2015.10.21 13:23:37.846,0.95715,0.95726,1.00,1.12
2015.10.21 13:23:38.189,0.95723,0.95732,1.00,1.75
2015.10.21 13:23:38.395,0.95726,0.95738,1.00,1.12
2015.10.21 13:23:38.600,0.95726,0.95738,1.12,1.75
2015.10.21 13:23:38.702,0.95726,0.95738,1.00,1.87
2015.10.21 13:23:39.131,0.95724,0.95737,1.12,2.25
2015.10.21 13:23:40.980,0.95723,0.95736,1.75,1.12
2015.10.21 13:23:41.285,0.95726,0.95739,1.50,2.47
2015.10.21 13:23:58.413,0.95723,0.95736,1.37,1.50
2015.10.21 13:23:58.718,0.95724,0.95739,1.75,2.85
2015.10.21 13:23:59.025,0.95728,0.9574,1.12,2.47
2015.10.21 13:23:59.409,0.9573,0.9574,1.00,2.10
2015.10.21 13:23:59.460,0.95728,0.95739,1.12,1.67
2015.10.21 13:24:00.222,0.95728,0.95739,1.00,1.35
2015.10.21 13:24:00.736,0.95727,0.95739,1.50,1.67
2015.10.21 13:24:06.442,0.95727,0.95739,1.50,1.30
2015.10.21 13:24:13.439,0.95727,0.95739,1.00,3.97
2015.10.21 13:24:13.756,0.9572,0.95733,1.87,1.00
2015.10.21 13:24:13.961,0.95717,0.9573,1.50,1.75
2015.10.21 13:24:14.572,0.95717,0.9573,1.12,2.25
2015.10.21 13:24:16.420,0.95717,0.9573,1.00,2.62
2015.10.21 13:24:16.928,0.95716,0.95729,1.12,1.75
2015.10.21 13:24:19.789,0.95716,0.95729,1.50,2.25
2015.10.21 13:24:20.318,0.95714,0.95727,1.75,1.50
2015.10.21 13:24:21.068,0.95713,0.95726,2.25,1.50
2015.10.21 13:24:23.572,0.95715,0.95729,1.50,1.75
2015.10.21 13:24:25.603,0.95713,0.95726,2.25,1.37
2015.10.21 13:24:32.380,0.95715,0.95727,1.12,1.00
2015.10.21 13:24:32.431,0.95717,0.9573,1.75,2.25
2015.10.21 13:24:32.584,0.95717,0.9573,1.87,1.12
2015.10.21 13:24:33.093,0.95719,0.95732,1.75,1.50
2015.10.21 13:24:39.558,0.95719,0.95732,1.12,1.75
2015.10.21 13:24:45.412,0.95719,0.9573,1.37,1.00
2015.10.21 13:24:45.920,0.95719,0.95731,1.12,1.12
2015.10.21 13:24:59.769,0.95719,0.95731,1.50,1.50
2015.10.21 13:24:59.821,0.95719,0.95731,1.75,1.50
2015.10.21 13:25:08.695,0.95718,0.9573,1.75,1.00
2015.10.21 13:25:10.046,0.95718,0.9573,1.12,1.50
2015.10.21 13:25:17.281,0.95717,0.9573,1.87,1.00
2015.10.21 13:25:17.794,0.95718,0.95731,1.75,1.87
2015.10.21 13:25:33.705,0.9572,0.95732,1.50,1.50
2015.10.21 13:25:34.593,0.95721,0.95734,1.50,1.37
2015.10.21 13:25:35.131,0.95723,0.95734,1.00,1.00
2015.10.21 13:25:43.077,0.95724,0.95735,1.00,1.00
2015.10.21 13:25:43.331,0.95724,0.95732,1.00,1.00
2015.10.21 13:25:43.677,0.95723,0.95732,1.75,1.00
2015.10.21 13:25:45.858,0.95723,0.95731,1.75,1.00
2015.10.21 13:25:47.639,0.95722,0.95731,1.75,1.00
2015.10.21 13:25:48.196,0.95721,0.95729,1.87,1.00
2015.10.21 13:25:48.248,0.95721,0.95729,1.75,1.00
2015.10.21 13:25:48.350,0.95721,0.95729,1.00,1.00
2015.10.21 13:25:48.861,0.95721,0.95728,1.00,1.00
2015.10.21 13:25:52.978,0.95719,0.9573,1.75,1.00
2015.10.21 13:25:53.133,0.95721,0.95732,1.50,1.00
2015.10.21 13:25:53.235,0.95721,0.95734,1.75,1.50
2015.10.21 13:25:53.439,0.95725,0.95735,1.87,1.00
2015.10.21 13:25:53.831,0.95726,0.95735,1.75,1.00
2015.10.21 13:25:55.561,0.95724,0.95732,1.87,1.00
2015.10.21 13:25:55.664,0.95724,0.95732,1.50,1.00
2015.10.21 13:25:55.867,0.95721,0.95731,1.75,1.00
2015.10.21 13:25:56.257,0.95719,0.9573,1.75,1.00
2015.10.21 13:25:56.514,0.95719,0.95728,1.50,1.00
2015.10.21 13:25:57.023,0.95718,0.95727,1.75,1.00
2015.10.21 13:25:58.085,0.95718,0.95726,1.75,1.00
2015.10.21 13:25:58.620,0.95718,0.95727,1.75,1.00
2015.10.21 13:26:02.147,0.95718,0.95729,1.75,1.00
2015.10.21 13:26:02.199,0.95719,0.95729,1.12,1.00
2015.10.21 13:26:02.250,0.95719,0.95731,1.12,1.00
2015.10.21 13:26:02.403,0.95722,0.95734,1.75,1.00
2015.10.21 13:26:02.505,0.95724,0.95737,1.75,1.50
2015.10.21 13:26:02.763,0.95724,0.95737,1.87,1.00
2015.10.21 13:26:03.272,0.95724,0.95737,1.75,1.87
2015.10.21 13:26:03.808,0.95724,0.95736,1.75,1.12
2015.10.21 13:26:05.350,0.95723,0.95734,1.75,1.00
2015.10.21 13:26:06.381,0.95724,0.95733,1.75,1.00
2015.10.21 13:26:08.656,0.95724,0.95734,1.75,1.00
2015.10.21 13:26:08.961,0.95724,0.95734,1.87,1.00
2015.10.21 13:26:09.500,0.95724,0.95735,1.87,1.00
2015.10.21 13:26:09.858,0.95724,0.95732,1.87,1.00
2015.10.21 13:26:10.113,0.95722,0.95732,1.12,1.00
2015.10.21 13:26:10.295,0.95719,0.95731,1.12,1.00
2015.10.21 13:26:10.346,0.95719,0.95728,1.12,1.00
2015.10.21 13:26:13.130,0.95719,0.95729,1.12,1.00
2015.10.21 13:26:13.930,0.95719,0.9573,1.12,1.00
2015.10.21 13:26:14.441,0.95719,0.95731,1.12,1.00
2015.10.21 13:26:15.160,0.9572,0.95732,1.75,1.00
2015.10.21 13:26:15.465,0.95721,0.95734,1.87,1.50
2015.10.21 13:26:15.988,0.95722,0.95733,1.87,1.00
2015.10.21 13:26:20.282,0.95722,0.95732,1.87,1.00
2015.10.21 13:26:22.828,0.95722,0.95733,1.87,1.00
2015.10.21 13:26:24.348,0.95722,0.95732,1.87,1.00
2015.10.21 13:26:25.144,0.95722,0.95733,1.87,1.00
2015.10.21 13:26:25.694,0.95722,0.95733,1.75,1.00
2015.10.21 13:26:30.965,0.95721,0.95734,1.87,1.50
2015.10.21 13:26:31.270,0.95719,0.95727,1.12,1.00
2015.10.21 13:26:31.617,0.95711,0.95722,1.12,1.00
2015.10.21 13:26:31.668,0.95709,0.95721,1.12,1.00
2015.10.21 13:26:32.178,0.95708,0.95721,1.87,1.00
2015.10.21 13:26:36.072,0.95711,0.95723,1.50,1.50
2015.10.21 13:26:38.031,0.95711,0.95724,1.75,1.87
2015.10.21 13:26:38.082,0.95711,0.95724,1.75,1.87
2015.10.21 13:26:43.798,0.95711,0.95723,1.75,1.72
2015.10.21 13:26:44.307,0.95709,0.95722,1.87,2.10
2015.10.21 13:26:45.302,0.95709,0.95721,1.12,1.00
2015.10.21 13:26:45.556,0.95709,0.95718,1.12,1.00
2015.10.21 13:26:45.914,0.95708,0.95719,1.75,1.00
2015.10.21 13:26:47.682,0.95708,0.9572,1.75,1.12
2015.10.21 13:26:48.109,0.95708,0.95718,1.75,1.00
2015.10.21 13:26:53.058,0.95708,0.9572,2.25,1.12
2015.10.21 13:27:05.332,0.9571,0.95721,2.25,1.12
2015.10.21 13:27:05.613,0.95713,0.95724,1.87,1.37
2015.10.21 13:27:05.664,0.95715,0.95726,1.00,1.37
2015.10.21 13:27:05.767,0.95718,0.9573,1.00,1.87
2015.10.21 13:27:06.276,0.95718,0.95729,1.00,1.75
2015.10.21 13:27:09.040,0.95718,0.95729,1.12,1.50
2015.10.21 13:27:12.947,0.95717,0.95726,1.50,1.00
2015.10.21 13:27:13.151,0.95713,0.95723,1.50,1.00
2015.10.21 13:27:13.253,0.95712,0.95722,1.12,1.12
2015.10.21 13:27:13.765,0.95711,0.95721,1.50,1.00
2015.10.21 13:27:16.624,0.95711,0.95722,1.50,1.12
2015.10.21 13:27:20.636,0.95709,0.95722,1.50,3.00
2015.10.21 13:27:20.687,0.95709,0.95721,1.50,1.50
2015.10.21 13:27:21.128,0.95709,0.95716,1.12,1.00
2015.10.21 13:27:21.179,0.95707,0.95716,1.00,1.12
2015.10.21 13:27:21.700,0.95705,0.95717,1.50,1.50
2015.10.21 13:27:23.212,0.95705,0.95718,1.75,1.37
2015.10.21 13:27:23.263,0.95708,0.95719,1.12,1.50
2015.10.21 13:27:23.555,0.95708,0.9572,1.75,1.00
2015.10.21 13:27:24.066,0.95708,0.95721,1.75,1.12
2015.10.21 13:27:25.476,0.9571,0.95723,1.50,2.25
2015.10.21 13:27:25.983,0.95712,0.95723,1.00,1.50
2015.10.21 13:27:27.546,0.95713,0.95723,1.00,1.50
2015.10.21 13:27:27.850,0.95712,0.95724,1.87,1.00
2015.10.21 13:27:28.367,0.95712,0.95725,1.87,1.50
2015.10.21 13:27:29.176,0.95714,0.95726,1.12,1.50
2015.10.21 13:27:31.119,0.95714,0.95726,1.75,1.00
2015.10.21 13:27:31.788,0.95714,0.95727,1.75,1.87
2015.10.21 13:27:39.818,0.95714,0.95726,1.75,1.00
2015.10.21 13:27:40.795,0.95714,0.95727,1.75,1.87
2015.10.21 13:27:42.846,0.95713,0.95726,1.75,1.12
2015.10.21 13:27:43.151,0.9571,0.95723,1.75,1.12
2015.10.21 13:27:43.685,0.95711,0.95723,1.37,1.37
2015.10.21 13:27:44.199,0.9571,0.95721,1.50,1.12
2015.10.21 13:27:45.205,0.9571,0.9572,1.50,1.00
2015.10.21 13:27:45.663,0.9571,0.95718,1.50,1.00
2015.10.21 13:27:46.815,0.9571,0.95718,1.00,1.00
2015.10.21 13:27:46.918,0.95705,0.95717,1.75,1.12
2015.10.21 13:27:47.308,0.95703,0.95716,1.75,1.87
2015.10.21 13:27:47.716,0.95704,0.95716,1.87,1.00
2015.10.21 13:27:47.869,0.95708,0.95718,1.12,1.12
2015.10.21 13:27:48.024,0.9571,0.95718,1.12,1.00
2015.10.21 13:27:48.076,0.9571,0.9572,1.12,1.12
2015.10.21 13:27:48.577,0.95708,0.95719,1.75,1.00
2015.10.21 13:27:48.732,0.95708,0.95721,1.75,1.12
2015.10.21 13:27:48.887,0.95712,0.95723,1.00,1.00
2015.10.21 13:27:49.485,0.95712,0.95723,1.50,1.12
2015.10.21 13:27:51.283,0.95709,0.95721,1.87,1.00
2015.10.21 13:27:57.369,0.95709,0.95722,1.87,1.50
2015.10.21 13:28:02.634,0.95709,0.95721,1.12,1.00
2015.10.21 13:28:02.888,0.95707,0.95719,1.12,1.00
2015.10.21 13:28:03.808,0.95706,0.95719,1.75,1.12
2015.10.21 13:28:03.859,0.95705,0.95717,1.12,1.00
2015.10.21 13:28:04.367,0.95706,0.95718,1.12,1.00
2015.10.21 13:28:04.940,0.95707,0.9572,1.75,1.12
2015.10.21 13:28:05.160,0.95706,0.95718,1.12,1.00
2015.10.21 13:28:05.719,0.95706,0.95719,1.87,1.00
2015.10.21 13:28:06.690,0.95706,0.95718,1.12,1.00
2015.10.21 13:28:07.709,0.95706,0.95719,1.87,1.00
2015.10.21 13:28:08.561,0.95708,0.95719,1.12,1.00
2015.10.21 13:28:14.371,0.95708,0.9572,1.12,1.00
2015.10.21 13:28:21.194,0.95709,0.95721,1.75,1.00
2015.10.21 13:28:21.501,0.9571,0.95721,1.12,1.00
2015.10.21 13:28:21.552,0.9571,0.95723,2.62,1.00
2015.10.21 13:28:29.037,0.9571,0.95722,1.12,1.00
2015.10.21 13:28:32.631,0.95709,0.95722,3.00,1.12
2015.10.21 13:28:34.770,0.95709,0.95721,1.75,1.00
2015.10.21 13:28:35.277,0.95709,0.9572,1.75,1.00
2015.10.21 13:28:42.574,0.95709,0.95721,1.75,1.00
2015.10.21 13:28:42.979,0.9571,0.95721,1.12,1.00
2015.10.21 13:28:45.541,0.95713,0.95721,1.00,1.00
2015.10.21 13:28:46.387,0.95709,0.95722,3.00,1.00
2015.10.21 13:28:49.950,0.95709,0.95719,1.12,1.00
2015.10.21 13:28:50.002,0.95707,0.95719,1.87,1.00
2015.10.21 13:28:50.104,0.95706,0.95719,2.25,2.25
2015.10.21 13:28:50.156,0.95706,0.95716,1.75,1.00
2015.10.21 13:28:50.461,0.95702,0.95712,1.12,1.00
2015.10.21 13:28:51.259,0.95702,0.95712,1.75,1.00
2015.10.21 13:28:53.025,0.95703,0.95715,1.75,1.00
2015.10.21 13:28:53.561,0.95702,0.95714,1.12,1.00
2015.10.21 13:28:53.760,0.95701,0.95713,2.62,1.12
2015.10.21 13:28:53.820,0.95701,0.95709,1.75,1.00
2015.10.21 13:28:54.330,0.95701,0.95713,1.75,1.12
2015.10.21 13:28:54.485,0.95702,0.95713,1.75,1.00
2015.10.21 13:28:54.537,0.95703,0.95715,1.75,1.00
2015.10.21 13:28:54.589,0.95706,0.95715,1.12,1.00
2015.10.21 13:28:54.877,0.95709,0.95718,1.00,1.00
2015.10.21 13:28:55.420,0.95707,0.95718,1.12,1.00
2015.10.21 13:28:55.522,0.95707,0.9572,1.12,1.00
2015.10.21 13:29:00.486,0.95707,0.95718,1.12,1.00
2015.10.21 13:29:00.639,0.95706,0.95717,1.12,1.50
2015.10.21 13:29:00.690,0.95704,0.95717,1.87,2.25
2015.10.21 13:29:00.844,0.95704,0.95712,1.12,1.00
2015.10.21 13:29:01.352,0.95704,0.95713,1.37,1.00
2015.10.21 13:29:01.890,0.95704,0.95713,1.12,1.00
2015.10.21 13:29:01.941,0.95704,0.95715,1.12,1.00
2015.10.21 13:29:02.349,0.95704,0.95717,2.62,1.12
2015.10.21 13:29:02.400,0.95705,0.95717,1.12,1.00
2015.10.21 13:29:05.530,0.95706,0.95717,1.12,1.00
2015.10.21 13:29:05.919,0.95707,0.95719,1.12,1.00
2015.10.21 13:29:06.747,0.95708,0.95721,1.75,1.12
2015.10.21 13:29:07.282,0.95711,0.9572,1.00,1.00
2015.10.21 13:29:19.981,0.95711,0.95719,1.00,1.00
2015.10.21 13:29:22.503,0.95711,0.95721,1.00,1.00
2015.10.21 13:29:22.605,0.95711,0.95719,1.00,1.00
2015.10.21 13:29:23.113,0.95711,0.95718,1.00,1.00
2015.10.21 13:29:25.454,0.95708,0.95718,1.12,1.00
2015.10.21 13:29:26.024,0.95708,0.9572,1.12,1.00
2015.10.21 13:29:31.752,0.95708,0.95719,1.12,1.00
2015.10.21 13:29:32.519,0.95708,0.95722,1.12,1.12
2015.10.21 13:29:33.049,0.95713,0.95722,1.00,1.00
2015.10.21 13:29:48.015,0.95709,0.9572,1.12,1.00
2015.10.21 13:29:57.015,0.95709,0.95723,1.12,2.25
2015.10.21 13:30:00.429,0.95717,0.95725,1.12,1.00
2015.10.21 13:30:00.481,0.95717,0.95729,1.12,1.75
2015.10.21 13:30:00.533,0.95718,0.95732,1.75,1.50
2015.10.21 13:30:01.442,0.95717,0.9573,1.87,1.00
2015.10.21 13:30:02.299,0.95717,0.95729,1.12,1.50
2015.10.21 13:30:02.350,0.95718,0.95729,1.00,1.50
2015.10.21 13:30:02.401,0.95715,0.95727,1.75,1.00
2015.10.21 13:30:02.688,0.95712,0.95726,1.75,3.00
2015.10.21 13:30:03.558,0.95713,0.95725,1.75,1.00
2015.10.21 13:30:03.791,0.95715,0.95728,1.75,1.50
2015.10.21 13:30:04.299,0.95715,0.95727,1.50,1.50
2015.10.21 13:30:12.219,0.95715,0.95722,1.37,1.50
2015.10.21 13:30:12.372,0.95711,0.95719,1.00,2.25
2015.10.21 13:30:12.474,0.95706,0.95718,1.00,2.25
2015.10.21 13:30:12.627,0.95704,0.95717,1.37,1.37
2015.10.21 13:30:13.095,0.95706,0.95717,1.37,1.50
2015.10.21 13:30:13.755,0.95707,0.95719,1.37,1.50
2015.10.21 13:30:14.011,0.95706,0.95718,1.37,1.37
2015.10.21 13:30:14.673,0.95706,0.95717,1.00,1.72
2015.10.21 13:30:15.608,0.95706,0.95719,1.37,3.75
2015.10.21 13:30:16.115,0.95706,0.95718,1.50,1.50
2015.10.21 13:30:16.422,0.95711,0.95723,1.12,1.75
2015.10.21 13:30:16.575,0.95712,0.95723,1.00,2.25
2015.10.21 13:30:16.981,0.95711,0.95722,1.50,1.37
2015.10.21 13:30:17.286,0.95708,0.95719,1.00,1.75
2015.10.21 13:30:17.518,0.95708,0.9572,1.50,2.25
2015.10.21 13:30:17.772,0.95709,0.95721,1.00,1.12
2015.10.21 13:30:17.976,0.95709,0.95721,1.37,1.12
2015.10.21 13:30:18.735,0.95711,0.95722,1.50,1.12
2015.10.21 13:30:20.008,0.95711,0.95721,1.12,1.37
2015.10.21 13:30:20.264,0.95706,0.9572,1.50,2.25
2015.10.21 13:30:21.166,0.95708,0.9572,1.00,1.75
2015.10.21 13:30:21.675,0.95709,0.95721,1.00,2.62
2015.10.21 13:30:22.564,0.95707,0.9572,1.12,1.75
2015.10.21 13:30:22.716,0.95708,0.9572,1.37,1.50
2015.10.21 13:30:22.768,0.95709,0.9572,2.25,1.12
2015.10.21 13:30:22.819,0.95713,0.95723,1.00,1.75
2015.10.21 13:30:23.023,0.95709,0.95723,1.75,2.25
2015.10.21 13:30:23.358,0.95708,0.95721,1.50,2.25
2015.10.21 13:30:23.869,0.95707,0.95721,1.37,2.25
2015.10.21 13:30:24.277,0.95707,0.9572,1.37,2.25
2015.10.21 13:30:24.328,0.9571,0.9572,1.00,1.50
2015.10.21 13:30:24.672,0.95707,0.9572,1.50,3.00
2015.10.21 13:30:25.007,0.95707,0.9572,1.00,3.37
2015.10.21 13:30:26.670,0.95708,0.95719,1.00,1.75
2015.10.21 13:30:26.772,0.95705,0.95717,1.12,1.75
2015.10.21 13:30:27.371,0.95705,0.95717,1.00,2.10
2015.10.21 13:30:27.882,0.95707,0.95718,1.00,3.37
2015.10.21 13:30:28.635,0.95706,0.95719,1.00,3.37
2015.10.21 13:30:28.687,0.95706,0.95719,1.37,3.00
2015.10.21 13:30:28.791,0.95708,0.95719,1.37,1.00
2015.10.21 13:30:29.096,0.95711,0.95721,1.12,1.00
2015.10.21 13:30:30.048,0.95712,0.95721,1.00,1.12
2015.10.21 13:30:30.608,0.95707,0.9572,1.87,1.00
2015.10.21 13:30:30.710,0.95708,0.9572,1.12,1.75
2015.10.21 13:30:30.966,0.95704,0.95716,1.37,1.12
2015.10.21 13:30:31.017,0.95703,0.95716,1.75,2.25
2015.10.21 13:30:31.579,0.95706,0.95716,1.00,1.50
2015.10.21 13:30:36.198,0.95708,0.95719,1.00,2.62
2015.10.21 13:30:36.480,0.95711,0.9572,1.12,1.50
2015.10.21 13:30:36.937,0.95712,0.95722,1.12,1.12
2015.10.21 13:30:38.044,0.95711,0.9572,1.50,1.00
2015.10.21 13:30:38.146,0.95709,0.9572,1.50,1.87
2015.10.21 13:30:38.249,0.95708,0.95719,1.12,1.50
2015.10.21 13:30:38.554,0.95712,0.95723,1.00,2.62
2015.10.21 13:30:38.606,0.95713,0.95723,1.00,2.25
2015.10.21 13:30:39.170,0.95713,0.95724,1.00,2.25
2015.10.21 13:30:40.492,0.95711,0.95724,2.25,2.25
2015.10.21 13:30:41.407,0.9571,0.95722,1.37,1.50
2015.10.21 13:30:41.458,0.9571,0.9572,1.00,1.00
2015.10.21 13:30:41.510,0.95705,0.95717,1.87,1.12
2015.10.21 13:30:41.563,0.95705,0.95717,1.50,1.50
2015.10.21 13:30:56.515,0.95704,0.95717,1.37,1.75
2015.10.21 13:30:56.566,0.95704,0.95717,1.12,1.75
2015.10.21 13:30:58.962,0.95704,0.95717,2.25,1.12
2015.10.21 13:30:59.268,0.95706,0.95719,3.00,1.12
2015.10.21 13:30:59.576,0.95709,0.95722,2.62,2.25
2015.10.21 13:30:59.678,0.95706,0.9572,2.25,1.50
2015.10.21 13:30:59.781,0.95707,0.95718,1.00,1.00
2015.10.21 13:31:00.310,0.95707,0.95717,1.00,1.00
2015.10.21 13:31:00.768,0.95705,0.95717,1.12,1.12
2015.10.21 13:31:02.175,0.95706,0.95719,1.00,1.75
2015.10.21 13:31:04.051,0.95706,0.95719,1.37,1.50
2015.10.21 13:31:04.255,0.9571,0.95722,1.00,2.47
2015.10.21 13:31:04.306,0.9571,0.95722,1.12,2.10
2015.10.21 13:31:04.357,0.9571,0.95722,1.50,1.35
2015.10.21 13:31:06.323,0.9571,0.95722,1.50,1.60
2015.10.21 13:31:06.526,0.95709,0.9572,1.00,2.85
2015.10.21 13:31:06.729,0.95702,0.95715,2.25,1.00
2015.10.21 13:31:07.436,0.95704,0.95717,1.12,2.10
2015.10.21 13:31:08.452,0.95705,0.95718,1.37,2.85
2015.10.21 13:31:08.757,0.95705,0.95718,1.75,2.47
2015.10.21 13:31:22.039,0.95707,0.95719,1.00,1.50
2015.10.21 13:31:22.343,0.95707,0.9572,1.75,1.12
2015.10.21 13:31:24.122,0.95708,0.95721,1.75,1.12
2015.10.21 13:31:24.840,0.95709,0.95721,1.75,1.00
2015.10.21 13:31:25.468,0.9571,0.95723,3.00,1.50
2015.10.21 13:31:26.130,0.95712,0.95723,1.00,2.10
2015.10.21 13:31:26.182,0.9571,0.95721,1.87,1.67
2015.10.21 13:31:26.507,0.95705,0.95717,1.12,1.00
2015.10.21 13:31:26.814,0.95703,0.95716,2.62,1.12
2015.10.21 13:31:26.916,0.95705,0.95716,1.00,1.37
2015.10.21 13:31:27.613,0.95703,0.95716,1.75,1.50
2015.10.21 13:31:31.359,0.95705,0.95717,1.00,1.67
2015.10.21 13:31:31.576,0.95703,0.95711,1.00,1.00
2015.10.21 13:31:31.678,0.95697,0.95709,1.50,1.50
2015.10.21 13:31:32.137,0.95697,0.9571,2.62,1.12
2015.10.21 13:31:32.472,0.95699,0.95712,3.37,1.00
2015.10.21 13:31:32.983,0.95701,0.95714,1.75,2.10
2015.10.21 13:31:35.749,0.95703,0.95716,1.37,1.50
2015.10.21 13:31:35.800,0.95704,0.95716,1.50,1.50
2015.10.21 13:31:35.851,0.95704,0.95716,1.50,1.50
2015.10.21 13:31:36.199,0.9571,0.95723,1.75,1.50
2015.10.21 13:31:37.260,0.95709,0.95721,1.75,1.00
2015.10.21 13:31:37.769,0.95711,0.95724,1.50,1.75
2015.10.21 13:31:40.666,0.95712,0.95725,1.37,1.75
2015.10.21 13:31:41.200,0.95712,0.95725,1.75,1.50
2015.10.21 13:31:46.541,0.9571,0.95722,1.87,1.00
2015.10.21 13:31:46.644,0.95709,0.95722,1.75,1.72
2015.10.21 13:31:46.695,0.95709,0.95722,1.75,1.72
2015.10.21 13:31:46.797,0.95709,0.95721,1.50,1.67
2015.10.21 13:31:47.511,0.95705,0.95719,1.75,2.25
2015.10.21 13:31:47.665,0.95705,0.95716,1.75,1.00
2015.10.21 13:31:47.716,0.95703,0.95716,1.75,1.50
2015.10.21 13:31:49.280,0.95703,0.95716,1.50,2.10
2015.10.21 13:31:49.636,0.95703,0.95715,1.50,2.85
2015.10.21 13:31:50.148,0.95699,0.95712,2.62,1.00
2015.10.21 13:31:53.303,0.957,0.95713,1.75,1.72
2015.10.21 13:31:56.455,0.95701,0.95713,1.00,2.10
2015.10.21 13:31:56.608,0.95697,0.95709,1.12,1.12
2015.10.21 13:31:57.116,0.95697,0.9571,1.75,1.12
2015.10.21 13:31:58.024,0.95699,0.95712,1.75,1.72
2015.10.21 13:31:58.532,0.95701,0.95714,1.50,1.75
2015.10.21 13:32:00.217,0.95702,0.95715,1.37,2.25
2015.10.21 13:32:00.624,0.95703,0.95718,2.25,2.10
2015.10.21 13:32:00.929,0.95704,0.95717,1.00,3.22
2015.10.21 13:32:03.123,0.95704,0.95717,1.37,1.75
2015.10.21 13:32:03.225,0.95706,0.95716,1.12,1.00
2015.10.21 13:32:03.327,0.95708,0.95721,1.37,1.87
2015.10.21 13:32:03.510,0.95708,0.95721,1.50,1.75
2015.10.21 13:32:04.224,0.95708,0.95719,1.00,1.37
2015.10.21 13:32:04.326,0.95706,0.95716,1.50,1.30
2015.10.21 13:32:04.651,0.95702,0.95715,1.75,1.50
2015.10.21 13:32:05.264,0.95705,0.95717,1.50,1.50
2015.10.21 13:32:05.315,0.95708,0.95717,1.00,1.00
2015.10.21 13:32:05.609,0.95708,0.9572,1.50,1.50
2015.10.21 13:32:05.661,0.95706,0.95719,1.50,1.75
2015.10.21 13:32:06.915,0.95704,0.95717,1.75,1.72
2015.10.21 13:32:07.720,0.95706,0.95717,1.50,1.30
2015.10.21 13:32:09.052,0.95706,0.95719,1.75,1.12
2015.10.21 13:32:09.373,0.95708,0.95721,2.25,1.50
2015.10.21 13:32:11.263,0.95708,0.95721,1.75,2.10
2015.10.21 13:32:11.466,0.95706,0.95718,1.00,1.50
2015.10.21 13:32:11.767,0.95706,0.95719,2.25,1.37
2015.10.21 13:32:12.072,0.95711,0.95722,1.00,1.35
2015.10.21 13:32:13.565,0.95709,0.9572,1.37,2.85
2015.10.21 13:32:13.668,0.95704,0.95716,2.62,1.35
2015.10.21 13:32:13.872,0.95703,0.95713,1.37,1.30
2015.10.21 13:32:14.026,0.957,0.95711,1.37,1.12
2015.10.21 13:32:14.079,0.95698,0.95711,1.37,2.10
2015.10.21 13:32:14.601,0.95698,0.95713,3.00,2.10
2015.10.21 13:32:15.455,0.95698,0.95713,2.62,2.85
2015.10.21 13:32:15.761,0.95701,0.95714,1.75,1.72
2015.10.21 13:32:15.862,0.95701,0.95713,1.50,1.35
2015.10.21 13:32:17.866,0.95702,0.95713,1.50,1.00
2015.10.21 13:32:17.968,0.95703,0.95717,1.50,1.75
2015.10.21 13:32:18.274,0.95706,0.95719,1.00,3.22
2015.10.21 13:32:18.813,0.95707,0.95719,1.00,2.47
2015.10.21 13:32:20.890,0.95707,0.95715,1.00,2.47
2015.10.21 13:32:20.992,0.95704,0.95714,1.00,1.60
2015.10.21 13:32:21.475,0.95702,0.95713,1.12,1.67
2015.10.21 13:32:25.679,0.95703,0.95714,1.00,2.10
2015.10.21 13:32:25.884,0.95703,0.95716,1.37,2.85
2015.10.21 13:32:26.291,0.95702,0.95714,1.50,2.85
2015.10.21 13:32:26.596,0.95699,0.95712,1.50,2.85
2015.10.21 13:32:26.900,0.95702,0.95713,1.37,1.12
2015.10.21 13:32:28.248,0.95702,0.95714,1.75,1.72
2015.10.21 13:32:28.759,0.95702,0.95715,1.75,3.22
2015.10.21 13:32:31.859,0.95703,0.95714,1.50,1.30
2015.10.21 13:32:32.383,0.95703,0.95715,1.50,2.47
2015.10.21 13:32:34.379,0.95701,0.95713,1.75,1.60
2015.10.21 13:32:34.431,0.95701,0.95713,1.12,2.10
2015.10.21 13:32:34.587,0.95701,0.95713,1.00,2.47
2015.10.21 13:32:34.640,0.957,0.95713,1.50,2.85
2015.10.21 13:32:34.998,0.957,0.95712,1.50,1.35
2015.10.21 13:32:35.405,0.95697,0.95711,2.62,1.72
2015.10.21 13:32:35.797,0.95699,0.95713,2.62,1.72
2015.10.21 13:32:36.306,0.95701,0.95713,1.75,1.72
2015.10.21 13:32:36.816,0.95703,0.95716,1.50,1.37
2015.10.21 13:32:37.131,0.95706,0.95719,2.25,1.50
2015.10.21 13:32:37.437,0.95708,0.9572,1.75,1.00
2015.10.21 13:32:37.945,0.9571,0.95724,1.50,4.35
2015.10.21 13:32:38.465,0.9571,0.95723,1.75,1.50
2015.10.21 13:32:40.048,0.9571,0.95722,1.12,1.50
2015.10.21 13:32:40.353,0.95707,0.95718,1.75,1.00
2015.10.21 13:32:41.112,0.95707,0.95718,1.50,1.12
2015.10.21 13:32:41.521,0.95705,0.95717,1.50,1.50
2015.10.21 13:32:42.054,0.95707,0.9572,1.37,2.25
2015.10.21 13:32:42.362,0.95708,0.9572,1.75,1.12
2015.10.21 13:32:42.739,0.95706,0.9572,1.75,2.25
2015.10.21 13:32:43.248,0.95705,0.95718,1.12,2.85
2015.10.21 13:32:46.130,0.95705,0.95717,1.75,1.12
2015.10.21 13:32:46.664,0.95704,0.95717,3.37,1.00
2015.10.21 13:32:47.173,0.95705,0.95718,1.75,1.50
2015.10.21 13:32:50.280,0.95706,0.95717,1.75,1.00
2015.10.21 13:32:51.323,0.95707,0.9572,1.75,4.35
2015.10.21 13:32:51.573,0.95707,0.95719,2.62,1.00
2015.10.21 13:32:51.675,0.9571,0.95722,1.75,2.25
2015.10.21 13:32:52.183,0.95711,0.95722,1.50,1.00
2015.10.21 13:32:52.726,0.95711,0.95724,2.25,2.62
2015.10.21 13:32:56.674,0.95712,0.95724,1.75,1.12
2015.10.21 13:32:57.215,0.95712,0.95724,1.50,1.50
2015.10.21 13:32:58.020,0.95712,0.95722,1.50,1.00
2015.10.21 13:32:58.122,0.95708,0.9572,1.12,1.50
2015.10.21 13:32:58.173,0.95707,0.9572,1.75,2.25
2015.10.21 13:32:58.555,0.95708,0.9572,1.75,1.00
2015.10.21 13:32:58.657,0.95708,0.9572,1.50,1.50
2015.10.21 13:32:59.778,0.95711,0.95722,1.00,1.75
2015.10.21 13:33:00.033,0.95711,0.95724,1.75,1.87
2015.10.21 13:33:00.564,0.95711,0.95724,1.75,2.47
2015.10.21 13:33:00.856,0.95711,0.95724,1.12,3.60
2015.10.21 13:33:01.263,0.95711,0.95723,1.75,1.87
2015.10.21 13:33:01.771,0.95712,0.95724,1.12,2.10
2015.10.21 13:33:02.321,0.95714,0.95724,1.00,1.35
2015.10.21 13:33:02.676,0.95713,0.95724,1.50,1.30
2015.10.21 13:33:03.952,0.95713,0.95725,1.50,2.25
2015.10.21 13:33:04.515,0.95714,0.95724,1.75,1.00
2015.10.21 13:33:07.373,0.95713,0.95725,1.75,1.00
2015.10.21 13:33:11.036,0.95713,0.95724,1.75,1.00
2015.10.21 13:33:11.087,0.95713,0.95724,1.50,1.12
2015.10.21 13:33:11.139,0.95712,0.95722,1.75,1.00
2015.10.21 13:33:11.241,0.95714,0.95725,1.00,1.00
2015.10.21 13:33:11.495,0.95712,0.95725,2.25,1.75
2015.10.21 13:33:11.802,0.95714,0.95726,1.50,2.62
2015.10.21 13:33:12.295,0.95713,0.95724,1.12,1.50
2015.10.21 13:33:12.804,0.95714,0.95724,1.50,1.50
2015.10.21 13:33:15.070,0.95713,0.95725,1.87,1.75
2015.10.21 13:33:15.602,0.95714,0.95726,1.12,2.25
2015.10.21 13:33:16.109,0.95712,0.95726,1.50,2.25
2015.10.21 13:33:25.002,0.95713,0.95724,1.75,1.00
2015.10.21 13:33:25.104,0.95714,0.95726,1.75,1.87
2015.10.21 13:33:29.480,0.95713,0.95725,1.75,1.00
2015.10.21 13:33:29.991,0.95714,0.95726,1.75,1.00
2015.10.21 13:33:30.503,0.95714,0.95727,2.25,1.12
2015.10.21 13:33:32.612,0.95715,0.95728,2.25,1.12
2015.10.21 13:33:32.747,0.95715,0.95728,2.25,1.75
2015.10.21 13:33:34.054,0.95713,0.95726,2.25,1.50
2015.10.21 13:33:44.148,0.95713,0.95726,2.25,1.12
2015.10.21 13:33:44.453,0.95716,0.95728,1.87,1.00
2015.10.21 13:33:44.962,0.95716,0.95729,2.62,2.25
2015.10.21 13:33:48.685,0.95716,0.95729,2.25,1.87
2015.10.21 13:33:49.192,0.95716,0.95728,2.25,1.00
2015.10.21 13:33:53.376,0.95716,0.95729,1.75,1.87
2015.10.21 13:33:53.885,0.95715,0.95728,2.62,1.50
2015.10.21 13:33:54.404,0.95716,0.95729,1.75,1.87
2015.10.21 13:33:57.041,0.95714,0.95727,1.75,1.12
2015.10.21 13:33:57.346,0.95713,0.95726,2.25,1.37
2015.10.21 13:34:04.414,0.95713,0.95726,1.75,1.12
2015.10.21 13:34:04.923,0.95714,0.95728,2.25,1.37
2015.10.21 13:34:05.228,0.95718,0.9573,1.75,1.12
2015.10.21 13:34:05.529,0.95713,0.95726,1.50,1.75
2015.10.21 13:34:15.819,0.95713,0.95726,1.50,1.50
2015.10.21 13:34:16.345,0.95712,0.95727,4.12,1.50
2015.10.21 13:34:20.050,0.95716,0.95726,1.37,1.00
2015.10.21 13:34:20.203,0.95714,0.95725,1.12,1.50
2015.10.21 13:34:21.943,0.95713,0.95724,1.12,2.47
2015.10.21 13:34:22.289,0.95707,0.95717,1.00,1.50
2015.10.21 13:34:23.356,0.95707,0.95716,1.50,2.47
2015.10.21 13:34:23.510,0.95704,0.95713,1.00,1.00
2015.10.21 13:34:23.612,0.95706,0.95714,1.00,1.87
2015.10.21 13:34:24.672,0.95706,0.95717,1.00,1.50
2015.10.21 13:34:24.724,0.95706,0.95717,1.00,1.50
2015.10.21 13:34:25.274,0.95705,0.95717,1.00,1.50
2015.10.21 13:34:25.477,0.95705,0.95717,1.00,1.50
2015.10.21 13:34:27.775,0.95704,0.95717,1.50,1.50
2015.10.21 13:34:27.928,0.95707,0.95719,1.50,2.25
2015.10.21 13:34:27.979,0.95707,0.95719,1.50,1.87
2015.10.21 13:34:28.183,0.9571,0.95722,1.12,1.50
2015.10.21 13:34:28.674,0.9571,0.95723,1.37,1.50
2015.10.21 13:34:28.980,0.95714,0.95726,1.37,1.50
2015.10.21 13:34:29.336,0.95714,0.95726,1.50,2.25
2015.10.21 13:34:30.126,0.95714,0.95725,1.50,1.00
2015.10.21 13:34:30.714,0.95714,0.95724,1.50,1.00
2015.10.21 13:34:31.233,0.95714,0.95725,1.00,1.00
2015.10.21 13:34:31.759,0.95715,0.95725,1.00,1.00
2015.10.21 13:34:32.261,0.95715,0.95725,1.00,1.50
2015.10.21 13:34:34.298,0.95715,0.95724,1.00,1.72
2015.10.21 13:34:34.563,0.95713,0.95723,1.12,1.12
2015.10.21 13:34:36.043,0.95709,0.95722,4.12,1.00
2015.10.21 13:34:36.145,0.95709,0.95719,2.62,1.60
2015.10.21 13:34:36.197,0.95709,0.95719,1.75,1.60
2015.10.21 13:34:36.248,0.95707,0.95714,1.12,1.00
2015.10.21 13:34:36.401,0.95703,0.95714,1.12,1.00
2015.10.21 13:34:36.503,0.95702,0.95714,2.25,1.00
2015.10.21 13:34:37.601,0.95702,0.95715,2.25,1.12
2015.10.21 13:34:38.510,0.95703,0.95716,2.25,1.12
2015.10.21 13:34:39.030,0.95704,0.95716,1.50,1.50
2015.10.21 13:34:43.637,0.95706,0.95717,1.00,1.75
2015.10.21 13:34:43.688,0.95706,0.95717,1.37,1.12
2015.10.21 13:34:43.790,0.95708,0.95721,2.62,1.50
2015.10.21 13:34:44.096,0.95708,0.9572,1.75,1.12
2015.10.21 13:34:44.749,0.95708,0.95722,2.25,1.72
2015.10.21 13:34:44.800,0.95708,0.95722,2.62,1.72
2015.10.21 13:34:45.520,0.95708,0.95722,2.25,1.50
2015.10.21 13:34:46.483,0.95707,0.95719,1.12,1.00
2015.10.21 13:34:46.738,0.95703,0.95714,1.75,1.00
2015.10.21 13:34:47.243,0.95703,0.95715,1.75,1.12
2015.10.21 13:34:58.748,0.95705,0.95716,1.37,1.50
2015.10.21 13:34:59.257,0.95703,0.95715,2.25,1.00
2015.10.21 13:35:03.750,0.95702,0.95714,1.87,1.50
2015.10.21 13:35:03.803,0.95699,0.95714,3.00,2.85
2015.10.21 13:35:03.854,0.95699,0.9571,1.75,1.00
2015.10.21 13:35:04.364,0.95698,0.95711,4.12,1.00
2015.10.21 13:35:04.873,0.957,0.95712,1.75,1.12
2015.10.21 13:35:05.549,0.957,0.95712,1.75,1.00
2015.10.21 13:35:13.087,0.957,0.95713,1.75,1.72
2015.10.21 13:35:14.192,0.95701,0.95714,2.25,1.37
2015.10.21 13:35:14.699,0.95701,0.95714,1.75,1.12
2015.10.21 13:35:15.694,0.95701,0.95714,3.37,1.00
2015.10.21 13:35:16.152,0.95706,0.95718,2.62,1.37
2015.10.21 13:35:16.204,0.95706,0.95718,3.75,1.12
2015.10.21 13:35:16.255,0.95711,0.95723,1.12,1.12
2015.10.21 13:35:16.306,0.95711,0.95724,1.50,2.25
2015.10.21 13:35:16.847,0.95709,0.95722,3.37,1.00
2015.10.21 13:35:17.355,0.9571,0.95723,2.25,1.12
2015.10.21 13:35:19.357,0.95713,0.95725,1.00,1.50
2015.10.21 13:35:20.192,0.95714,0.95725,1.00,1.50
2015.10.21 13:35:20.694,0.95715,0.95728,1.50,1.75
2015.10.21 13:35:22.002,0.95716,0.95728,1.50,1.00
2015.10.21 13:35:22.901,0.95718,0.95728,1.00,1.00
2015.10.21 13:35:23.307,0.95719,0.95733,1.50,1.50
2015.10.21 13:35:25.473,0.95718,0.95733,2.25,1.75
2015.10.21 13:35:26.006,0.95718,0.95733,2.25,1.75
2015.10.21 13:35:30.777,0.95722,0.95734,1.00,1.12
2015.10.21 13:35:31.115,0.95724,0.95735,1.00,1.12
2015.10.21 13:35:35.489,0.95725,0.95735,1.00,1.12
2015.10.21 13:35:36.392,0.95723,0.95735,1.00,1.87
2015.10.21 13:35:37.259,0.95719,0.95732,2.25,1.50
2015.10.21 13:35:37.361,0.95719,0.9573,1.12,1.50
2015.10.21 13:35:37.618,0.95715,0.95726,1.00,1.00
2015.10.21 13:35:37.669,0.95715,0.95727,1.00,1.12
2015.10.21 13:35:37.986,0.95715,0.95725,1.00,1.12
2015.10.21 13:35:38.496,0.95716,0.95726,1.00,1.12
2015.10.21 13:35:42.367,0.95716,0.95723,1.00,1.00
2015.10.21 13:35:43.768,0.95717,0.95728,1.00,1.87
2015.10.21 13:35:43.819,0.95717,0.95729,1.00,1.75
2015.10.21 13:35:43.974,0.95717,0.9573,1.50,2.25
2015.10.21 13:35:44.513,0.95713,0.95726,1.87,1.50
2015.10.21 13:35:44.565,0.95713,0.95725,1.00,1.75
2015.10.21 13:35:45.073,0.95712,0.95725,1.12,2.25
2015.10.21 13:35:47.266,0.95713,0.95726,1.00,2.62
2015.10.21 13:35:47.521,0.95714,0.95727,1.12,1.75
2015.10.21 13:35:49.943,0.95715,0.95728,1.00,2.62
2015.10.21 13:35:50.096,0.95715,0.95728,1.50,1.75
2015.10.21 13:35:50.147,0.95718,0.9573,1.00,1.12
2015.10.21 13:35:50.199,0.95718,0.95728,1.00,1.00
2015.10.21 13:35:50.403,0.95718,0.9573,1.50,1.00
2015.10.21 13:35:51.489,0.95716,0.95729,1.50,1.75
2015.10.21 13:35:51.591,0.95714,0.95726,1.50,1.00
2015.10.21 13:35:51.773,0.95713,0.95726,1.12,1.75
2015.10.21 13:35:52.079,0.95715,0.95728,1.12,1.75
2015.10.21 13:35:53.130,0.95713,0.95726,1.12,1.75
2015.10.21 13:35:58.164,0.95714,0.95723,1.00,1.00
2015.10.21 13:35:58.317,0.95716,0.95729,1.12,1.75
2015.10.21 13:35:58.419,0.95718,0.9573,1.00,2.25
2015.10.21 13:35:58.521,0.95718,0.9573,1.50,1.50
2015.10.21 13:35:58.725,0.95721,0.95732,1.00,1.50
2015.10.21 13:35:59.945,0.95718,0.9573,1.50,2.10
2015.10.21 13:36:00.047,0.95718,0.95729,1.00,1.75
2015.10.21 13:36:00.283,0.95714,0.95726,1.75,1.12
2015.10.21 13:36:01.045,0.95714,0.95725,1.00,1.00
2015.10.21 13:36:01.147,0.95714,0.95726,1.00,1.75
2015.10.21 13:36:01.753,0.95712,0.95727,2.62,2.62
2015.10.21 13:36:03.717,0.95713,0.95727,1.50,1.12
2015.10.21 13:36:03.907,0.95718,0.95729,1.50,1.12
2015.10.21 13:36:04.214,0.95718,0.95728,1.12,1.87
2015.10.21 13:36:04.418,0.95712,0.95724,1.12,1.75
2015.10.21 13:36:05.564,0.95713,0.95726,1.12,1.75
2015.10.21 13:36:05.616,0.95714,0.95726,1.37,1.37
2015.10.21 13:36:05.668,0.95714,0.95726,1.75,1.12
2015.10.21 13:36:05.822,0.95717,0.9573,2.25,1.37
2015.10.21 13:36:05.874,0.9572,0.95731,1.00,1.50
2015.10.21 13:36:06.388,0.9572,0.95729,1.00,1.12
2015.10.21 13:36:06.797,0.95716,0.95729,2.25,1.50
2015.10.21 13:36:07.313,0.95716,0.9573,1.50,1.75
2015.10.21 13:36:08.027,0.95717,0.9573,1.50,1.50
2015.10.21 13:36:08.078,0.95717,0.9573,1.75,1.50
2015.10.21 13:36:09.436,0.95717,0.9573,1.37,2.85
2015.10.21 13:36:09.487,0.95714,0.95727,1.75,1.12
2015.10.21 13:36:09.640,0.95714,0.95725,1.50,1.37
2015.10.21 13:36:09.794,0.95715,0.95728,1.87,1.00
2015.10.21 13:36:10.200,0.95719,0.9573,1.37,1.50
2015.10.21 13:36:10.708,0.95716,0.95729,1.75,1.12
2015.10.21 13:36:11.187,0.95718,0.95727,1.00,1.00
2015.10.21 13:36:11.340,0.95713,0.95726,1.50,1.75
2015.10.21 13:36:12.670,0.95713,0.95724,1.00,1.37
2015.10.21 13:36:13.597,0.95712,0.95727,2.25,1.75
2015.10.21 13:36:14.105,0.95716,0.95728,1.37,1.12
2015.10.21 13:36:14.156,0.95716,0.95731,1.50,2.62
2015.10.21 13:36:14.258,0.95717,0.95729,1.00,1.00
2015.10.21 13:36:14.309,0.95716,0.95729,1.75,1.00
2015.10.21 13:36:15.328,0.95715,0.95728,1.87,1.00
2015.10.21 13:36:15.634,0.95714,0.95725,1.00,1.75
2015.10.21 13:36:16.171,0.95712,0.95726,1.50,1.75
2015.10.21 13:36:17.220,0.95711,0.95723,3.00,1.12
2015.10.21 13:36:19.288,0.95715,0.95726,1.87,1.75
2015.10.21 13:36:19.594,0.95716,0.95728,1.37,1.75
2015.10.21 13:36:19.697,0.95719,0.95728,1.00,1.00
2015.10.21 13:36:20.105,0.95717,0.95727,1.37,1.75
2015.10.21 13:36:20.308,0.95713,0.95724,1.00,1.75
2015.10.21 13:36:21.672,0.95714,0.95726,1.00,1.87
2015.10.21 13:36:21.775,0.95714,0.95727,3.00,1.75
2015.10.21 13:36:21.827,0.95715,0.95728,1.87,1.75
2015.10.21 13:36:22.030,0.95719,0.95729,1.12,1.12
2015.10.21 13:36:22.285,0.95717,0.95727,1.50,1.00
2015.10.21 13:36:22.590,0.95712,0.95724,1.12,1.75
2015.10.21 13:36:23.098,0.95712,0.95725,1.00,1.87
2015.10.21 13:36:23.607,0.95711,0.95724,1.00,3.37
2015.10.21 13:36:28.633,0.9571,0.95723,1.12,1.75
2015.10.21 13:36:28.736,0.95713,0.95724,1.00,1.12
2015.10.21 13:36:28.839,0.95714,0.95722,1.00,1.00
2015.10.21 13:36:29.348,0.95714,0.95727,1.50,3.37
2015.10.21 13:36:36.230,0.95716,0.95727,1.00,2.62
2015.10.21 13:36:36.732,0.95716,0.95727,1.00,2.25
2015.10.21 13:36:37.683,0.95715,0.95727,1.00,2.25
2015.10.21 13:36:39.026,0.95714,0.95722,1.00,1.60
2015.10.21 13:36:39.130,0.95708,0.95716,1.12,1.00
2015.10.21 13:36:39.232,0.95706,0.95716,1.12,1.12
2015.10.21 13:36:39.334,0.95707,0.95718,1.00,1.87
2015.10.21 13:36:39.842,0.95706,0.95717,1.00,2.62
2015.10.21 13:36:40.075,0.95704,0.95715,1.50,1.75
2015.10.21 13:36:40.837,0.95706,0.95716,1.00,1.75
2015.10.21 13:36:42.570,0.9571,0.95719,1.00,1.75
2015.10.21 13:36:42.774,0.95713,0.95722,1.00,1.00
2015.10.21 13:36:43.593,0.95714,0.95722,1.00,1.00
2015.10.21 13:36:46.420,0.95713,0.95726,1.50,2.62
2015.10.21 13:36:48.955,0.95712,0.95724,1.12,1.75
2015.10.21 13:36:49.057,0.95711,0.95721,1.00,1.50
2015.10.21 13:36:49.261,0.95709,0.9572,1.12,1.50
2015.10.21 13:36:49.464,0.95709,0.9572,1.75,1.50
2015.10.21 13:36:49.566,0.95707,0.95719,1.50,2.62
2015.10.21 13:36:49.618,0.95707,0.95718,1.37,1.37
2015.10.21 13:36:49.669,0.95705,0.95717,1.00,1.87
2015.10.21 13:36:50.218,0.95704,0.95716,1.50,1.75
2015.10.21 13:36:50.726,0.95703,0.95716,2.25,1.87
2015.10.21 13:36:51.372,0.95704,0.95716,1.00,1.12
2015.10.21 13:36:51.880,0.95704,0.95717,1.00,1.87
2015.10.21 13:36:52.710,0.95703,0.95713,1.87,1.00
2015.10.21 13:36:52.914,0.95708,0.95716,1.00,1.75
2015.10.21 13:36:53.067,0.95709,0.95722,1.50,3.37
2015.10.21 13:36:53.271,0.95711,0.95722,1.12,1.50
2015.10.21 13:36:53.811,0.95712,0.95722,1.00,1.50
2015.10.21 13:36:54.375,0.95713,0.95725,1.50,1.12
2015.10.21 13:37:00.504,0.95713,0.95725,1.00,1.75
2015.10.21 13:37:01.445,0.95711,0.95723,1.50,1.50
2015.10.21 13:37:01.703,0.9571,0.95723,1.87,1.75
2015.10.21 13:37:05.194,0.95708,0.95719,1.50,1.37
2015.10.21 13:37:05.348,0.95704,0.95717,2.25,1.75
2015.10.21 13:37:06.009,0.95705,0.95717,1.00,1.12
2015.10.21 13:37:06.371,0.95704,0.95716,2.25,1.00
2015.10.21 13:37:11.192,0.95707,0.9572,1.37,2.62
2015.10.21 13:37:11.243,0.95707,0.9572,1.50,1.75
2015.10.21 13:37:11.295,0.95707,0.9572,1.50,1.50
2015.10.21 13:37:11.447,0.95706,0.95718,1.75,1.12
2015.10.21 13:37:11.854,0.9571,0.95723,1.00,3.75
2015.10.21 13:37:12.032,0.9571,0.95723,1.50,2.25
2015.10.21 13:37:12.186,0.95709,0.9572,1.12,1.72
2015.10.21 13:37:12.288,0.95706,0.95717,1.50,1.12
2015.10.21 13:37:13.399,0.95705,0.95718,1.75,1.50
2015.10.21 13:37:13.934,0.95705,0.95718,2.25,1.50
2015.10.21 13:37:14.943,0.95705,0.95716,1.75,1.00
2015.10.21 13:37:15.045,0.95707,0.9572,1.50,1.75
2015.10.21 13:37:15.504,0.95707,0.95719,1.12,1.87
2015.10.21 13:37:15.756,0.95705,0.95717,1.12,1.75
2015.10.21 13:37:16.882,0.95705,0.95717,1.00,1.75
2015.10.21 13:37:17.392,0.95702,0.95715,1.75,1.12
2015.10.21 13:37:18.722,0.95704,0.95715,1.00,1.37
2015.10.21 13:37:23.120,0.95704,0.95715,1.37,1.00
2015.10.21 13:37:33.876,0.95704,0.95717,1.12,1.75
2015.10.21 13:37:35.950,0.95703,0.95715,1.50,1.00
2015.10.21 13:37:36.052,0.95703,0.95716,1.12,1.12
2015.10.21 13:37:36.205,0.95703,0.95717,1.50,1.75
2015.10.21 13:37:36.737,0.95703,0.95713,1.12,1.72
2015.10.21 13:37:36.789,0.95703,0.95713,1.00,2.85
2015.10.21 13:37:36.840,0.957,0.95712,1.50,1.50
2015.10.21 13:37:36.892,0.957,0.95712,1.00,1.75
2015.10.21 13:37:37.147,0.95701,0.95712,1.37,1.12
2015.10.21 13:37:37.249,0.95701,0.95714,1.37,1.87
2015.10.21 13:37:37.766,0.95704,0.95715,1.00,1.00
2015.10.21 13:37:38.376,0.95704,0.95714,1.00,1.00
2015.10.21 13:37:38.878,0.95703,0.95715,1.00,1.50
2015.10.21 13:37:39.386,0.95703,0.95714,1.00,1.00
2015.10.21 13:37:40.468,0.95703,0.95712,1.00,1.00
2015.10.21 13:37:40.570,0.95703,0.95715,1.00,3.00
2015.10.21 13:37:44.028,0.95703,0.95715,1.50,1.12
2015.10.21 13:37:44.332,0.95705,0.95717,1.75,1.12
2015.10.21 13:37:45.590,0.95705,0.95717,1.50,1.50
2015.10.21 13:37:49.167,0.95705,0.95718,1.87,1.50
2015.10.21 13:37:49.219,0.95705,0.95718,1.87,1.75
2015.10.21 13:37:49.830,0.95707,0.95719,1.00,2.62
2015.10.21 13:37:49.932,0.95704,0.95717,2.25,1.75
2015.10.21 13:37:51.251,0.95704,0.95717,2.25,1.37
2015.10.21 13:37:51.302,0.95704,0.95717,1.75,1.12
2015.10.21 13:37:51.353,0.95704,0.95715,1.35,1.00
2015.10.21 13:37:51.455,0.95708,0.9572,1.00,1.75
2015.10.21 13:37:51.655,0.95708,0.9572,1.50,1.37
2015.10.21 13:37:52.163,0.95707,0.9572,1.37,3.60
2015.10.21 13:37:52.265,0.95704,0.95716,1.75,1.12
2015.10.21 13:37:52.621,0.95705,0.95717,1.75,1.00
2015.10.21 13:37:53.162,0.95705,0.9572,2.25,3.00
2015.10.21 13:37:53.670,0.95709,0.9572,1.00,1.37
2015.10.21 13:37:54.213,0.95707,0.9572,1.75,1.12
2015.10.21 13:37:54.520,0.95704,0.95716,1.37,1.12
2015.10.21 13:37:54.623,0.95703,0.95715,2.25,1.00
2015.10.21 13:37:55.132,0.95703,0.95716,2.25,1.75
2015.10.21 13:37:57.664,0.95704,0.95715,1.50,1.12
2015.10.21 13:37:59.836,0.95704,0.95715,1.37,1.50
2015.10.21 13:38:00.473,0.95704,0.95714,1.00,1.50
2015.10.21 13:38:00.727,0.95704,0.95715,1.00,1.50
2015.10.21 13:38:06.661,0.95704,0.95717,1.87,1.37
2015.10.21 13:38:06.712,0.95706,0.95717,1.00,1.00
2015.10.21 13:38:06.764,0.95707,0.9572,1.37,2.25
2015.10.21 13:38:07.099,0.95706,0.95719,1.87,1.75
2015.10.21 13:38:07.405,0.95706,0.95715,1.00,1.75
2015.10.21 13:38:07.963,0.95701,0.95714,1.75,1.50
2015.10.21 13:38:08.632,0.95702,0.95715,1.75,1.50
2015.10.21 13:38:13.543,0.95704,0.95714,1.37,1.00
2015.10.21 13:38:13.747,0.95704,0.95716,2.25,1.00
2015.10.21 13:38:14.503,0.95706,0.95719,2.25,1.12
2015.10.21 13:38:15.114,0.95706,0.95719,2.25,2.47
2015.10.21 13:38:15.166,0.95706,0.95717,2.25,1.00
2015.10.21 13:38:15.217,0.95706,0.95713,1.00,1.00
2015.10.21 13:38:15.720,0.95705,0.95715,1.00,1.75
2015.10.21 13:38:16.178,0.95702,0.95715,2.25,1.75
2015.10.21 13:38:16.690,0.95703,0.95713,1.00,1.37
2015.10.21 13:38:17.203,0.95701,0.95714,2.25,1.50
2015.10.21 13:38:20.012,0.95704,0.95715,1.00,1.75
2015.10.21 13:38:22.451,0.95704,0.95715,1.00,1.75
2015.10.21 13:38:22.502,0.95701,0.95714,2.25,2.25
2015.10.21 13:38:24.094,0.95701,0.95712,1.12,1.37
2015.10.21 13:38:25.615,0.95702,0.95712,1.00,1.37
2015.10.21 13:38:26.919,0.95701,0.95713,1.12,1.67
2015.10.21 13:38:27.477,0.957,0.95711,1.12,1.37
2015.10.21 13:38:27.529,0.95698,0.9571,1.12,1.75
2015.10.21 13:38:27.919,0.95699,0.95712,2.47,1.75
2015.10.21 13:38:27.971,0.95701,0.95712,1.37,1.00
2015.10.21 13:38:29.166,0.95701,0.95713,1.50,1.35
2015.10.21 13:38:29.268,0.95699,0.95711,1.50,1.37
2015.10.21 13:38:29.777,0.95698,0.9571,1.50,1.50
2015.10.21 13:38:32.092,0.95698,0.9571,2.47,1.12
2015.10.21 13:38:32.194,0.957,0.95712,1.75,1.12
2015.10.21 13:38:38.739,0.957,0.95713,1.87,2.25
2015.10.21 13:38:39.044,0.95696,0.95709,1.50,1.75
2015.10.21 13:38:41.304,0.95696,0.9571,1.00,2.62
2015.10.21 13:38:41.640,0.95692,0.95705,2.25,1.50
2015.10.21 13:38:42.300,0.95693,0.95705,1.50,1.50
2015.10.21 13:38:44.738,0.95693,0.95707,1.50,1.75
2015.10.21 13:38:45.260,0.95694,0.95706,1.50,1.50
2015.10.21 13:38:45.771,0.95692,0.95704,2.25,1.00
2015.10.21 13:38:45.823,0.95694,0.95707,1.50,1.37
2015.10.21 13:38:47.006,0.95694,0.95707,2.25,1.75
2015.10.21 13:38:50.428,0.95694,0.95706,1.12,1.75
2015.10.21 13:38:57.537,0.95692,0.95703,1.75,1.00
2015.10.21 13:38:58.048,0.95693,0.95706,3.00,1.75
2015.10.21 13:38:58.352,0.95693,0.95706,2.25,1.12
2015.10.21 13:38:58.846,0.95693,0.95705,1.50,1.50
2015.10.21 13:38:59.152,0.95693,0.95706,2.25,1.50
2015.10.21 13:38:59.254,0.95693,0.95706,1.50,1.75
2015.10.21 13:39:00.533,0.95692,0.95705,2.62,1.50
2015.10.21 13:39:03.278,0.95692,0.95705,2.25,1.75
2015.10.21 13:39:10.003,0.95693,0.95706,1.00,1.75
2015.10.21 13:39:10.261,0.95693,0.95705,1.50,2.62
2015.10.21 13:39:10.414,0.95691,0.95704,1.75,1.50
2015.10.21 13:39:11.258,0.95693,0.95706,1.87,1.75
2015.10.21 13:39:11.803,0.95694,0.95709,2.25,1.87
2015.10.21 13:39:14.261,0.95694,0.95708,3.00,1.12
2015.10.21 13:39:16.743,0.95696,0.95708,1.00,1.12
2015.10.21 13:39:16.910,0.95696,0.95709,1.00,1.75
2015.10.21 13:39:17.488,0.95695,0.95706,1.12,1.50
2015.10.21 13:39:29.922,0.95695,0.95706,1.50,1.12
2015.10.21 13:39:32.128,0.95696,0.95707,1.00,1.50
2015.10.21 13:39:34.927,0.95695,0.95707,1.12,1.50
2015.10.21 13:39:35.436,0.95695,0.95706,1.00,1.75
2015.10.21 13:39:35.720,0.95692,0.95705,2.25,1.75
2015.10.21 13:39:36.331,0.95691,0.95704,1.50,4.50
2015.10.21 13:39:36.434,0.95691,0.95701,1.00,1.12
2015.10.21 13:39:36.536,0.95688,0.95698,1.00,1.50
2015.10.21 13:39:36.728,0.95686,0.95698,1.87,2.62
2015.10.21 13:39:37.239,0.95685,0.95696,1.00,1.75
2015.10.21 13:39:37.861,0.95686,0.95697,1.00,1.12
2015.10.21 13:39:38.220,0.95686,0.95695,1.00,1.00
2015.10.21 13:39:43.790,0.95687,0.95699,1.00,1.12
2015.10.21 13:39:46.852,0.95686,0.95698,1.00,1.75
2015.10.21 13:39:48.939,0.95686,0.95698,1.00,1.87
2015.10.21 13:39:49.479,0.95685,0.95697,1.50,1.75
2015.10.21 13:39:49.987,0.95684,0.95697,1.12,1.75
2015.10.21 13:39:50.190,0.95686,0.95697,1.00,1.75
2015.10.21 13:39:50.947,0.95686,0.95698,1.00,2.25
2015.10.21 13:39:51.457,0.95685,0.95698,1.87,1.75
2015.10.21 13:39:54.852,0.95686,0.95698,1.00,2.25
2015.10.21 13:39:55.745,0.95686,0.95696,1.00,1.75
2015.10.21 13:39:56.286,0.95686,0.95697,1.00,1.75
2015.10.21 13:40:00.272,0.95686,0.95699,1.87,2.25
2015.10.21 13:40:01.169,0.95686,0.95697,1.50,1.75
2015.10.21 13:40:04.392,0.95686,0.95697,1.00,2.62
2015.10.21 13:40:04.545,0.95683,0.95693,1.50,1.00
2015.10.21 13:40:04.596,0.95681,0.95693,1.50,1.75
2015.10.21 13:40:04.807,0.95679,0.95691,1.12,1.75
2015.10.21 13:40:05.466,0.95679,0.95691,1.00,1.75
2015.10.21 13:40:06.181,0.95679,0.95691,1.60,1.75
2015.10.21 13:40:06.232,0.95686,0.95694,1.00,3.00
2015.10.21 13:40:06.741,0.95686,0.95697,1.50,1.75
2015.10.21 13:40:09.182,0.95686,0.95699,1.87,1.75
2015.10.21 13:40:10.016,0.95686,0.95699,2.25,1.87
2015.10.21 13:40:16.651,0.95685,0.95697,1.12,1.50
2015.10.21 13:40:17.575,0.95686,0.95697,1.00,1.50
2015.10.21 13:40:17.848,0.95686,0.957,1.50,2.25
2015.10.21 13:40:18.002,0.95686,0.95697,1.00,1.75
2015.10.21 13:40:22.698,0.95687,0.95699,1.00,1.12
2015.10.21 13:40:22.751,0.95687,0.957,2.25,1.75
2015.10.21 13:40:22.854,0.95687,0.957,3.75,1.50
2015.10.21 13:40:23.199,0.95691,0.95704,1.50,2.25
2015.10.21 13:40:25.541,0.95692,0.95704,1.00,2.25
2015.10.21 13:40:26.913,0.95695,0.95705,1.00,1.50
2015.10.21 13:40:27.474,0.95694,0.95707,1.12,1.75
2015.10.21 13:40:30.059,0.95695,0.95708,1.00,2.47
2015.10.21 13:40:31.159,0.95699,0.95708,1.00,1.12
2015.10.21 13:40:31.313,0.95699,0.95711,1.87,2.85
2015.10.21 13:40:31.369,0.957,0.95712,1.75,1.12
2015.10.21 13:40:31.677,0.95708,0.95719,1.00,1.12
2015.10.21 13:40:31.780,0.95711,0.95723,1.00,1.87
2015.10.21 13:40:31.881,0.95711,0.95723,1.12,1.75
2015.10.21 13:40:32.035,0.95708,0.9572,1.37,1.87
2015.10.21 13:40:32.221,0.95705,0.95718,1.00,1.87
2015.10.21 13:40:33.156,0.95707,0.95719,1.00,1.12
2015.10.21 13:40:33.439,0.95709,0.9572,1.50,1.37
2015.10.21 13:40:33.592,0.95711,0.95724,1.00,1.87
2015.10.21 13:40:35.835,0.95711,0.9572,1.12,2.10
2015.10.21 13:40:35.887,0.95706,0.95717,1.00,1.75
2015.10.21 13:40:36.415,0.95704,0.95717,1.50,1.75
2015.10.21 13:40:38.810,0.95704,0.95717,1.00,2.25
2015.10.21 13:40:41.640,0.95705,0.95718,1.87,1.50
2015.10.21 13:40:41.692,0.95705,0.95718,1.87,1.50
2015.10.21 13:40:41.998,0.95711,0.95722,1.00,1.00
2015.10.21 13:40:42.204,0.95713,0.95722,1.00,1.00
2015.10.21 13:40:43.188,0.95712,0.95722,1.00,1.00
2015.10.21 13:40:45.462,0.95712,0.95725,1.00,2.62
2015.10.21 13:40:46.023,0.95712,0.95724,1.00,1.12
2015.10.21 13:40:48.578,0.95713,0.95724,1.00,1.37
2015.10.21 13:40:48.629,0.95713,0.95726,1.12,1.87
2015.10.21 13:40:48.732,0.95713,0.95726,1.75,1.50
2015.10.21 13:40:49.293,0.95715,0.95727,1.00,1.75
2015.10.21 13:40:49.801,0.95714,0.95727,1.50,1.75
2015.10.21 13:40:50.107,0.95715,0.95728,1.37,1.50
2015.10.21 13:40:50.295,0.95715,0.95728,1.37,1.75
2015.10.21 13:40:50.346,0.95713,0.95728,2.25,1.75
2015.10.21 13:40:50.397,0.95713,0.95728,1.87,1.37
2015.10.21 13:40:50.449,0.95717,0.95729,1.00,2.25
2015.10.21 13:40:50.856,0.95718,0.95729,1.50,1.12
2015.10.21 13:40:52.346,0.95718,0.95729,1.50,1.00
2015.10.21 13:40:52.890,0.9572,0.95732,1.12,1.50
2015.10.21 13:40:53.402,0.95721,0.95731,1.00,1.37
2015.10.21 13:40:54.033,0.95721,0.95731,1.12,1.12
2015.10.21 13:40:57.670,0.95718,0.9573,2.25,1.00
2015.10.21 13:40:57.976,0.95711,0.95724,3.75,1.75
2015.10.21 13:40:58.027,0.95714,0.95725,1.00,1.12
2015.10.21 13:40:58.130,0.95716,0.95728,1.00,1.75
2015.10.21 13:40:58.675,0.95717,0.9573,1.00,3.37
2015.10.21 13:40:59.133,0.95715,0.95726,1.00,1.75
2015.10.21 13:40:59.337,0.95712,0.95725,1.12,1.75
2015.10.21 13:40:59.585,0.95713,0.95726,1.37,1.50
2015.10.21 13:40:59.890,0.95717,0.9573,1.50,2.25
2015.10.21 13:41:00.196,0.9572,0.95731,1.12,1.50
2015.10.21 13:41:01.105,0.95721,0.95731,1.00,1.50
2015.10.21 13:41:01.627,0.95718,0.95731,1.75,1.12
2015.10.21 13:41:03.806,0.95721,0.95731,1.50,1.12
2015.10.21 13:41:04.289,0.95724,0.95731,1.00,1.00
2015.10.21 13:41:04.798,0.95721,0.95731,1.75,1.00
2015.10.21 13:41:05.846,0.95722,0.95731,1.12,1.00
2015.10.21 13:41:05.999,0.95722,0.95736,1.75,1.75
2015.10.21 13:41:06.101,0.95724,0.95731,1.12,1.00
2015.10.21 13:41:06.610,0.95721,0.95733,1.37,1.37
2015.10.21 13:41:06.662,0.95721,0.95733,1.12,1.75
2015.10.21 13:41:07.412,0.95721,0.95731,2.25,1.12
2015.10.21 13:41:07.464,0.95724,0.95732,1.00,1.00
2015.10.21 13:41:07.973,0.95724,0.95731,1.00,1.00
2015.10.21 13:41:08.984,0.95724,0.95737,1.37,1.75
