2016.07.12 08:00:00.029,0.98071,0.98084,1.50,4.69
2016.07.12 08:00:00.531,0.9807,0.98083,1.37,1.87
2016.07.12 08:00:01.589,0.9807,0.98083,1.37,3.00
2016.07.12 08:00:02.113,0.98069,0.98082,2.62,1.37
2016.07.12 08:00:02.637,0.98069,0.98083,2.25,1.50
2016.07.12 08:00:03.186,0.98071,0.98083,1.00,1.37
2016.07.12 08:00:03.708,0.98071,0.98083,1.50,2.25
2016.07.12 08:00:07.028,0.98072,0.98084,1.50,3.00
2016.07.12 08:00:07.335,0.9807,0.98081,1.75,1.37
2016.07.12 08:00:07.660,0.98066,0.98077,2.25,1.00
2016.07.12 08:00:07.815,0.98065,0.98076,1.50,1.37
2016.07.12 08:00:08.869,0.98062,0.98072,2.25,1.50
2016.07.12 08:00:09.073,0.98059,0.9807,1.50,1.50
2016.07.12 08:00:09.349,0.98062,0.98073,1.35,3.75
2016.07.12 08:00:09.451,0.98064,0.98076,1.12,4.31
2016.07.12 08:00:11.392,0.98064,0.98072,1.12,2.44
2016.07.12 08:00:11.575,0.9806,0.98069,1.12,1.00
2016.07.12 08:00:12.034,0.9806,0.98069,1.35,1.12
2016.07.12 08:00:12.187,0.98061,0.98072,1.75,1.00
2016.07.12 08:00:12.238,0.98059,0.98069,5.62,1.00
2016.07.12 08:00:12.423,0.98058,0.98069,2.62,1.87
2016.07.12 08:00:12.728,0.98058,0.98069,1.50,1.12
2016.07.12 08:00:14.011,0.98058,0.98069,1.50,1.87
2016.07.12 08:00:14.524,0.98058,0.9807,1.00,1.50
2016.07.12 08:00:14.612,0.98059,0.9807,1.50,1.50
2016.07.12 08:00:15.123,0.9806,0.98072,1.50,1.87
2016.07.12 08:00:15.555,0.98058,0.98069,1.87,1.00
2016.07.12 08:00:15.708,0.98058,0.98068,1.12,1.37
2016.07.12 08:00:16.217,0.98056,0.98067,1.50,1.00
2016.07.12 08:00:16.573,0.98054,0.98065,1.50,1.00
2016.07.12 08:00:17.082,0.98054,0.98065,1.50,1.12
2016.07.12 08:00:18.828,0.98054,0.98062,1.50,1.37
2016.07.12 08:00:18.930,0.98053,0.98061,1.00,1.12
2016.07.12 08:00:19.032,0.98049,0.98061,2.25,1.87
2016.07.12 08:00:19.803,0.98053,0.98064,1.00,3.37
2016.07.12 08:00:19.855,0.98053,0.98063,1.00,1.00
2016.07.12 08:00:19.957,0.98054,0.98066,1.37,2.25
2016.07.12 08:00:20.576,0.98052,0.98063,1.50,1.00
2016.07.12 08:00:20.627,0.98052,0.98063,1.37,1.12
2016.07.12 08:00:21.335,0.98053,0.98064,1.50,1.12
2016.07.12 08:00:22.568,0.98055,0.98066,1.00,1.87
2016.07.12 08:00:22.671,0.98057,0.98067,1.00,2.25
2016.07.12 08:00:22.723,0.98057,0.98067,1.87,1.12
2016.07.12 08:00:23.443,0.98056,0.98066,1.12,1.12
2016.07.12 08:00:24.104,0.98054,0.98065,1.75,1.00
2016.07.12 08:00:25.020,0.98053,0.98064,2.25,1.87
2016.07.12 08:00:25.123,0.98053,0.98064,1.12,1.37
2016.07.12 08:00:25.225,0.98054,0.98065,1.50,1.87
2016.07.12 08:00:27.425,0.98054,0.98065,1.50,1.87
2016.07.12 08:00:27.731,0.98047,0.98059,1.75,3.00
2016.07.12 08:00:27.914,0.98046,0.98058,3.00,1.87
2016.07.12 08:00:28.221,0.98047,0.98059,1.50,1.37
2016.07.12 08:00:28.731,0.98046,0.98058,3.60,1.87
2016.07.12 08:00:30.256,0.98046,0.98058,2.25,2.25
2016.07.12 08:00:30.768,0.98045,0.98058,1.50,4.12
2016.07.12 08:00:37.500,0.98046,0.98057,1.37,1.50
2016.07.12 08:00:38.024,0.98046,0.98057,1.37,1.50
2016.07.12 08:00:42.376,0.98046,0.98056,1.37,1.00
2016.07.12 08:00:42.691,0.98039,0.9805,2.62,1.50
2016.07.12 08:00:42.946,0.98038,0.98048,2.10,1.12
2016.07.12 08:00:45.948,0.9804,0.98051,1.35,2.25
2016.07.12 08:00:46.051,0.98041,0.98051,1.50,1.12
2016.07.12 08:00:46.103,0.98041,0.98052,1.50,1.87
2016.07.12 08:00:46.611,0.98042,0.98053,1.12,1.00
2016.07.12 08:00:47.596,0.98042,0.98052,1.12,1.00
2016.07.12 08:00:47.750,0.98041,0.98052,1.12,2.25
2016.07.12 08:00:47.801,0.98041,0.98052,1.37,1.87
2016.07.12 08:00:48.602,0.98041,0.98051,1.75,1.00
2016.07.12 08:00:48.759,0.9804,0.9805,2.25,1.87
2016.07.12 08:00:48.963,0.9804,0.98049,1.00,2.25
2016.07.12 08:00:49.219,0.98038,0.98048,1.50,1.50
2016.07.12 08:00:50.300,0.98037,0.98048,3.00,1.50
2016.07.12 08:00:51.113,0.98037,0.98047,3.00,1.00
2016.07.12 08:00:51.622,0.98035,0.98046,3.60,1.00
2016.07.12 08:00:51.936,0.98035,0.98044,3.00,1.00
2016.07.12 08:00:52.446,0.98034,0.98045,2.10,1.12
2016.07.12 08:00:52.963,0.98034,0.98045,2.10,1.50
2016.07.12 08:00:53.529,0.98035,0.98046,3.00,1.00
2016.07.12 08:00:54.049,0.98035,0.98046,3.00,1.87
2016.07.12 08:00:54.417,0.98035,0.98043,1.50,1.00
2016.07.12 08:00:54.723,0.9803,0.98039,1.37,1.37
2016.07.12 08:00:55.232,0.98028,0.9804,3.00,3.00
2016.07.12 08:00:56.202,0.98027,0.98039,3.00,2.62
2016.07.12 08:00:56.711,0.98027,0.98039,3.75,2.62
2016.07.12 08:00:56.865,0.98027,0.98036,1.12,3.37
2016.07.12 08:00:56.957,0.98023,0.98031,1.12,1.50
2016.07.12 08:00:57.161,0.98019,0.9803,2.62,1.37
2016.07.12 08:00:57.212,0.98019,0.9803,2.62,1.37
2016.07.12 08:00:57.365,0.98019,0.9803,1.00,2.62
2016.07.12 08:00:58.523,0.98018,0.98029,1.50,2.25
2016.07.12 08:00:59.028,0.98017,0.98027,1.12,2.62
2016.07.12 08:00:59.537,0.98015,0.98026,1.50,1.50
2016.07.12 08:01:00.992,0.98015,0.98026,2.25,1.50
2016.07.12 08:01:01.506,0.98015,0.98026,3.00,1.87
2016.07.12 08:01:02.025,0.98015,0.98026,2.25,1.50
2016.07.12 08:01:02.333,0.98015,0.98026,3.00,1.87
2016.07.12 08:01:02.740,0.98014,0.98024,1.12,2.25
2016.07.12 08:01:03.282,0.98012,0.98023,1.50,1.50
2016.07.12 08:01:04.158,0.98012,0.98024,1.75,1.87
2016.07.12 08:01:07.152,0.98014,0.98023,1.12,1.37
2016.07.12 08:01:07.255,0.98013,0.98023,1.35,1.50
2016.07.12 08:01:07.358,0.98014,0.98023,1.50,1.00
2016.07.12 08:01:07.566,0.98014,0.98025,1.50,2.25
2016.07.12 08:01:09.978,0.98013,0.98025,2.10,1.50
2016.07.12 08:01:10.183,0.98011,0.98023,2.25,1.87
2016.07.12 08:01:10.439,0.98008,0.9802,3.75,2.62
2016.07.12 08:01:10.491,0.98008,0.98018,1.50,1.12
2016.07.12 08:01:10.694,0.98007,0.98017,1.87,1.00
2016.07.12 08:01:11.786,0.98007,0.98018,2.25,1.50
2016.07.12 08:01:12.041,0.98013,0.98019,2.10,1.00
2016.07.12 08:01:12.195,0.98013,0.98024,2.85,1.12
2016.07.12 08:01:12.297,0.98014,0.98024,1.75,1.00
2016.07.12 08:01:12.808,0.98014,0.98024,1.50,1.00
2016.07.12 08:01:13.318,0.98014,0.98025,2.25,1.12
2016.07.12 08:01:13.827,0.98014,0.98025,1.87,1.50
2016.07.12 08:01:15.774,0.98013,0.98023,1.87,1.37
2016.07.12 08:01:16.087,0.98009,0.98018,1.50,1.00
2016.07.12 08:01:16.495,0.98007,0.98018,1.00,1.00
2016.07.12 08:01:18.090,0.98007,0.98019,2.25,3.56
2016.07.12 08:01:19.282,0.98007,0.98018,2.25,2.62
2016.07.12 08:01:19.385,0.98006,0.98012,1.12,1.00
2016.07.12 08:01:19.591,0.98001,0.98011,1.37,1.37
2016.07.12 08:01:19.744,0.98,0.98009,1.12,1.50
2016.07.12 08:01:19.873,0.97997,0.98009,1.87,2.25
2016.07.12 08:01:20.383,0.97997,0.98009,1.72,2.25
2016.07.12 08:01:21.409,0.97996,0.98006,1.12,1.00
2016.07.12 08:01:21.716,0.97994,0.98005,1.12,2.25
2016.07.12 08:01:21.767,0.97994,0.98003,1.00,1.87
2016.07.12 08:01:21.927,0.97991,0.98003,1.72,3.00
2016.07.12 08:01:22.034,0.97989,0.98001,2.47,1.12
2016.07.12 08:01:22.340,0.9799,0.98001,1.60,1.37
2016.07.12 08:01:22.850,0.9799,0.98001,1.00,3.00
2016.07.12 08:01:23.309,0.9799,0.98001,1.72,1.87
2016.07.12 08:01:23.512,0.97989,0.98,1.12,1.37
2016.07.12 08:01:23.818,0.97991,0.98002,2.85,1.75
2016.07.12 08:01:23.920,0.97993,0.98003,1.35,1.75
2016.07.12 08:01:24.032,0.97995,0.98004,2.10,1.87
2016.07.12 08:01:24.186,0.97996,0.98005,1.00,1.00
2016.07.12 08:01:24.389,0.97995,0.98004,1.60,1.87
2016.07.12 08:01:24.698,0.97996,0.98007,1.00,2.25
2016.07.12 08:01:25.271,0.97995,0.98004,1.12,1.50
2016.07.12 08:01:25.424,0.97992,0.98002,1.75,1.00
2016.07.12 08:01:25.577,0.9799,0.98002,2.10,2.25
2016.07.12 08:01:25.628,0.9799,0.98002,1.12,2.25
2016.07.12 08:01:26.202,0.9799,0.98,1.35,1.37
2016.07.12 08:01:28.615,0.97992,0.98001,2.10,1.12
2016.07.12 08:01:28.716,0.97994,0.98002,1.00,2.25
2016.07.12 08:01:28.767,0.97996,0.98002,2.10,2.25
2016.07.12 08:01:28.920,0.97996,0.98004,2.10,1.50
2016.07.12 08:01:29.081,0.97993,0.98004,4.35,1.12
2016.07.12 08:01:29.505,0.97994,0.98003,1.00,1.37
2016.07.12 08:01:29.661,0.97991,0.98001,1.50,1.00
2016.07.12 08:01:29.712,0.9799,0.98002,1.50,3.75
2016.07.12 08:01:29.814,0.9799,0.98002,1.35,3.94
2016.07.12 08:01:30.328,0.97991,0.98002,1.35,3.56
2016.07.12 08:01:30.533,0.97991,0.98002,1.72,2.25
2016.07.12 08:01:31.053,0.97991,0.98002,1.72,2.25
2016.07.12 08:01:31.843,0.97991,0.98002,1.72,2.25
2016.07.12 08:01:32.350,0.97991,0.98002,1.72,2.25
2016.07.12 08:01:32.858,0.97991,0.98002,3.22,2.25
2016.07.12 08:01:33.831,0.97994,0.98002,1.37,1.50
2016.07.12 08:01:34.139,0.97996,0.98006,2.85,2.25
2016.07.12 08:01:34.660,0.97996,0.98006,1.60,2.25
2016.07.12 08:01:36.218,0.97996,0.98006,1.72,2.25
2016.07.12 08:01:36.550,0.97996,0.98006,3.22,2.25
2016.07.12 08:01:36.967,0.97998,0.98007,1.35,1.12
2016.07.12 08:01:37.171,0.97999,0.9801,1.12,1.37
2016.07.12 08:01:37.479,0.98002,0.98014,1.00,1.83
2016.07.12 08:01:37.633,0.98003,0.98015,1.00,3.25
2016.07.12 08:01:37.852,0.98006,0.98016,1.00,4.94
2016.07.12 08:01:37.954,0.98006,0.98018,1.72,6.06
2016.07.12 08:01:38.158,0.98006,0.98018,2.10,1.69
2016.07.12 08:01:40.247,0.98007,0.98018,1.12,1.62
2016.07.12 08:01:40.559,0.98005,0.98014,3.00,1.00
2016.07.12 08:01:40.712,0.98006,0.98016,1.30,1.12
2016.07.12 08:01:40.866,0.98009,0.9802,2.47,1.37
2016.07.12 08:01:40.969,0.98011,0.98022,2.29,1.00
2016.07.12 08:01:41.041,0.98015,0.98022,1.00,1.00
2016.07.12 08:01:41.196,0.98017,0.98028,1.00,3.73
2016.07.12 08:01:41.706,0.98015,0.98029,2.47,2.62
2016.07.12 08:01:42.562,0.98018,0.98029,1.37,2.25
2016.07.12 08:01:42.902,0.98019,0.98031,1.12,6.73
2016.07.12 08:01:42.953,0.98019,0.98031,1.87,5.42
2016.07.12 08:01:43.005,0.9802,0.98031,1.37,4.48
2016.07.12 08:01:43.108,0.98021,0.98031,1.37,2.98
2016.07.12 08:01:43.622,0.9802,0.98031,1.75,4.48
2016.07.12 08:01:43.827,0.98023,0.98031,3.22,3.73
2016.07.12 08:01:43.931,0.98024,0.98033,2.62,3.73
2016.07.12 08:01:44.035,0.98026,0.98037,2.10,1.37
2016.07.12 08:01:44.087,0.98026,0.98038,2.47,4.48
2016.07.12 08:01:44.450,0.98025,0.98032,1.12,1.00
2016.07.12 08:01:44.502,0.98023,0.98032,1.00,5.61
2016.07.12 08:01:44.605,0.98019,0.9803,3.37,1.00
2016.07.12 08:01:44.657,0.9802,0.9803,1.00,1.00
2016.07.12 08:01:44.812,0.9802,0.98032,1.00,5.23
2016.07.12 08:01:45.119,0.9802,0.98032,1.12,6.36
2016.07.12 08:01:45.669,0.9802,0.98031,1.12,1.87
2016.07.12 08:01:45.925,0.9802,0.98031,1.50,1.00
2016.07.12 08:01:46.028,0.98021,0.98032,1.37,5.23
2016.07.12 08:01:46.362,0.98024,0.98032,1.12,3.73
2016.07.12 08:01:46.617,0.98025,0.98036,1.87,4.11
2016.07.12 08:01:46.668,0.98025,0.98036,2.62,3.73
2016.07.12 08:01:47.177,0.98025,0.98037,2.62,4.48
2016.07.12 08:01:47.995,0.98025,0.98035,2.62,2.98
2016.07.12 08:01:48.612,0.98025,0.98036,2.62,3.73
2016.07.12 08:01:48.957,0.98025,0.98033,1.12,1.94
2016.07.12 08:01:49.009,0.98025,0.9803,1.37,1.00
2016.07.12 08:01:49.111,0.98021,0.98031,1.87,1.31
2016.07.12 08:01:49.162,0.98023,0.98032,2.10,1.00
2016.07.12 08:01:49.213,0.98023,0.98034,2.10,4.11
2016.07.12 08:01:49.366,0.98026,0.98036,1.30,5.23
2016.07.12 08:01:49.417,0.98026,0.98038,1.72,6.73
2016.07.12 08:01:49.924,0.98026,0.98037,1.72,3.73
2016.07.12 08:01:50.182,0.98028,0.98038,1.87,1.00
2016.07.12 08:01:50.748,0.98028,0.9804,1.37,2.25
2016.07.12 08:01:51.161,0.98028,0.98037,1.37,1.00
2016.07.12 08:01:51.524,0.98027,0.98037,1.50,1.12
2016.07.12 08:01:54.407,0.98028,0.98039,1.00,2.25
2016.07.12 08:01:54.711,0.98028,0.9804,1.87,3.00
2016.07.12 08:01:55.170,0.98033,0.98042,1.00,4.48
2016.07.12 08:01:55.222,0.98033,0.98041,1.00,3.73
2016.07.12 08:01:55.427,0.98032,0.98044,2.62,4.48
2016.07.12 08:01:55.972,0.98034,0.98046,1.50,5.61
2016.07.12 08:01:56.330,0.98036,0.98048,1.00,2.66
2016.07.12 08:01:56.432,0.98034,0.98045,1.75,3.73
2016.07.12 08:01:56.850,0.98035,0.98047,1.75,4.11
2016.07.12 08:01:57.360,0.98038,0.98047,1.12,1.00
2016.07.12 08:01:57.412,0.98041,0.98047,1.00,1.00
2016.07.12 08:01:57.567,0.98042,0.98054,1.12,7.11
2016.07.12 08:01:57.677,0.98041,0.98051,1.12,1.87
2016.07.12 08:01:57.932,0.98039,0.98047,1.00,3.73
2016.07.12 08:01:58.136,0.98037,0.98045,1.37,1.00
2016.07.12 08:01:58.238,0.98037,0.98047,1.37,1.50
2016.07.12 08:01:58.340,0.98037,0.98045,1.37,1.50
2016.07.12 08:01:58.544,0.98037,0.98047,1.37,1.50
2016.07.12 08:01:59.051,0.98036,0.98048,1.75,2.62
2016.07.12 08:01:59.562,0.98036,0.98048,1.50,1.50
2016.07.12 08:02:00.122,0.98037,0.98048,1.12,1.87
2016.07.12 08:02:00.739,0.98037,0.98045,1.12,1.50
2016.07.12 08:02:00.841,0.98036,0.98048,3.00,1.87
2016.07.12 08:02:01.336,0.98037,0.98045,1.37,1.50
2016.07.12 08:02:01.438,0.98037,0.98047,1.37,1.50
2016.07.12 08:02:01.867,0.98037,0.98045,1.12,1.50
2016.07.12 08:02:02.022,0.98037,0.98049,1.12,4.87
2016.07.12 08:02:02.177,0.98037,0.98045,1.37,1.00
2016.07.12 08:02:02.228,0.98036,0.98047,3.00,1.50
2016.07.12 08:02:02.475,0.98037,0.98045,1.12,1.50
2016.07.12 08:02:02.578,0.98037,0.98049,1.12,1.12
2016.07.12 08:02:02.630,0.98037,0.98045,1.12,1.00
2016.07.12 08:02:02.732,0.98036,0.98048,1.87,1.87
2016.07.12 08:02:02.836,0.98037,0.98048,1.12,1.87
2016.07.12 08:02:02.938,0.98037,0.98048,1.12,1.87
2016.07.12 08:02:03.649,0.98037,0.98049,1.12,1.12
2016.07.12 08:02:04.669,0.98037,0.98049,1.12,1.87
2016.07.12 08:02:04.976,0.98035,0.98044,1.87,1.00
2016.07.12 08:02:05.027,0.98034,0.98044,2.62,1.00
2016.07.12 08:02:05.180,0.98036,0.98046,1.37,1.50
2016.07.12 08:02:05.334,0.98037,0.98045,1.12,1.00
2016.07.12 08:02:05.385,0.98037,0.98048,1.12,2.62
2016.07.12 08:02:05.899,0.98036,0.98047,2.62,1.50
2016.07.12 08:02:05.950,0.98037,0.98047,1.12,1.50
2016.07.12 08:02:06.328,0.98038,0.98047,1.00,1.50
2016.07.12 08:02:06.669,0.98038,0.98045,1.00,1.50
2016.07.12 08:02:07.179,0.98038,0.98047,1.00,1.50
2016.07.12 08:02:07.729,0.98038,0.98047,1.37,1.50
2016.07.12 08:02:08.753,0.98039,0.98048,1.00,1.50
2016.07.12 08:02:08.856,0.98041,0.98051,1.50,1.12
2016.07.12 08:02:09.063,0.98044,0.98055,1.72,1.87
2016.07.12 08:02:09.217,0.98047,0.98059,1.75,3.59
2016.07.12 08:02:09.728,0.9805,0.98059,1.00,1.29
2016.07.12 08:02:10.269,0.9805,0.9806,1.00,1.29
2016.07.12 08:02:11.375,0.98047,0.9806,1.87,1.71
2016.07.12 08:02:11.899,0.98047,0.98059,1.87,1.50
2016.07.12 08:02:12.154,0.98047,0.98059,1.00,1.50
2016.07.12 08:02:12.205,0.98047,0.98059,1.50,1.87
2016.07.12 08:02:12.562,0.98045,0.98056,1.00,1.37
2016.07.12 08:02:12.906,0.98044,0.98055,1.00,2.62
2016.07.12 08:02:13.060,0.98044,0.98056,1.12,1.87
2016.07.12 08:02:13.568,0.98044,0.98054,1.00,1.37
2016.07.12 08:02:13.773,0.98042,0.98052,1.87,1.00
2016.07.12 08:02:13.875,0.98041,0.98051,3.00,1.37
2016.07.12 08:02:14.134,0.98039,0.9805,2.62,1.37
2016.07.12 08:02:14.398,0.98041,0.98052,1.00,2.44
2016.07.12 08:02:14.705,0.98043,0.98053,1.00,3.19
2016.07.12 08:02:14.757,0.98043,0.98052,1.00,1.25
2016.07.12 08:02:14.877,0.98043,0.98053,2.85,1.00
2016.07.12 08:02:15.081,0.98044,0.98056,2.10,2.25
2016.07.12 08:02:15.291,0.98043,0.98055,1.50,3.56
2016.07.12 08:02:17.031,0.98042,0.98053,1.50,1.50
2016.07.12 08:02:17.083,0.98042,0.98053,1.50,1.50
2016.07.12 08:02:17.600,0.98042,0.98054,1.75,1.00
2016.07.12 08:02:18.576,0.98043,0.98056,1.75,3.37
2016.07.12 08:02:19.342,0.98044,0.98056,3.60,1.87
2016.07.12 08:02:19.481,0.98046,0.98058,2.10,1.37
2016.07.12 08:02:19.990,0.98046,0.98058,2.10,1.87
2016.07.12 08:02:20.042,0.98045,0.98058,2.10,3.94
2016.07.12 08:02:20.094,0.98045,0.98056,1.72,1.00
2016.07.12 08:02:23.301,0.98045,0.98058,3.37,2.62
2016.07.12 08:02:26.700,0.98046,0.98058,1.12,1.50
2016.07.12 08:02:27.758,0.98046,0.98058,1.72,1.12
2016.07.12 08:02:27.860,0.98049,0.9806,1.00,2.25
2016.07.12 08:02:27.919,0.98049,0.9806,1.00,2.25
2016.07.12 08:02:28.427,0.98049,0.98061,1.12,1.00
2016.07.12 08:02:28.681,0.98048,0.9806,1.50,1.37
2016.07.12 08:02:29.262,0.98047,0.98059,1.12,1.87
2016.07.12 08:02:29.364,0.98048,0.98061,2.47,4.12
2016.07.12 08:02:30.774,0.98049,0.98061,1.12,2.25
2016.07.12 08:02:31.190,0.98047,0.9806,1.50,3.56
2016.07.12 08:02:31.498,0.98047,0.9806,1.50,1.31
2016.07.12 08:02:32.677,0.98047,0.98061,1.87,3.56
2016.07.12 08:02:33.191,0.98047,0.98058,1.50,1.00
2016.07.12 08:02:33.731,0.98047,0.98059,1.50,1.12
2016.07.12 08:02:34.252,0.98047,0.98059,1.50,1.50
2016.07.12 08:02:36.879,0.98047,0.98059,1.50,1.00
2016.07.12 08:02:38.856,0.98047,0.98059,1.50,1.50
2016.07.12 08:02:39.379,0.98046,0.98058,1.75,2.81
2016.07.12 08:02:39.533,0.98045,0.98057,1.12,1.50
2016.07.12 08:02:41.254,0.98042,0.98053,2.25,1.50
2016.07.12 08:02:41.305,0.9804,0.98052,3.00,3.37
2016.07.12 08:02:41.408,0.98038,0.98051,1.75,1.12
2016.07.12 08:02:41.532,0.98037,0.98049,1.75,1.00
2016.07.12 08:02:41.634,0.98036,0.98049,1.50,1.87
2016.07.12 08:02:43.782,0.98037,0.98049,1.72,1.12
2016.07.12 08:02:43.834,0.98038,0.98049,2.05,1.00
2016.07.12 08:02:43.885,0.98039,0.98051,1.50,1.50
2016.07.12 08:02:43.937,0.98041,0.98051,2.10,1.00
2016.07.12 08:02:44.039,0.98043,0.98053,1.00,1.12
2016.07.12 08:02:44.141,0.98043,0.98055,1.12,1.87
2016.07.12 08:02:44.662,0.98042,0.98054,3.00,1.00
2016.07.12 08:02:45.900,0.98042,0.98055,3.00,1.50
2016.07.12 08:02:46.516,0.98042,0.98056,3.00,3.00
2016.07.12 08:02:47.918,0.98042,0.98054,3.00,1.12
2016.07.12 08:02:48.822,0.98042,0.9805,3.00,1.00
2016.07.12 08:02:49.028,0.98037,0.9805,1.75,1.12
2016.07.12 08:02:49.437,0.98037,0.9805,1.75,1.00
2016.07.12 08:02:49.698,0.98037,0.98051,1.75,3.00
2016.07.12 08:02:50.226,0.98037,0.98051,2.10,1.69
2016.07.12 08:02:50.531,0.98037,0.9805,1.75,1.12
2016.07.12 08:02:51.245,0.98037,0.98051,2.47,1.69
2016.07.12 08:02:51.450,0.98039,0.98052,2.05,1.50
2016.07.12 08:02:51.981,0.98041,0.98054,1.12,5.81
2016.07.12 08:02:52.287,0.98042,0.98054,1.72,1.00
2016.07.12 08:02:52.744,0.98042,0.98055,2.10,1.00
2016.07.12 08:02:53.916,0.98043,0.98056,1.35,1.12
2016.07.12 08:02:55.465,0.98045,0.98057,1.12,4.12
2016.07.12 08:02:56.292,0.98043,0.98054,1.12,1.00
2016.07.12 08:02:56.499,0.98038,0.9805,1.12,1.75
2016.07.12 08:02:56.654,0.98038,0.98051,2.10,1.50
2016.07.12 08:02:57.314,0.9804,0.98051,1.00,1.00
2016.07.12 08:02:58.197,0.98039,0.98052,1.12,3.37
2016.07.12 08:03:00.953,0.98039,0.9805,1.00,1.75
2016.07.12 08:03:01.004,0.98037,0.9805,1.00,1.87
2016.07.12 08:03:01.159,0.98036,0.98048,1.00,2.25
2016.07.12 08:03:01.423,0.98034,0.98046,1.00,1.37
2016.07.12 08:03:03.858,0.98034,0.98046,2.10,1.00
2016.07.12 08:03:04.366,0.98035,0.98046,1.00,1.50
2016.07.12 08:03:04.728,0.98032,0.98044,1.37,1.50
2016.07.12 08:03:05.033,0.9803,0.98039,3.37,1.12
2016.07.12 08:03:05.085,0.98026,0.98039,4.56,1.12
2016.07.12 08:03:05.701,0.98029,0.9804,1.00,1.12
2016.07.12 08:03:06.210,0.9803,0.98042,1.00,1.37
2016.07.12 08:03:09.976,0.9803,0.98042,2.47,1.00
2016.07.12 08:03:10.027,0.98034,0.98043,1.00,1.50
2016.07.12 08:03:10.079,0.98034,0.98046,1.00,1.87
2016.07.12 08:03:10.181,0.98034,0.98047,2.47,3.56
2016.07.12 08:03:10.684,0.98035,0.98047,1.50,2.81
2016.07.12 08:03:12.020,0.98034,0.98047,1.37,3.94
2016.07.12 08:03:13.735,0.98033,0.98045,1.12,1.12
2016.07.12 08:03:14.053,0.98029,0.98041,2.25,1.00
2016.07.12 08:03:14.360,0.98028,0.9804,1.37,1.50
2016.07.12 08:03:14.868,0.98028,0.9804,1.87,3.37
2016.07.12 08:03:17.904,0.98028,0.9804,2.47,1.00
2016.07.12 08:03:18.111,0.98029,0.98042,1.50,3.00
2016.07.12 08:03:18.630,0.98031,0.98042,1.12,1.00
2016.07.12 08:03:18.736,0.9803,0.98044,3.22,1.50
2016.07.12 08:03:19.255,0.9803,0.98044,2.47,3.00
2016.07.12 08:03:19.562,0.98035,0.98045,1.00,1.50
2016.07.12 08:03:19.618,0.98036,0.98048,1.72,1.31
2016.07.12 08:03:20.130,0.98037,0.9805,1.67,3.94
2016.07.12 08:03:20.484,0.98037,0.9805,2.47,1.69
2016.07.12 08:03:20.588,0.98039,0.98052,2.47,2.25
2016.07.12 08:03:20.741,0.98041,0.98054,1.87,1.87
2016.07.12 08:03:21.250,0.98041,0.98054,2.25,1.00
2016.07.12 08:03:21.541,0.98046,0.98057,1.00,1.12
2016.07.12 08:03:22.058,0.98046,0.98058,1.50,4.12
2016.07.12 08:03:24.519,0.98046,0.98058,1.12,2.81
2016.07.12 08:03:25.037,0.98045,0.98059,3.00,1.12
2016.07.12 08:03:25.546,0.98048,0.9806,1.00,1.00
2016.07.12 08:03:26.114,0.98048,0.98059,1.00,1.50
2016.07.12 08:03:26.684,0.98048,0.9806,1.00,1.50
2016.07.12 08:03:26.989,0.98048,0.98059,1.00,1.87
2016.07.12 08:03:28.015,0.98048,0.98059,1.00,1.00
2016.07.12 08:03:28.526,0.98048,0.9806,1.00,1.50
2016.07.12 08:03:28.835,0.98048,0.98061,1.87,1.00
2016.07.12 08:03:29.352,0.98048,0.98061,1.50,3.00
2016.07.12 08:03:29.888,0.98048,0.9806,1.50,1.00
2016.07.12 08:03:30.429,0.98048,0.9806,1.75,1.00
2016.07.12 08:03:31.065,0.98048,0.98062,1.75,3.00
2016.07.12 08:03:31.569,0.98048,0.98061,1.75,1.00
2016.07.12 08:03:32.148,0.98048,0.9806,1.75,1.12
2016.07.12 08:03:32.251,0.98047,0.98059,2.62,1.00
2016.07.12 08:03:32.851,0.98047,0.98059,1.12,1.50
2016.07.12 08:03:33.359,0.98047,0.98059,1.37,2.25
2016.07.12 08:03:33.570,0.98047,0.9806,1.37,2.25
2016.07.12 08:03:33.774,0.98047,0.98061,3.00,2.25
2016.07.12 08:03:34.284,0.98048,0.98061,1.12,1.00
2016.07.12 08:03:34.387,0.98048,0.98062,1.37,3.75
2016.07.12 08:03:34.496,0.98049,0.98061,1.12,1.12
2016.07.12 08:03:34.547,0.98049,0.98061,1.00,1.12
2016.07.12 08:03:35.360,0.98051,0.98061,1.37,1.00
2016.07.12 08:03:35.674,0.98053,0.98063,1.75,1.00
2016.07.12 08:03:36.182,0.98052,0.98064,1.50,1.00
2016.07.12 08:03:40.189,0.98052,0.98064,1.50,1.12
2016.07.12 08:03:40.724,0.98051,0.98063,1.75,1.00
2016.07.12 08:03:41.234,0.98051,0.98064,1.75,1.12
2016.07.12 08:03:41.776,0.98052,0.98066,1.50,3.37
2016.07.12 08:03:42.084,0.9805,0.98062,2.25,1.87
2016.07.12 08:03:42.597,0.9805,0.98062,1.12,1.12
2016.07.12 08:03:45.542,0.9805,0.98061,1.12,1.37
2016.07.12 08:03:45.851,0.98048,0.98058,1.12,1.00
2016.07.12 08:03:45.904,0.98046,0.98058,1.87,1.00
2016.07.12 08:03:46.159,0.98048,0.9806,1.00,4.50
2016.07.12 08:03:47.903,0.98047,0.9806,1.87,1.00
2016.07.12 08:03:48.446,0.98047,0.98061,1.87,2.25
2016.07.12 08:03:49.414,0.98047,0.9806,1.87,1.00
2016.07.12 08:03:49.465,0.98047,0.9806,1.87,1.87
2016.07.12 08:03:51.557,0.98047,0.98055,1.50,1.00
2016.07.12 08:03:51.659,0.98047,0.98056,1.12,1.50
2016.07.12 08:03:51.812,0.98044,0.98056,1.50,2.62
2016.07.12 08:03:52.322,0.98043,0.98054,1.37,1.00
2016.07.12 08:03:52.630,0.98041,0.98051,1.37,1.75
2016.07.12 08:03:52.786,0.98038,0.98046,1.12,1.00
2016.07.12 08:03:52.990,0.98037,0.98045,1.00,1.75
2016.07.12 08:03:53.500,0.98036,0.98045,1.12,1.75
2016.07.12 08:03:55.567,0.98037,0.98045,1.00,1.75
2016.07.12 08:03:56.077,0.98037,0.98046,1.00,1.75
2016.07.12 08:03:57.402,0.98036,0.98046,1.37,1.12
2016.07.12 08:03:57.910,0.98037,0.98048,1.12,1.75
2016.07.12 08:03:58.221,0.98035,0.98045,1.37,1.75
2016.07.12 08:03:58.326,0.98033,0.98044,1.00,1.12
2016.07.12 08:03:58.938,0.98034,0.98044,1.00,1.87
2016.07.12 08:03:59.472,0.98033,0.98044,1.00,1.12
2016.07.12 08:04:00.528,0.9803,0.98041,1.87,1.87
2016.07.12 08:04:00.580,0.9803,0.9804,1.37,1.87
2016.07.12 08:04:00.632,0.9803,0.9804,1.00,3.37
2016.07.12 08:04:00.735,0.98028,0.98038,1.00,1.75
2016.07.12 08:04:01.246,0.9803,0.98039,1.00,1.12
2016.07.12 08:04:01.592,0.98034,0.98046,1.37,1.87
2016.07.12 08:04:01.746,0.98032,0.98046,2.10,1.87
2016.07.12 08:04:02.051,0.98035,0.98046,1.00,1.87
2016.07.12 08:04:02.666,0.98035,0.98046,1.37,1.87
2016.07.12 08:04:03.190,0.98035,0.98047,1.37,1.87
2016.07.12 08:04:03.541,0.98034,0.98044,1.00,1.75
2016.07.12 08:04:07.327,0.98034,0.98044,1.50,1.50
2016.07.12 08:04:08.263,0.98034,0.98045,1.12,1.75
2016.07.12 08:04:08.774,0.98034,0.98044,1.00,1.87
2016.07.12 08:04:10.875,0.98035,0.98046,1.00,1.87
2016.07.12 08:04:11.182,0.98037,0.98048,1.00,2.81
2016.07.12 08:04:12.336,0.98037,0.98047,1.37,1.75
2016.07.12 08:04:12.985,0.98038,0.98048,1.12,1.12
2016.07.12 08:04:15.039,0.98038,0.98046,1.00,1.12
2016.07.12 08:04:15.091,0.98034,0.98044,2.25,1.50
2016.07.12 08:04:15.142,0.98034,0.98044,1.00,2.62
2016.07.12 08:04:15.255,0.98032,0.98043,1.50,1.87
2016.07.12 08:04:15.408,0.9803,0.98041,1.00,3.75
2016.07.12 08:04:15.459,0.9803,0.98041,1.00,4.12
2016.07.12 08:04:15.664,0.98027,0.98039,2.25,3.37
2016.07.12 08:04:15.868,0.98024,0.98036,2.25,2.25
2016.07.12 08:04:16.396,0.98024,0.98035,1.50,1.75
2016.07.12 08:04:16.702,0.98026,0.98037,1.00,2.25
2016.07.12 08:04:17.246,0.98025,0.98037,1.00,2.25
2016.07.12 08:04:18.342,0.98026,0.98037,1.00,2.25
2016.07.12 08:04:18.852,0.98025,0.98037,1.00,2.25
2016.07.12 08:04:23.461,0.98025,0.98037,1.37,1.75
2016.07.12 08:04:24.172,0.98026,0.98037,1.37,2.25
2016.07.12 08:04:24.480,0.98031,0.98041,1.00,2.62
2016.07.12 08:04:24.583,0.98032,0.98042,1.35,1.75
2016.07.12 08:04:24.838,0.9803,0.98042,1.00,2.25
2016.07.12 08:04:27.592,0.9803,0.98041,1.00,1.00
2016.07.12 08:04:27.644,0.98034,0.98041,1.00,1.00
2016.07.12 08:04:28.154,0.98033,0.98045,1.87,2.25
2016.07.12 08:04:28.690,0.98033,0.98045,1.72,1.75
2016.07.12 08:04:29.176,0.98034,0.98045,1.37,1.75
2016.07.12 08:04:29.551,0.98035,0.98045,1.37,1.75
2016.07.12 08:04:31.188,0.98036,0.98046,2.47,1.75
2016.07.12 08:04:31.290,0.98039,0.98049,1.12,1.50
2016.07.12 08:04:31.342,0.98039,0.98049,1.12,1.50
2016.07.12 08:04:32.350,0.98039,0.98048,1.12,1.00
2016.07.12 08:04:32.662,0.98035,0.98046,2.25,1.00
2016.07.12 08:04:32.967,0.98035,0.98046,1.87,1.75
2016.07.12 08:04:33.308,0.98037,0.98048,1.37,2.44
2016.07.12 08:04:33.614,0.98042,0.98048,1.00,1.00
2016.07.12 08:04:33.920,0.98043,0.98055,1.00,2.44
2016.07.12 08:04:35.845,0.98045,0.98053,1.00,1.00
2016.07.12 08:04:36.151,0.98045,0.98055,1.12,1.00
2016.07.12 08:04:36.689,0.98046,0.98059,1.97,1.75
2016.07.12 08:04:36.996,0.98053,0.98064,1.00,2.44
2016.07.12 08:04:38.449,0.98052,0.98064,1.00,2.44
2016.07.12 08:04:39.358,0.98053,0.98065,1.00,1.94
2016.07.12 08:04:39.666,0.98056,0.98067,1.37,1.94
2016.07.12 08:04:39.821,0.98057,0.98069,1.37,2.25
2016.07.12 08:04:40.350,0.98057,0.98069,1.37,1.75
2016.07.12 08:04:42.003,0.98057,0.98069,1.87,1.75
2016.07.12 08:04:43.051,0.98057,0.98067,1.37,1.37
2016.07.12 08:04:43.376,0.98055,0.98068,1.50,2.25
2016.07.12 08:04:47.332,0.98055,0.98069,1.00,3.75
2016.07.12 08:04:48.432,0.98055,0.98068,1.00,3.37
2016.07.12 08:04:48.941,0.98055,0.98066,1.00,1.75
2016.07.12 08:04:53.966,0.9806,0.98067,1.00,1.87
2016.07.12 08:04:54.136,0.9806,0.9807,1.00,1.12
2016.07.12 08:04:54.188,0.98062,0.9807,1.00,1.12
2016.07.12 08:04:54.290,0.98062,0.9807,1.00,1.00
2016.07.12 08:04:54.849,0.98061,0.9807,1.00,1.00
2016.07.12 08:04:54.951,0.98061,0.9807,1.00,1.12
2016.07.12 08:04:55.053,0.98058,0.98071,1.50,3.00
2016.07.12 08:04:56.875,0.9806,0.98071,1.00,3.00
2016.07.12 08:04:57.677,0.98061,0.98072,1.00,2.25
2016.07.12 08:04:57.881,0.98063,0.98072,1.00,1.00
2016.07.12 08:04:58.409,0.98064,0.98073,1.00,1.00
2016.07.12 08:04:59.284,0.98063,0.98073,1.00,1.12
2016.07.12 08:04:59.489,0.98061,0.98073,1.00,4.12
2016.07.12 08:04:59.591,0.9806,0.98072,1.00,1.50
2016.07.12 08:05:00.400,0.98061,0.98072,1.00,2.25
2016.07.12 08:05:00.911,0.98062,0.98072,1.00,2.25
2016.07.12 08:05:01.018,0.98059,0.98072,1.00,2.25
2016.07.12 08:05:01.069,0.98061,0.98072,1.00,2.25
2016.07.12 08:05:01.584,0.9806,0.98071,1.00,1.37
2016.07.12 08:05:03.106,0.98059,0.98071,1.12,1.37
2016.07.12 08:05:10.627,0.98059,0.98071,1.00,2.25
2016.07.12 08:05:10.680,0.98056,0.98068,3.00,1.12
2016.07.12 08:05:14.014,0.98056,0.98067,1.00,1.50
2016.07.12 08:05:19.103,0.98056,0.98068,1.00,3.00
2016.07.12 08:05:20.050,0.98056,0.98067,1.00,1.12
2016.07.12 08:05:20.407,0.98056,0.98068,1.12,2.25
2016.07.12 08:05:20.714,0.98058,0.98068,1.00,1.50
2016.07.12 08:05:21.233,0.98056,0.98068,1.12,1.50
2016.07.12 08:05:21.437,0.98058,0.98069,1.00,3.00
2016.07.12 08:05:21.852,0.9806,0.98069,1.00,1.87
2016.07.12 08:05:21.955,0.98061,0.98072,1.00,1.50
2016.07.12 08:05:22.465,0.98062,0.98072,1.00,1.12
2016.07.12 08:05:22.973,0.98062,0.98073,1.00,1.87
2016.07.12 08:05:24.410,0.9806,0.98072,1.12,1.12
2016.07.12 08:05:24.461,0.9806,0.9807,1.12,1.00
2016.07.12 08:05:24.720,0.98056,0.98068,1.12,1.50
2016.07.12 08:05:25.229,0.98057,0.9807,1.00,1.75
2016.07.12 08:05:25.793,0.98058,0.98071,1.00,3.00
2016.07.12 08:05:26.404,0.98061,0.98071,1.00,2.25
2016.07.12 08:05:26.659,0.98062,0.98073,1.00,1.12
2016.07.12 08:05:26.916,0.98064,0.98074,1.00,1.50
2016.07.12 08:05:27.324,0.98062,0.98074,1.12,1.87
2016.07.12 08:05:27.684,0.98061,0.98072,1.50,1.35
2016.07.12 08:05:27.944,0.98056,0.98067,1.87,1.00
2016.07.12 08:05:29.633,0.98057,0.98069,1.12,2.25
2016.07.12 08:05:29.837,0.98057,0.98069,1.50,1.12
2016.07.12 08:05:30.373,0.98058,0.9807,1.00,1.50
2016.07.12 08:05:31.242,0.9806,0.98071,1.12,2.25
2016.07.12 08:05:31.548,0.98061,0.98071,1.00,1.50
2016.07.12 08:05:32.060,0.98061,0.98072,1.12,1.00
2016.07.12 08:05:32.570,0.98062,0.98073,1.00,2.62
2016.07.12 08:05:33.582,0.98062,0.98069,1.00,1.00
2016.07.12 08:05:33.635,0.98059,0.98068,1.50,1.00
2016.07.12 08:05:33.737,0.98055,0.98066,2.62,1.00
2016.07.12 08:05:33.941,0.98056,0.98068,1.00,1.00
2016.07.12 08:05:35.646,0.98057,0.98068,1.00,1.00
2016.07.12 08:05:36.155,0.98057,0.98068,1.50,1.50
2016.07.12 08:05:36.679,0.98058,0.98068,1.00,1.87
2016.07.12 08:05:37.651,0.98058,0.98068,1.00,1.50
2016.07.12 08:05:37.856,0.98057,0.98066,1.00,1.00
2016.07.12 08:05:38.377,0.98056,0.98066,1.00,1.37
2016.07.12 08:05:38.633,0.98053,0.98065,2.62,1.50
2016.07.12 08:05:38.684,0.98052,0.98063,1.75,1.50
2016.07.12 08:05:38.787,0.9805,0.98062,1.50,1.50
2016.07.12 08:05:38.991,0.98049,0.9806,1.50,1.00
2016.07.12 08:05:39.042,0.98047,0.9806,1.87,2.62
2016.07.12 08:05:39.094,0.98046,0.98054,1.75,1.00
2016.07.12 08:05:39.247,0.98035,0.98045,2.62,1.00
2016.07.12 08:05:39.757,0.98032,0.98047,3.37,1.75
2016.07.12 08:05:40.113,0.98032,0.98047,3.00,1.75
2016.07.12 08:05:40.519,0.98035,0.98047,1.00,1.75
2016.07.12 08:05:40.834,0.98043,0.98054,1.00,1.75
2016.07.12 08:05:40.886,0.98043,0.98056,1.12,1.12
2016.07.12 08:05:41.243,0.98043,0.98057,1.72,3.37
2016.07.12 08:05:41.345,0.98043,0.98056,1.67,1.87
2016.07.12 08:05:41.498,0.98042,0.98056,1.00,2.25
2016.07.12 08:05:42.047,0.98043,0.98054,1.00,1.12
2016.07.12 08:05:42.353,0.98044,0.98055,1.50,1.00
2016.07.12 08:05:42.896,0.98044,0.98056,1.87,1.00
2016.07.12 08:05:43.050,0.98043,0.98055,1.12,1.12
2016.07.12 08:05:43.257,0.98041,0.98053,1.12,1.12
2016.07.12 08:05:43.562,0.98039,0.98053,1.12,3.37
2016.07.12 08:05:43.977,0.98042,0.98054,1.00,2.62
2016.07.12 08:05:44.486,0.98043,0.98054,1.00,1.37
2016.07.12 08:05:45.068,0.98042,0.98053,1.35,1.12
2016.07.12 08:05:46.813,0.98042,0.98054,1.37,1.37
2016.07.12 08:05:47.326,0.98042,0.98052,1.00,1.00
2016.07.12 08:05:47.739,0.98039,0.98049,1.37,1.00
2016.07.12 08:05:48.045,0.98038,0.98048,1.12,1.00
2016.07.12 08:05:48.579,0.98038,0.98048,1.87,1.00
2016.07.12 08:05:49.344,0.98041,0.98049,1.00,1.00
2016.07.12 08:05:49.395,0.98041,0.98051,1.00,1.00
2016.07.12 08:05:49.667,0.98042,0.98053,1.12,1.50
2016.07.12 08:05:50.177,0.98041,0.98054,1.87,1.50
2016.07.12 08:05:51.842,0.98043,0.98054,1.00,1.12
2016.07.12 08:05:52.370,0.98043,0.98055,1.12,3.75
2016.07.12 08:05:52.878,0.98043,0.98054,1.00,1.12
2016.07.12 08:05:53.750,0.98043,0.98055,1.37,1.87
2016.07.12 08:05:54.005,0.98045,0.98057,1.12,3.00
2016.07.12 08:05:54.977,0.98046,0.98057,1.00,2.62
2016.07.12 08:05:55.486,0.98045,0.98058,1.50,4.12
2016.07.12 08:05:55.538,0.98045,0.98056,1.50,1.00
2016.07.12 08:05:55.691,0.98044,0.98056,1.12,3.37
2016.07.12 08:05:56.868,0.98044,0.98055,1.12,1.00
2016.07.12 08:05:58.074,0.98044,0.98054,1.12,1.00
2016.07.12 08:05:58.125,0.98044,0.98053,1.00,1.37
2016.07.12 08:05:58.228,0.9804,0.98049,1.25,1.00
2016.07.12 08:05:58.280,0.98038,0.98049,2.25,1.00
2016.07.12 08:05:58.332,0.98038,0.98049,1.50,1.37
2016.07.12 08:05:58.699,0.98036,0.98048,1.00,2.62
2016.07.12 08:06:00.003,0.98036,0.98046,1.00,1.00
2016.07.12 08:06:00.210,0.98033,0.98045,1.12,1.12
2016.07.12 08:06:00.733,0.98033,0.98044,1.12,1.00
2016.07.12 08:06:02.161,0.98033,0.98043,1.12,1.00
2016.07.12 08:06:02.669,0.98033,0.98044,1.12,1.00
2016.07.12 08:06:03.223,0.98033,0.98045,1.12,1.00
2016.07.12 08:06:03.275,0.98033,0.98043,1.12,1.12
2016.07.12 08:06:03.428,0.9803,0.98042,1.12,3.00
2016.07.12 08:06:03.479,0.98028,0.98039,1.75,1.50
2016.07.12 08:06:03.531,0.98028,0.98039,1.12,1.50
2016.07.12 08:06:03.712,0.98026,0.98039,1.12,1.50
2016.07.12 08:06:06.036,0.98027,0.98039,1.00,1.37
2016.07.12 08:06:06.488,0.98031,0.9804,1.00,2.62
2016.07.12 08:06:06.747,0.98033,0.98045,1.00,5.06
2016.07.12 08:06:06.799,0.98035,0.98045,1.00,3.19
2016.07.12 08:06:06.952,0.98035,0.98045,1.50,1.87
2016.07.12 08:06:07.105,0.9804,0.98045,1.00,1.50
2016.07.12 08:06:07.322,0.98043,0.98051,1.00,1.75
2016.07.12 08:06:07.427,0.98043,0.98053,1.00,1.12
2016.07.12 08:06:07.478,0.98043,0.98051,1.00,1.00
2016.07.12 08:06:07.733,0.98043,0.98053,1.00,1.50
2016.07.12 08:06:08.347,0.98043,0.98054,1.00,1.50
2016.07.12 08:06:08.858,0.98044,0.98053,1.00,1.50
2016.07.12 08:06:10.276,0.98044,0.98055,1.12,2.25
2016.07.12 08:06:10.429,0.98046,0.98057,1.00,3.75
2016.07.12 08:06:10.940,0.98046,0.98058,2.25,1.87
2016.07.12 08:06:11.466,0.98046,0.98058,2.25,1.12
2016.07.12 08:06:11.771,0.98052,0.98061,1.00,1.50
2016.07.12 08:06:12.282,0.98053,0.98063,1.00,1.87
2016.07.12 08:06:13.420,0.98053,0.98064,1.00,3.75
2016.07.12 08:06:13.928,0.98051,0.98064,1.50,3.37
2016.07.12 08:06:15.339,0.98053,0.98064,1.00,3.00
2016.07.12 08:06:18.439,0.98051,0.98063,1.12,2.25
2016.07.12 08:06:18.948,0.9805,0.98062,1.00,1.00
2016.07.12 08:06:19.725,0.98052,0.98063,1.00,2.25
2016.07.12 08:06:20.685,0.98052,0.9806,1.00,1.00
2016.07.12 08:06:21.195,0.98051,0.9806,1.00,1.00
2016.07.12 08:06:21.453,0.98049,0.9806,1.00,1.12
2016.07.12 08:06:21.965,0.98049,0.98059,1.00,1.00
2016.07.12 08:06:22.853,0.98048,0.98058,1.00,1.50
2016.07.12 08:06:22.955,0.98045,0.98058,2.25,2.25
2016.07.12 08:06:23.057,0.9805,0.98058,1.00,1.87
2016.07.12 08:06:23.549,0.98049,0.9806,1.12,1.50
2016.07.12 08:06:24.930,0.98051,0.9806,1.00,1.87
2016.07.12 08:06:25.447,0.9805,0.98059,1.12,1.00
2016.07.12 08:06:31.366,0.98051,0.98059,1.00,1.50
2016.07.12 08:06:35.574,0.98052,0.98063,1.00,1.87
2016.07.12 08:06:35.988,0.98053,0.98066,1.37,1.50
2016.07.12 08:06:36.040,0.98055,0.98067,1.00,1.75
2016.07.12 08:06:36.589,0.98055,0.98067,1.00,1.50
2016.07.12 08:06:37.109,0.98053,0.98065,1.37,1.12
2016.07.12 08:06:37.160,0.98052,0.98064,1.12,1.12
2016.07.12 08:06:37.727,0.98052,0.98064,1.00,1.50
2016.07.12 08:06:38.235,0.98053,0.98065,1.00,1.87
2016.07.12 08:06:38.686,0.98051,0.98063,1.12,2.85
2016.07.12 08:06:38.788,0.98048,0.9806,1.37,1.37
2016.07.12 08:06:38.875,0.98048,0.9806,1.00,1.75
2016.07.12 08:06:38.929,0.98048,0.9806,1.12,1.12
2016.07.12 08:06:40.239,0.98048,0.9806,1.00,1.50
2016.07.12 08:06:42.044,0.98049,0.9806,4.35,1.50
2016.07.12 08:06:42.248,0.98052,0.98064,1.00,1.50
2016.07.12 08:06:43.872,0.9805,0.98062,1.50,1.00
2016.07.12 08:06:43.974,0.98049,0.98061,1.12,1.50
2016.07.12 08:06:44.497,0.98049,0.9806,1.00,1.00
2016.07.12 08:06:46.401,0.98048,0.9806,1.00,1.50
2016.07.12 08:06:46.555,0.98046,0.9806,1.87,3.37
2016.07.12 08:06:46.607,0.98046,0.9806,1.12,4.50
2016.07.12 08:06:47.158,0.98045,0.98057,1.00,1.87
2016.07.12 08:06:47.857,0.98045,0.98053,1.00,1.00
2016.07.12 08:06:47.959,0.98043,0.98052,1.50,1.50
2016.07.12 08:06:48.062,0.98043,0.98049,1.12,1.50
2016.07.12 08:06:48.164,0.9804,0.98049,1.37,1.50
2016.07.12 08:06:48.376,0.98038,0.98049,1.00,1.87
2016.07.12 08:06:49.189,0.98038,0.98049,1.00,1.87
2016.07.12 08:06:49.765,0.98037,0.98048,1.00,1.12
2016.07.12 08:06:50.275,0.98036,0.98048,1.50,2.62
2016.07.12 08:06:50.995,0.98036,0.98045,1.50,1.50
2016.07.12 08:06:51.504,0.98035,0.98045,1.00,1.87
2016.07.12 08:06:54.639,0.98035,0.98046,1.37,2.25
2016.07.12 08:06:56.884,0.98036,0.98048,1.12,3.00
2016.07.12 08:07:01.240,0.98038,0.98046,1.00,1.87
2016.07.12 08:07:01.499,0.98039,0.98048,1.00,1.50
2016.07.12 08:07:02.008,0.98038,0.98048,1.00,1.87
2016.07.12 08:07:04.007,0.98041,0.98049,1.00,2.25
2016.07.12 08:07:04.515,0.9804,0.98049,1.00,1.87
2016.07.12 08:07:06.398,0.98041,0.9805,1.00,1.00
2016.07.12 08:07:06.906,0.98042,0.98053,1.00,2.25
2016.07.12 08:07:07.803,0.98042,0.98054,1.00,3.00
2016.07.12 08:07:09.137,0.98045,0.98054,1.00,1.75
2016.07.12 08:07:09.645,0.98045,0.98055,1.50,1.87
2016.07.12 08:07:11.382,0.98048,0.98056,1.00,1.50
2016.07.12 08:07:11.434,0.98048,0.98058,1.50,1.87
2016.07.12 08:07:11.536,0.9805,0.98057,1.00,1.00
2016.07.12 08:07:11.760,0.98051,0.98063,1.00,1.37
2016.07.12 08:07:15.205,0.98052,0.98064,1.00,2.00
2016.07.12 08:07:17.646,0.98053,0.98065,1.00,2.81
2016.07.12 08:07:19.661,0.98053,0.98065,1.35,1.50
2016.07.12 08:07:19.713,0.98055,0.98066,1.00,1.62
2016.07.12 08:07:19.866,0.98055,0.98067,1.00,1.50
2016.07.12 08:07:22.705,0.98055,0.98065,1.00,1.12
2016.07.12 08:07:22.858,0.98053,0.98065,1.00,3.37
2016.07.12 08:07:23.371,0.98053,0.98065,1.00,3.37
2016.07.12 08:07:27.280,0.98051,0.98064,1.87,1.87
2016.07.12 08:07:28.349,0.98053,0.98064,1.00,1.87
2016.07.12 08:07:32.789,0.98053,0.98064,1.00,1.87
2016.07.12 08:07:34.866,0.98052,0.98063,1.12,1.00
2016.07.12 08:07:35.172,0.9805,0.98062,1.00,2.62
2016.07.12 08:07:35.312,0.98049,0.98061,1.05,2.62
2016.07.12 08:07:35.619,0.98047,0.9806,1.42,1.75
2016.07.12 08:07:35.722,0.98047,0.9806,1.05,1.75
2016.07.12 08:07:36.437,0.98047,0.9806,1.30,1.87
2016.07.12 08:07:37.058,0.98047,0.9806,1.05,1.87
2016.07.12 08:07:38.759,0.9805,0.9806,1.00,1.12
2016.07.12 08:07:38.912,0.98051,0.98064,1.35,1.87
2016.07.12 08:07:38.963,0.98053,0.98064,1.00,1.87
2016.07.12 08:07:39.014,0.98053,0.98064,1.12,1.50
2016.07.12 08:07:39.067,0.98055,0.98067,1.00,2.25
2016.07.12 08:07:39.119,0.98055,0.98067,1.00,2.25
2016.07.12 08:07:40.658,0.98054,0.98066,1.00,1.50
2016.07.12 08:07:50.336,0.98054,0.98066,1.37,1.50
2016.07.12 08:07:50.503,0.9806,0.98066,1.00,1.00
2016.07.12 08:07:50.708,0.98062,0.98069,1.00,1.12
2016.07.12 08:07:50.912,0.9806,0.98072,1.00,1.87
2016.07.12 08:07:51.168,0.9806,0.98072,1.00,1.37
2016.07.12 08:07:51.628,0.9806,0.98066,1.00,1.37
2016.07.12 08:07:51.679,0.98057,0.98066,1.50,2.25
2016.07.12 08:07:51.731,0.98057,0.98066,1.00,1.87
2016.07.12 08:07:51.782,0.98054,0.98065,1.00,1.75
2016.07.12 08:07:51.986,0.98052,0.98063,1.00,1.69
2016.07.12 08:07:52.496,0.98051,0.98062,1.00,1.50
2016.07.12 08:07:53.003,0.9805,0.98062,1.12,1.50
2016.07.12 08:08:02.163,0.9805,0.98062,1.12,1.87
2016.07.12 08:08:04.274,0.9805,0.9806,1.12,1.30
2016.07.12 08:08:04.326,0.98047,0.98057,1.87,2.25
2016.07.12 08:08:04.531,0.98043,0.98054,1.00,1.37
2016.07.12 08:08:05.040,0.98044,0.98056,1.12,1.12
2016.07.12 08:08:07.440,0.98046,0.98057,1.00,1.50
2016.07.12 08:08:08.850,0.98045,0.98057,1.00,1.50
2016.07.12 08:08:10.902,0.98045,0.98057,1.37,1.50
2016.07.12 08:08:11.993,0.98045,0.98057,1.50,1.50
2016.07.12 08:08:13.115,0.98045,0.98056,1.37,1.12
2016.07.12 08:08:16.116,0.98044,0.98056,1.87,1.12
2016.07.12 08:08:17.625,0.98044,0.98056,1.12,1.12
2016.07.12 08:08:17.931,0.98042,0.98054,1.87,1.12
2016.07.12 08:08:20.563,0.98043,0.98056,1.00,2.06
2016.07.12 08:08:20.767,0.98044,0.98056,1.12,1.12
2016.07.12 08:08:22.889,0.98044,0.98056,1.00,1.87
2016.07.12 08:08:22.941,0.98042,0.98055,1.12,1.37
2016.07.12 08:08:29.258,0.98044,0.98055,1.00,1.37
2016.07.12 08:08:32.472,0.98045,0.98057,1.00,2.62
2016.07.12 08:08:32.523,0.98045,0.98057,1.87,1.12
2016.07.12 08:08:32.625,0.98048,0.98058,2.10,1.87
2016.07.12 08:08:32.881,0.98051,0.98062,1.35,1.37
2016.07.12 08:08:32.933,0.98051,0.98063,1.72,1.87
2016.07.12 08:08:33.483,0.98049,0.98062,2.10,2.62
2016.07.12 08:08:33.688,0.98047,0.98058,1.37,1.25
2016.07.12 08:08:33.739,0.98046,0.98058,1.12,2.06
2016.07.12 08:08:33.994,0.98044,0.98055,1.00,1.00
2016.07.12 08:08:34.470,0.98046,0.98056,1.00,1.50
2016.07.12 08:08:34.999,0.98043,0.98056,1.12,1.37
2016.07.12 08:08:35.510,0.98043,0.98055,1.00,1.50
2016.07.12 08:08:36.545,0.98045,0.98055,1.00,1.50
2016.07.12 08:08:36.855,0.98051,0.98062,1.35,1.50
2016.07.12 08:08:38.473,0.98054,0.98063,1.00,1.50
2016.07.12 08:08:38.627,0.98055,0.98064,1.12,1.00
2016.07.12 08:08:38.729,0.98057,0.98064,1.00,1.12
2016.07.12 08:08:39.036,0.98057,0.98068,1.00,1.50
2016.07.12 08:08:40.220,0.98058,0.98069,1.00,1.75
2016.07.12 08:08:40.424,0.98056,0.98068,1.12,1.87
2016.07.12 08:08:40.827,0.98061,0.9807,1.00,1.50
2016.07.12 08:08:40.878,0.98061,0.98071,1.00,4.12
2016.07.12 08:08:41.387,0.9806,0.98072,1.00,1.87
2016.07.12 08:08:41.743,0.98059,0.9807,1.00,1.50
2016.07.12 08:08:42.049,0.98057,0.9807,1.50,1.50
2016.07.12 08:08:42.355,0.98061,0.98072,1.00,1.75
2016.07.12 08:08:42.457,0.98061,0.98073,1.12,1.50
2016.07.12 08:08:42.993,0.9806,0.98072,1.00,1.87
2016.07.12 08:08:43.045,0.98058,0.9807,1.87,1.12
2016.07.12 08:08:45.342,0.98059,0.98071,1.00,1.50
2016.07.12 08:08:45.859,0.9806,0.98071,1.12,1.00
2016.07.12 08:08:48.052,0.98064,0.98074,1.00,2.25
2016.07.12 08:08:48.256,0.98068,0.9808,1.12,1.75
2016.07.12 08:08:48.307,0.9807,0.9808,1.00,1.50
2016.07.12 08:08:48.384,0.9807,0.9808,1.50,1.12
2016.07.12 08:08:48.437,0.98071,0.98083,2.47,1.87
2016.07.12 08:08:48.540,0.98073,0.98084,1.50,1.00
2016.07.12 08:08:48.694,0.98077,0.98089,2.25,2.47
2016.07.12 08:08:48.745,0.98077,0.98089,2.25,2.47
2016.07.12 08:08:48.848,0.98078,0.98091,1.00,3.37
2016.07.12 08:08:49.359,0.98078,0.9809,1.50,1.12
2016.07.12 08:08:49.874,0.98077,0.98089,1.12,1.12
2016.07.12 08:08:50.418,0.98078,0.98089,1.00,1.12
2016.07.12 08:08:50.929,0.98079,0.98092,1.00,1.87
2016.07.12 08:08:52.585,0.98079,0.98088,1.00,1.69
2016.07.12 08:08:52.737,0.98075,0.98087,1.50,1.50
2016.07.12 08:08:57.080,0.98074,0.98086,1.00,3.75
2016.07.12 08:08:57.182,0.98072,0.98084,1.00,1.37
2016.07.12 08:08:57.333,0.9807,0.98078,2.25,1.00
2016.07.12 08:08:57.439,0.98067,0.98077,1.12,1.00
2016.07.12 08:08:57.594,0.98066,0.98077,1.00,1.12
2016.07.12 08:08:58.106,0.98067,0.98079,1.50,1.50
2016.07.12 08:08:59.710,0.98066,0.98078,3.00,1.12
2016.07.12 08:09:00.068,0.9807,0.98081,1.00,1.75
2016.07.12 08:09:00.275,0.98071,0.98081,1.00,1.00
2016.07.12 08:09:00.800,0.98072,0.98084,1.00,1.75
2016.07.12 08:09:00.903,0.9807,0.98083,1.12,1.50
2016.07.12 08:09:03.398,0.98069,0.98081,2.85,1.00
2016.07.12 08:09:05.008,0.98071,0.98082,1.00,1.00
2016.07.12 08:09:05.516,0.9807,0.98081,1.00,1.00
2016.07.12 08:09:06.491,0.98071,0.98083,1.12,1.92
2016.07.12 08:09:07.001,0.98071,0.98083,1.50,1.54
2016.07.12 08:09:07.881,0.98071,0.98083,1.50,2.29
2016.07.12 08:09:08.340,0.9807,0.98082,1.87,1.54
2016.07.12 08:09:08.391,0.98068,0.9808,2.44,1.12
2016.07.12 08:09:08.721,0.98066,0.98077,2.25,1.00
2016.07.12 08:09:08.773,0.98065,0.98077,1.87,1.00
2016.07.12 08:09:09.284,0.98066,0.98078,1.00,1.00
2016.07.12 08:09:09.819,0.98066,0.98078,1.50,1.00
2016.07.12 08:09:11.372,0.98066,0.98078,1.50,1.00
2016.07.12 08:09:11.901,0.98065,0.98077,2.62,1.00
2016.07.12 08:09:12.429,0.98065,0.98077,1.12,1.50
2016.07.12 08:09:12.996,0.98065,0.98077,1.12,1.75
2016.07.12 08:09:17.747,0.98066,0.98077,1.00,1.92
2016.07.12 08:09:18.518,0.98063,0.98075,2.25,1.12
2016.07.12 08:09:19.035,0.98063,0.98075,1.00,1.50
2016.07.12 08:09:21.523,0.98062,0.98074,1.50,1.12
2016.07.12 08:09:22.653,0.98063,0.98074,1.00,1.17
2016.07.12 08:09:23.162,0.98063,0.98075,2.62,1.54
2016.07.12 08:09:23.672,0.98063,0.98075,2.62,1.54
2016.07.12 08:09:26.381,0.98066,0.98077,1.00,1.79
2016.07.12 08:09:26.432,0.98066,0.98078,2.25,3.00
2016.07.12 08:09:26.643,0.98071,0.98081,1.00,1.75
2016.07.12 08:09:26.745,0.9807,0.98081,1.00,1.00
2016.07.12 08:09:27.254,0.98071,0.98083,1.00,1.12
2016.07.12 08:09:28.071,0.98071,0.98082,1.00,1.00
2016.07.12 08:09:30.688,0.9807,0.98082,1.12,1.12
2016.07.12 08:09:30.942,0.9807,0.98082,1.00,1.37
2016.07.12 08:09:31.849,0.9807,0.98082,1.00,2.62
2016.07.12 08:09:33.097,0.98068,0.98082,1.00,2.62
2016.07.12 08:09:34.530,0.98068,0.98079,1.00,3.56
2016.07.12 08:09:34.583,0.98066,0.98077,1.87,1.50
2016.07.12 08:09:34.685,0.98066,0.98077,1.00,1.50
2016.07.12 08:09:35.197,0.98065,0.98077,1.12,1.87
2016.07.12 08:09:39.534,0.98065,0.98071,1.50,1.00
2016.07.12 08:09:39.840,0.98063,0.98068,1.00,1.50
2016.07.12 08:09:39.891,0.98061,0.98068,1.72,1.50
2016.07.12 08:09:40.779,0.98058,0.98068,1.00,1.50
2016.07.12 08:09:40.983,0.98056,0.98067,1.12,1.50
2016.07.12 08:09:41.035,0.98056,0.98064,1.12,1.00
2016.07.12 08:09:41.543,0.98055,0.98064,1.00,1.87
2016.07.12 08:09:42.685,0.98054,0.98064,1.00,1.50
2016.07.12 08:09:43.294,0.98054,0.98064,3.19,1.50
2016.07.12 08:09:43.833,0.98057,0.98064,1.30,1.50
2016.07.12 08:09:44.580,0.98056,0.98064,1.72,1.50
2016.07.12 08:09:44.996,0.98057,0.98064,1.72,1.50
2016.07.12 08:09:45.099,0.98059,0.98068,1.60,2.25
2016.07.12 08:09:45.659,0.98058,0.98069,2.25,1.12
2016.07.12 08:09:48.311,0.98058,0.98068,1.87,1.00
2016.07.12 08:09:48.820,0.98058,0.98068,1.12,1.50
2016.07.12 08:09:50.321,0.98057,0.98069,2.25,1.50
2016.07.12 08:09:51.907,0.98057,0.98069,1.12,1.87
2016.07.12 08:09:52.452,0.98057,0.98067,1.00,1.12
2016.07.12 08:09:54.030,0.98056,0.98068,1.00,1.87
2016.07.12 08:09:54.184,0.98056,0.98068,1.00,5.25
2016.07.12 08:09:54.694,0.98055,0.98066,1.00,1.50
2016.07.12 08:09:58.733,0.98053,0.98065,1.12,1.37
2016.07.12 08:09:58.836,0.98051,0.98062,1.00,1.87
2016.07.12 08:09:59.092,0.9805,0.98064,1.00,4.50
2016.07.12 08:09:59.143,0.98048,0.98063,3.00,1.87
2016.07.12 08:09:59.566,0.98051,0.98062,1.00,2.81
2016.07.12 08:10:00.330,0.98051,0.98062,1.00,3.00
2016.07.12 08:10:02.916,0.98051,0.98062,1.00,1.12
2016.07.12 08:10:04.973,0.98052,0.98063,1.00,2.25
2016.07.12 08:10:05.330,0.98054,0.98065,1.35,1.50
2016.07.12 08:10:05.381,0.98055,0.98065,1.37,1.00
2016.07.12 08:10:05.839,0.98056,0.98067,1.00,2.25
2016.07.12 08:10:06.378,0.98056,0.98067,1.00,1.50
2016.07.12 08:10:06.888,0.98055,0.98067,1.12,2.25
2016.07.12 08:10:07.435,0.98056,0.98067,1.00,2.25
2016.07.12 08:10:07.691,0.98054,0.98066,1.12,2.25
2016.07.12 08:10:07.794,0.98052,0.98064,2.25,1.12
2016.07.12 08:10:08.134,0.98052,0.9806,1.00,1.50
2016.07.12 08:10:08.441,0.98048,0.9806,1.00,1.50
2016.07.12 08:10:10.479,0.98051,0.98062,1.00,3.75
2016.07.12 08:10:10.634,0.98052,0.98064,1.00,3.75
2016.07.12 08:10:11.062,0.98051,0.98063,1.50,1.00
2016.07.12 08:10:11.264,0.98051,0.98064,1.00,2.25
2016.07.12 08:10:14.405,0.9805,0.98062,1.00,1.50
2016.07.12 08:10:17.624,0.9805,0.98062,1.50,1.50
2016.07.12 08:10:18.935,0.98051,0.98063,1.37,3.00
2016.07.12 08:10:19.858,0.98051,0.98063,1.12,3.00
2016.07.12 08:10:20.367,0.98051,0.98063,1.50,2.25
2016.07.12 08:10:27.070,0.98051,0.98063,1.50,2.25
2016.07.12 08:10:27.540,0.98053,0.98063,1.50,1.12
2016.07.12 08:10:28.049,0.98052,0.98063,1.37,1.12
2016.07.12 08:10:28.666,0.98054,0.98063,1.00,1.50
2016.07.12 08:10:28.717,0.98058,0.98063,1.35,1.50
2016.07.12 08:10:28.768,0.98058,0.98067,1.00,4.50
2016.07.12 08:10:28.871,0.98059,0.98067,1.00,2.25
2016.07.12 08:10:29.331,0.98057,0.98067,1.87,1.00
2016.07.12 08:10:29.692,0.98056,0.98066,1.00,2.25
2016.07.12 08:10:29.743,0.98053,0.98064,1.69,1.00
2016.07.12 08:10:30.201,0.98055,0.98063,1.00,2.62
2016.07.12 08:10:30.361,0.98051,0.98063,1.00,2.62
2016.07.12 08:10:33.232,0.98053,0.98065,1.00,3.37
2016.07.12 08:10:33.487,0.98053,0.98065,1.12,2.25
2016.07.12 08:10:34.006,0.98054,0.98065,1.00,1.12
2016.07.12 08:10:35.828,0.98056,0.98068,1.00,3.00
2016.07.12 08:10:36.169,0.98056,0.98069,2.47,2.25
2016.07.12 08:10:36.322,0.98056,0.98069,3.22,1.50
2016.07.12 08:10:36.477,0.98059,0.98071,1.12,3.75
2016.07.12 08:10:36.987,0.9806,0.98071,1.12,1.00
2016.07.12 08:10:37.505,0.98059,0.98071,1.12,1.50
2016.07.12 08:10:38.220,0.98059,0.98071,1.75,1.50
2016.07.12 08:10:38.721,0.9806,0.98071,1.00,1.50
2016.07.12 08:10:39.180,0.98062,0.98074,1.00,3.94
2016.07.12 08:10:40.114,0.98062,0.98074,1.12,3.75
2016.07.12 08:10:40.639,0.98062,0.98074,1.12,3.75
2016.07.12 08:10:41.919,0.98062,0.98074,1.50,1.12
2016.07.12 08:10:42.225,0.98064,0.98076,1.00,3.00
2016.07.12 08:10:47.745,0.98064,0.98075,2.25,1.12
2016.07.12 08:10:48.203,0.98065,0.98077,1.87,1.50
2016.07.12 08:10:48.719,0.98065,0.98077,1.00,1.87
2016.07.12 08:10:54.517,0.98064,0.98076,1.00,1.75
2016.07.12 08:10:55.824,0.98063,0.98075,1.00,2.25
2016.07.12 08:10:56.028,0.9806,0.98072,1.31,1.12
2016.07.12 08:10:56.080,0.98059,0.9807,1.50,1.00
2016.07.12 08:10:56.426,0.98059,0.9807,1.00,1.75
2016.07.12 08:10:57.006,0.9806,0.98071,1.00,2.25
2016.07.12 08:10:57.261,0.9806,0.98071,1.00,1.50
2016.07.12 08:10:57.708,0.98058,0.98069,1.50,1.00
2016.07.12 08:10:58.217,0.98059,0.98071,1.00,1.50
2016.07.12 08:10:58.273,0.98059,0.98071,1.00,1.50
2016.07.12 08:10:58.791,0.9806,0.98072,1.00,1.87
2016.07.12 08:10:59.298,0.98057,0.98069,1.12,1.12
2016.07.12 08:10:59.350,0.98057,0.98069,1.00,1.75
2016.07.12 08:11:02.417,0.98057,0.98069,1.37,1.75
2016.07.12 08:11:04.212,0.98057,0.98069,1.50,1.75
2016.07.12 08:11:06.458,0.98058,0.98068,1.87,1.00
2016.07.12 08:11:06.561,0.9806,0.98071,1.50,3.00
2016.07.12 08:11:07.071,0.9806,0.98071,1.00,2.25
2016.07.12 08:11:12.275,0.9806,0.9807,1.00,1.12
2016.07.12 08:11:12.326,0.98057,0.98068,2.62,1.00
2016.07.12 08:11:12.834,0.98056,0.98067,1.12,1.12
2016.07.12 08:11:16.271,0.98056,0.98068,1.50,1.50
2016.07.12 08:11:21.282,0.98056,0.98066,1.00,1.00
2016.07.12 08:11:21.395,0.98055,0.98064,1.00,2.25
2016.07.12 08:11:21.499,0.98051,0.98062,1.50,1.00
2016.07.12 08:11:22.008,0.98052,0.98063,1.12,2.25
2016.07.12 08:11:22.161,0.98055,0.98064,1.00,2.25
2016.07.12 08:11:22.212,0.98056,0.98063,1.00,1.00
2016.07.12 08:11:22.318,0.9806,0.98064,1.00,1.00
2016.07.12 08:11:22.369,0.9806,0.9807,1.00,2.69
2016.07.12 08:11:22.471,0.9806,0.9807,2.25,1.08
2016.07.12 08:11:25.390,0.9806,0.98071,1.00,1.94
2016.07.12 08:11:25.442,0.98058,0.9807,1.87,1.37
2016.07.12 08:11:25.881,0.98061,0.98073,1.00,1.81
2016.07.12 08:11:26.187,0.98062,0.98074,1.00,1.56
2016.07.12 08:11:26.392,0.98065,0.98076,1.00,1.50
2016.07.12 08:11:26.902,0.98065,0.98076,1.00,1.50
2016.07.12 08:11:27.411,0.98064,0.98077,1.87,1.75
2016.07.12 08:11:27.952,0.98065,0.98077,1.12,1.50
2016.07.12 08:11:30.708,0.98065,0.98077,1.87,1.50
2016.07.12 08:11:31.018,0.9807,0.98082,1.87,1.75
2016.07.12 08:11:31.120,0.9807,0.98082,1.87,1.75
2016.07.12 08:11:31.624,0.98071,0.98084,1.00,2.81
2016.07.12 08:11:32.201,0.9807,0.98084,1.87,2.81
2016.07.12 08:11:32.852,0.9807,0.98084,2.25,1.87
2016.07.12 08:11:33.210,0.98072,0.98084,1.87,1.12
2016.07.12 08:11:33.299,0.98072,0.98084,1.50,1.37
2016.07.12 08:11:33.833,0.98071,0.98083,1.00,1.75
2016.07.12 08:11:34.350,0.9807,0.98081,1.00,1.50
2016.07.12 08:11:34.504,0.98068,0.9808,1.00,1.50
2016.07.12 08:11:36.936,0.9807,0.98081,1.12,1.75
2016.07.12 08:11:37.445,0.98071,0.98082,1.00,1.50
2016.07.12 08:11:38.939,0.98071,0.98082,1.00,1.12
2016.07.12 08:11:39.245,0.98073,0.98085,1.00,1.94
2016.07.12 08:11:43.228,0.98075,0.98086,1.00,2.06
2016.07.12 08:11:43.578,0.98073,0.98085,1.00,2.81
2016.07.12 08:11:44.090,0.98072,0.98083,1.00,1.50
2016.07.12 08:11:47.666,0.98071,0.98083,1.00,1.87
2016.07.12 08:11:47.768,0.98071,0.98083,1.00,1.87
2016.07.12 08:11:48.960,0.9807,0.98081,1.00,1.72
2016.07.12 08:11:49.062,0.98067,0.98079,2.25,1.50
2016.07.12 08:11:49.165,0.98067,0.98078,1.50,2.25
2016.07.12 08:11:49.428,0.98064,0.98074,1.00,1.00
2016.07.12 08:11:50.203,0.98063,0.98075,1.00,2.62
2016.07.12 08:11:50.255,0.98061,0.98073,2.62,1.50
2016.07.12 08:11:52.039,0.98062,0.98074,1.00,1.75
2016.07.12 08:11:52.952,0.98064,0.98075,1.00,2.44
2016.07.12 08:11:53.054,0.98064,0.98076,1.00,2.06
2016.07.12 08:11:53.158,0.98067,0.98076,1.00,1.00
2016.07.12 08:11:53.361,0.98069,0.98081,1.00,3.94
2016.07.12 08:11:53.464,0.98067,0.9808,1.00,1.87
2016.07.12 08:11:53.741,0.98067,0.98081,1.12,3.37
2016.07.12 08:11:54.098,0.98067,0.98081,3.00,3.00
2016.07.12 08:11:54.353,0.98072,0.98084,1.00,1.00
2016.07.12 08:11:54.610,0.98075,0.98087,1.00,1.75
2016.07.12 08:11:54.917,0.9807,0.98082,2.47,1.00
2016.07.12 08:11:55.072,0.9807,0.98082,1.00,1.50
2016.07.12 08:11:56.668,0.98068,0.9808,1.12,1.12
2016.07.12 08:11:56.872,0.9807,0.98081,1.00,1.50
2016.07.12 08:11:57.441,0.98066,0.98076,3.37,1.00
2016.07.12 08:11:57.595,0.98066,0.98077,1.50,1.50
2016.07.12 08:11:58.124,0.98065,0.98077,1.00,1.50
2016.07.12 08:11:59.453,0.9807,0.98079,1.00,1.75
2016.07.12 08:11:59.607,0.9807,0.98081,1.00,1.50
2016.07.12 08:12:00.116,0.9807,0.98082,1.00,1.50
2016.07.12 08:12:01.501,0.9807,0.98082,1.12,1.12
2016.07.12 08:12:01.613,0.98073,0.98085,1.00,3.75
2016.07.12 08:12:02.122,0.98072,0.98084,1.00,1.37
2016.07.12 08:12:02.644,0.98071,0.98082,1.00,1.00
2016.07.12 08:12:03.155,0.98072,0.98082,1.00,1.00
2016.07.12 08:12:03.477,0.98078,0.9809,1.00,3.00
2016.07.12 08:12:03.580,0.98079,0.98091,1.00,1.50
2016.07.12 08:12:10.438,0.98079,0.98089,1.00,1.00
2016.07.12 08:12:10.949,0.98078,0.9809,1.12,1.87
2016.07.12 08:12:11.117,0.98076,0.98088,2.81,1.12
2016.07.12 08:12:11.629,0.98077,0.98089,1.00,1.50
2016.07.12 08:12:13.043,0.98077,0.98089,1.00,2.62
2016.07.12 08:12:13.298,0.98074,0.98087,2.25,3.00
2016.07.12 08:12:13.457,0.98074,0.98087,1.00,1.87
2016.07.12 08:12:13.967,0.98074,0.98086,1.00,1.50
2016.07.12 08:12:14.890,0.98075,0.98087,1.00,2.62
2016.07.12 08:12:16.339,0.98077,0.98087,1.00,1.75
2016.07.12 08:12:16.544,0.98079,0.98089,1.00,2.25
2016.07.12 08:12:16.750,0.98076,0.98089,1.50,2.25
2016.07.12 08:12:17.209,0.98078,0.98089,1.00,2.25
2016.07.12 08:12:17.616,0.98076,0.98088,1.12,1.12
2016.07.12 08:12:17.921,0.98078,0.98089,1.00,3.00
2016.07.12 08:12:18.430,0.98078,0.98089,1.00,1.87
2016.07.12 08:12:18.483,0.98076,0.98087,1.00,1.12
2016.07.12 08:12:18.637,0.98075,0.98087,1.00,1.50
2016.07.12 08:12:19.167,0.98075,0.98088,1.00,1.12
2016.07.12 08:12:20.490,0.98076,0.98088,1.00,1.87
2016.07.12 08:12:21.215,0.98078,0.98089,1.00,2.02
2016.07.12 08:12:21.367,0.98079,0.9809,1.00,1.65
2016.07.12 08:12:21.876,0.98078,0.98089,1.00,1.19
2016.07.12 08:12:22.232,0.98076,0.98088,1.12,1.50
2016.07.12 08:12:22.334,0.98074,0.98087,1.50,1.50
2016.07.12 08:12:22.431,0.98074,0.98087,1.00,3.00
2016.07.12 08:12:23.500,0.98073,0.98084,1.00,1.12
2016.07.12 08:12:23.841,0.98073,0.98084,1.00,1.75
2016.07.12 08:12:24.398,0.98074,0.98085,1.00,1.75
2016.07.12 08:12:24.714,0.9808,0.98091,1.00,1.37
2016.07.12 08:12:26.022,0.98081,0.98093,1.00,3.19
2016.07.12 08:12:26.532,0.9808,0.98092,1.35,1.50
2016.07.12 08:12:30.794,0.9808,0.98092,1.87,1.50
2016.07.12 08:12:31.340,0.98081,0.98093,2.25,2.25
2016.07.12 08:12:36.024,0.98082,0.98093,1.87,1.75
2016.07.12 08:12:36.432,0.98081,0.98093,1.87,2.25
2016.07.12 08:12:37.155,0.9808,0.98092,1.00,1.56
2016.07.12 08:12:37.258,0.98082,0.98093,1.00,2.50
2016.07.12 08:12:37.767,0.98081,0.98093,1.00,1.75
2016.07.12 08:12:46.272,0.98083,0.98094,1.00,1.75
2016.07.12 08:12:46.781,0.98082,0.98094,1.00,1.75
2016.07.12 08:12:48.701,0.98082,0.98094,1.12,1.50
2016.07.12 08:12:48.804,0.98084,0.98094,2.29,1.00
2016.07.12 08:12:48.958,0.98088,0.981,1.00,4.94
2016.07.12 08:12:49.061,0.9809,0.98102,1.00,7.19
2016.07.12 08:12:49.163,0.98091,0.98102,1.00,1.50
2016.07.12 08:12:49.322,0.98095,0.98106,2.25,1.87
2016.07.12 08:12:49.427,0.98098,0.98108,1.00,1.00
2016.07.12 08:12:49.478,0.981,0.98111,1.00,2.25
2016.07.12 08:12:49.581,0.98098,0.98112,2.25,1.08
2016.07.12 08:12:49.632,0.98102,0.98113,1.00,1.19
2016.07.12 08:12:49.836,0.98099,0.98115,4.87,2.31
2016.07.12 08:12:50.394,0.98101,0.98115,1.12,1.56
2016.07.12 08:12:50.649,0.981,0.98111,1.12,1.00
2016.07.12 08:12:50.853,0.98098,0.9811,1.12,1.87
2016.07.12 08:12:50.905,0.98098,0.98109,1.00,1.50
2016.07.12 08:12:50.957,0.98095,0.98107,3.37,1.12
2016.07.12 08:12:51.008,0.98095,0.98107,1.00,1.37
2016.07.12 08:12:51.370,0.98095,0.98107,1.50,1.12
2016.07.12 08:12:53.001,0.98096,0.98107,1.00,1.37
2016.07.12 08:12:53.103,0.98094,0.98106,1.12,2.25
2016.07.12 08:12:53.363,0.98093,0.98105,1.50,1.94
2016.07.12 08:12:54.076,0.98092,0.98104,1.00,1.50
2016.07.12 08:12:55.371,0.98091,0.98102,1.12,1.00
2016.07.12 08:12:55.474,0.98089,0.98101,1.12,1.19
2016.07.12 08:12:55.784,0.98091,0.98102,1.00,1.12
2016.07.12 08:12:56.496,0.98093,0.98105,1.00,1.75
2016.07.12 08:12:56.662,0.98095,0.98107,1.00,1.75
2016.07.12 08:12:56.818,0.98096,0.98108,1.00,1.50
2016.07.12 08:12:57.385,0.98097,0.98108,1.00,1.87
2016.07.12 08:12:57.936,0.98097,0.98109,1.00,4.87
2016.07.12 08:13:00.120,0.98096,0.98107,1.50,1.87
2016.07.12 08:13:00.328,0.98095,0.98107,1.50,1.12
2016.07.12 08:13:00.844,0.98095,0.98107,1.87,1.00
2016.07.12 08:13:04.132,0.98095,0.98107,1.00,1.37
2016.07.12 08:13:04.679,0.98096,0.98107,1.00,1.50
2016.07.12 08:13:05.288,0.98095,0.98106,1.00,1.00
2016.07.12 08:13:05.798,0.98095,0.98106,1.00,1.50
2016.07.12 08:13:07.490,0.98096,0.98108,1.00,2.25
2016.07.12 08:13:07.541,0.98096,0.98108,1.00,2.25
2016.07.12 08:13:11.125,0.98099,0.9811,1.00,3.00
2016.07.12 08:13:11.177,0.98099,0.9811,1.00,1.12
2016.07.12 08:13:11.680,0.981,0.98111,1.00,1.50
2016.07.12 08:13:12.189,0.98101,0.98111,1.00,1.00
2016.07.12 08:13:12.700,0.98101,0.98112,1.00,1.12
2016.07.12 08:13:13.209,0.981,0.98112,1.12,1.12
2016.07.12 08:13:14.938,0.981,0.98112,1.50,1.75
2016.07.12 08:13:15.847,0.98099,0.9811,1.00,2.62
2016.07.12 08:13:16.356,0.98098,0.9811,1.00,3.37
2016.07.12 08:13:16.711,0.98095,0.98107,2.25,1.00
2016.07.12 08:13:16.763,0.98095,0.98107,1.12,1.12
2016.07.12 08:13:16.865,0.98095,0.98107,1.00,3.00
2016.07.12 08:13:16.967,0.98095,0.98107,1.12,1.87
2016.07.12 08:13:17.170,0.98095,0.98105,1.12,1.00
2016.07.12 08:13:17.534,0.98097,0.98107,1.00,1.87
2016.07.12 08:13:18.045,0.98096,0.98107,1.00,1.12
2016.07.12 08:13:18.566,0.98096,0.98107,1.00,1.50
2016.07.12 08:13:19.126,0.98095,0.98107,1.00,2.25
2016.07.12 08:13:27.029,0.98094,0.98106,1.12,1.12
2016.07.12 08:13:27.541,0.98093,0.98105,1.12,2.62
2016.07.12 08:13:28.049,0.98093,0.98105,1.00,3.37
2016.07.12 08:13:31.162,0.98093,0.98103,1.00,1.00
2016.07.12 08:13:31.316,0.9809,0.98102,1.12,1.12
2016.07.12 08:13:31.418,0.9809,0.98102,1.00,1.75
2016.07.12 08:13:31.622,0.98091,0.98104,1.12,2.25
2016.07.12 08:13:33.658,0.9809,0.98102,1.50,1.00
2016.07.12 08:13:33.862,0.98088,0.98099,1.50,1.00
2016.07.12 08:13:34.263,0.98088,0.98097,1.00,1.00
2016.07.12 08:13:34.671,0.98086,0.98097,1.00,1.12
2016.07.12 08:13:36.614,0.98087,0.98098,1.00,2.25
2016.07.12 08:13:36.768,0.98088,0.981,1.50,1.12
2016.07.12 08:13:37.349,0.98089,0.981,1.00,1.37
2016.07.12 08:13:37.756,0.98086,0.981,1.50,1.50
2016.07.12 08:13:38.266,0.98086,0.981,2.25,2.25
2016.07.12 08:13:39.406,0.98086,0.981,1.50,3.00
2016.07.12 08:13:42.681,0.98085,0.98097,2.25,1.00
2016.07.12 08:13:43.232,0.98085,0.98096,1.00,1.12
2016.07.12 08:13:44.144,0.98085,0.98096,1.37,1.00
2016.07.12 08:13:44.704,0.98088,0.98098,1.00,1.00
2016.07.12 08:13:45.236,0.98086,0.98098,3.00,1.12
2016.07.12 08:13:45.744,0.98087,0.98099,1.00,1.50
2016.07.12 08:13:47.339,0.98087,0.98099,2.62,1.50
2016.07.12 08:13:47.491,0.98089,0.981,1.00,1.12
2016.07.12 08:13:48.151,0.98089,0.98101,1.37,1.00
2016.07.12 08:13:48.691,0.9809,0.98102,1.12,1.12
2016.07.12 08:13:49.483,0.98093,0.98103,1.00,1.50
2016.07.12 08:13:49.641,0.98093,0.98104,1.00,1.00
2016.07.12 08:13:50.152,0.98093,0.98105,1.37,1.00
2016.07.12 08:13:50.685,0.98094,0.98106,1.50,1.12
2016.07.12 08:13:50.940,0.98096,0.98105,1.00,1.00
2016.07.12 08:13:51.144,0.98098,0.98109,1.00,1.50
2016.07.12 08:13:51.246,0.98098,0.9811,1.12,2.25
2016.07.12 08:13:51.767,0.98097,0.98109,1.50,1.00
2016.07.12 08:13:52.922,0.98097,0.9811,1.50,1.12
2016.07.12 08:13:54.601,0.98098,0.98109,1.12,1.00
2016.07.12 08:13:55.313,0.98098,0.9811,1.12,1.87
2016.07.12 08:13:55.470,0.98095,0.98107,1.50,1.12
2016.07.12 08:13:55.522,0.98095,0.98107,1.00,1.37
2016.07.12 08:13:56.647,0.98095,0.98107,1.50,1.12
2016.07.12 08:13:57.206,0.98095,0.98106,1.00,1.00
2016.07.12 08:13:57.359,0.98098,0.98106,1.12,1.00
2016.07.12 08:13:57.410,0.98099,0.98108,1.12,1.00
2016.07.12 08:13:57.741,0.98101,0.9811,1.00,4.31
2016.07.12 08:13:57.843,0.98101,0.98112,1.00,2.62
2016.07.12 08:14:02.429,0.981,0.98111,1.12,1.00
2016.07.12 08:14:03.116,0.98101,0.98113,1.00,3.75
2016.07.12 08:14:03.827,0.98098,0.9811,2.62,1.00
2016.07.12 08:14:04.347,0.98099,0.9811,1.00,1.50
2016.07.12 08:14:04.449,0.98097,0.98109,1.00,1.00
2016.07.12 08:14:05.228,0.98096,0.98107,1.87,1.00
2016.07.12 08:14:05.737,0.98095,0.98106,1.12,1.00
2016.07.12 08:14:09.825,0.98094,0.98106,1.00,1.87
2016.07.12 08:14:10.131,0.98092,0.98103,1.12,1.00
2016.07.12 08:14:11.151,0.98093,0.98105,1.00,1.75
2016.07.12 08:14:11.457,0.98098,0.9811,1.00,1.37
2016.07.12 08:14:11.772,0.98096,0.98109,1.12,2.25
2016.07.12 08:14:12.790,0.98096,0.98108,1.12,1.00
2016.07.12 08:14:13.298,0.98095,0.98107,1.12,1.12
2016.07.12 08:14:13.604,0.98094,0.98106,1.00,3.22
2016.07.12 08:14:13.850,0.98092,0.98104,1.12,1.12
2016.07.12 08:14:14.950,0.98091,0.98102,1.37,1.00
2016.07.12 08:14:15.245,0.98089,0.98102,1.50,2.25
2016.07.12 08:14:15.348,0.98087,0.98101,4.12,2.62
2016.07.12 08:14:15.551,0.9809,0.981,1.00,1.00
2016.07.12 08:14:15.704,0.9809,0.98102,1.12,2.25
2016.07.12 08:14:16.347,0.98091,0.98103,1.00,1.50
2016.07.12 08:14:16.449,0.98092,0.98104,1.12,1.12
2016.07.12 08:14:16.973,0.98093,0.98105,1.12,1.12
2016.07.12 08:14:17.179,0.98091,0.98103,2.25,1.12
2016.07.12 08:14:17.384,0.98089,0.98102,1.00,1.00
2016.07.12 08:14:20.415,0.98089,0.98101,1.00,1.12
2016.07.12 08:14:20.517,0.98089,0.98101,1.00,4.50
2016.07.12 08:14:21.026,0.98088,0.98099,1.50,1.87
2016.07.12 08:14:21.754,0.98089,0.981,1.00,1.87
2016.07.12 08:14:21.857,0.9809,0.981,1.00,1.12
2016.07.12 08:14:25.093,0.98089,0.98101,1.00,2.25
2016.07.12 08:14:25.300,0.98087,0.98099,1.00,2.25
2016.07.12 08:14:25.828,0.98089,0.98099,1.00,1.12
2016.07.12 08:14:26.337,0.9809,0.981,1.12,1.00
2016.07.12 08:14:26.389,0.9809,0.98102,1.12,1.12
2016.07.12 08:14:26.947,0.98089,0.98102,1.12,1.37
2016.07.12 08:14:27.913,0.98091,0.98102,1.00,1.00
2016.07.12 08:14:30.296,0.98092,0.98104,1.00,1.50
2016.07.12 08:14:30.610,0.98094,0.98105,1.00,1.75
2016.07.12 08:14:30.661,0.98094,0.98105,1.00,1.00
2016.07.12 08:14:31.170,0.98093,0.98105,1.00,1.00
2016.07.12 08:14:32.851,0.98093,0.98105,1.00,1.37
2016.07.12 08:14:37.418,0.98092,0.98104,1.12,1.12
2016.07.12 08:14:38.043,0.98093,0.98104,1.00,1.12
2016.07.12 08:14:39.219,0.98092,0.98104,1.12,1.12
2016.07.12 08:14:39.458,0.98091,0.98103,1.12,1.50
2016.07.12 08:14:39.968,0.9809,0.98102,1.00,1.50
2016.07.12 08:14:41.828,0.98089,0.98101,1.12,1.50
2016.07.12 08:14:42.141,0.98084,0.98097,1.12,1.50
2016.07.12 08:14:42.650,0.98084,0.98096,1.00,1.87
2016.07.12 08:14:42.964,0.98084,0.98095,1.00,1.37
2016.07.12 08:14:43.473,0.98083,0.98093,1.00,1.00
2016.07.12 08:14:44.161,0.98083,0.98094,1.00,1.12
2016.07.12 08:14:45.433,0.98082,0.98093,1.00,1.37
2016.07.12 08:14:45.942,0.98082,0.98094,1.00,1.50
2016.07.12 08:14:46.953,0.98083,0.98095,1.00,1.75
2016.07.12 08:14:47.157,0.98084,0.98096,1.12,1.37
2016.07.12 08:14:47.691,0.98084,0.98096,1.12,1.12
2016.07.12 08:14:48.200,0.98084,0.98096,1.00,1.50
2016.07.12 08:14:48.944,0.98083,0.98095,1.12,1.50
2016.07.12 08:14:49.097,0.98083,0.98093,1.50,1.00
2016.07.12 08:14:49.301,0.98082,0.98094,1.12,1.12
2016.07.12 08:14:54.665,0.98083,0.98094,1.00,1.12
2016.07.12 08:15:00.386,0.98084,0.98095,1.50,1.12
2016.07.12 08:15:00.894,0.98082,0.98096,1.75,1.50
2016.07.12 08:15:01.433,0.98084,0.98095,1.50,1.00
2016.07.12 08:15:01.925,0.98085,0.98097,1.12,1.12
2016.07.12 08:15:09.272,0.98084,0.98096,1.37,1.00
2016.07.12 08:15:09.810,0.98084,0.98095,1.12,1.00
2016.07.12 08:15:10.722,0.98084,0.98096,1.12,1.12
2016.07.12 08:15:10.977,0.98088,0.98098,1.00,1.12
2016.07.12 08:15:11.134,0.9809,0.98099,1.00,1.00
2016.07.12 08:15:11.646,0.98089,0.98099,1.12,1.00
2016.07.12 08:15:11.699,0.98089,0.98101,1.12,1.12
2016.07.12 08:15:12.210,0.9809,0.98101,1.00,1.12
2016.07.12 08:15:12.312,0.98088,0.98099,2.62,1.00
2016.07.12 08:15:12.516,0.98086,0.98098,2.25,1.12
2016.07.12 08:15:13.082,0.98086,0.98097,1.00,1.87
2016.07.12 08:15:13.338,0.98082,0.98096,2.06,1.12
2016.07.12 08:15:14.843,0.98085,0.98096,1.00,1.87
2016.07.12 08:15:15.348,0.98084,0.98096,1.12,2.25
2016.07.12 08:15:16.309,0.98083,0.98095,1.50,1.00
2016.07.12 08:15:17.132,0.98084,0.98096,1.12,1.12
2016.07.12 08:15:20.414,0.98085,0.98097,1.00,2.25
2016.07.12 08:15:20.917,0.98085,0.98097,1.12,1.12
2016.07.12 08:15:22.575,0.98085,0.98096,1.12,1.00
2016.07.12 08:15:23.654,0.98085,0.98095,1.12,1.00
2016.07.12 08:15:24.180,0.98083,0.98096,1.50,1.50
2016.07.12 08:15:26.259,0.98085,0.98097,1.00,2.25
2016.07.12 08:15:27.569,0.98085,0.98097,1.12,1.12
2016.07.12 08:15:28.180,0.98085,0.98096,1.12,1.00
2016.07.12 08:15:28.285,0.98083,0.98094,1.50,1.00
2016.07.12 08:15:28.387,0.98082,0.98094,1.12,1.87
2016.07.12 08:15:28.903,0.98082,0.98093,1.12,1.00
2016.07.12 08:15:30.669,0.98083,0.98095,1.12,2.25
2016.07.12 08:15:30.725,0.98085,0.98095,1.00,2.25
2016.07.12 08:15:30.981,0.98088,0.981,1.12,3.37
2016.07.12 08:15:31.389,0.98087,0.98098,1.87,1.00
2016.07.12 08:15:31.492,0.98088,0.981,1.12,1.87
2016.07.12 08:15:32.015,0.98088,0.98099,1.00,1.12
2016.07.12 08:15:32.525,0.98088,0.98098,1.00,3.04
2016.07.12 08:15:32.576,0.98085,0.98096,1.50,1.12
2016.07.12 08:15:32.737,0.98084,0.98095,1.50,1.00
2016.07.12 08:15:33.399,0.98085,0.98097,1.00,1.75
2016.07.12 08:15:33.501,0.98085,0.98097,1.91,1.75
2016.07.12 08:15:33.604,0.98089,0.98098,1.00,1.00
2016.07.12 08:15:33.656,0.98089,0.981,1.00,2.25
2016.07.12 08:15:34.168,0.98088,0.981,1.00,1.87
2016.07.12 08:15:34.964,0.98087,0.98099,1.00,2.62
2016.07.12 08:15:35.886,0.98088,0.98099,1.00,1.50
2016.07.12 08:15:36.872,0.98089,0.981,1.00,1.50
2016.07.12 08:15:36.975,0.98089,0.98101,1.50,2.62
2016.07.12 08:15:37.485,0.98089,0.98101,1.50,1.00
2016.07.12 08:15:37.991,0.98089,0.98101,1.12,1.12
2016.07.12 08:15:39.372,0.98088,0.981,1.50,1.00
2016.07.12 08:15:39.576,0.98087,0.98098,1.50,1.50
2016.07.12 08:15:39.627,0.98086,0.98098,1.12,1.87
2016.07.12 08:15:39.780,0.98084,0.98098,1.50,2.25
2016.07.12 08:15:40.085,0.98086,0.98098,1.00,2.25
2016.07.12 08:15:40.789,0.98089,0.98099,1.00,2.25
2016.07.12 08:15:40.893,0.98089,0.98099,1.00,1.12
2016.07.12 08:15:41.309,0.98087,0.98098,1.12,1.00
2016.07.12 08:15:46.225,0.98087,0.98099,1.12,1.12
2016.07.12 08:15:46.820,0.98088,0.981,1.00,1.50
2016.07.12 08:15:47.329,0.98089,0.98101,1.00,3.56
2016.07.12 08:15:48.416,0.98089,0.98101,1.00,2.81
2016.07.12 08:15:48.914,0.98086,0.98096,1.12,1.00
2016.07.12 08:15:48.966,0.98086,0.98092,1.00,1.50
2016.07.12 08:15:49.069,0.98085,0.98095,1.00,1.12
2016.07.12 08:15:49.577,0.98085,0.98096,1.00,1.50
2016.07.12 08:15:50.102,0.98084,0.98096,1.50,1.50
2016.07.12 08:15:52.739,0.98084,0.98096,1.50,1.50
2016.07.12 08:15:54.037,0.98085,0.98096,1.00,1.87
2016.07.12 08:15:54.908,0.98088,0.98096,1.00,1.50
2016.07.12 08:15:55.011,0.98086,0.98096,1.12,1.37
2016.07.12 08:15:56.054,0.98089,0.98097,1.00,1.50
2016.07.12 08:15:56.157,0.98089,0.98096,1.00,1.12
2016.07.12 08:15:56.259,0.98086,0.98097,1.12,1.37
2016.07.12 08:15:56.873,0.98086,0.98093,1.00,1.50
2016.07.12 08:15:56.986,0.98083,0.98093,1.50,1.50
2016.07.12 08:15:57.518,0.98083,0.98093,1.00,1.50
2016.07.12 08:15:58.049,0.98083,0.98092,1.00,1.50
2016.07.12 08:15:58.156,0.98083,0.98095,1.50,1.00
2016.07.12 08:15:58.713,0.98084,0.98096,1.12,1.12
2016.07.12 08:15:59.701,0.98086,0.98096,1.31,1.12
2016.07.12 08:15:59.905,0.98088,0.98099,1.00,1.31
2016.07.12 08:16:00.059,0.98089,0.98101,1.50,2.81
2016.07.12 08:16:00.582,0.9809,0.98102,1.12,1.31
2016.07.12 08:16:00.940,0.98087,0.98101,1.50,1.50
2016.07.12 08:16:01.467,0.98089,0.98101,1.12,1.12
2016.07.12 08:16:02.079,0.98088,0.981,1.50,2.25
2016.07.12 08:16:02.600,0.98088,0.98099,1.00,1.31
2016.07.12 08:16:06.452,0.98089,0.98101,1.00,3.19
2016.07.12 08:16:06.554,0.98089,0.98101,1.12,2.62
2016.07.12 08:16:12.566,0.98089,0.98101,1.12,2.06
2016.07.12 08:16:13.074,0.98088,0.981,1.12,2.44
2016.07.12 08:16:17.777,0.98088,0.981,1.50,1.87
2016.07.12 08:16:18.280,0.98088,0.981,1.12,2.62
2016.07.12 08:16:25.514,0.98087,0.98099,1.50,1.00
2016.07.12 08:16:27.209,0.98089,0.98101,1.00,2.44
2016.07.12 08:16:27.733,0.98089,0.98101,1.12,2.06
2016.07.12 08:16:28.250,0.98089,0.981,1.12,1.00
2016.07.12 08:16:28.961,0.98089,0.98099,1.12,1.00
2016.07.12 08:16:29.495,0.98089,0.981,1.12,1.00
2016.07.12 08:16:30.465,0.98089,0.98099,1.00,1.00
2016.07.12 08:16:30.822,0.98086,0.98098,1.50,1.25
2016.07.12 08:16:31.344,0.98086,0.98098,1.50,1.00
2016.07.12 08:16:35.290,0.98086,0.98098,1.87,1.00
2016.07.12 08:16:35.957,0.98086,0.98098,3.00,1.00
2016.07.12 08:16:36.465,0.98086,0.98098,2.25,1.00
2016.07.12 08:16:36.922,0.9809,0.98099,1.00,1.00
2016.07.12 08:16:37.073,0.9809,0.98101,1.00,1.12
2016.07.12 08:16:37.635,0.9809,0.98102,1.00,2.44
2016.07.12 08:16:38.174,0.9809,0.98103,1.50,2.06
2016.07.12 08:16:39.301,0.98089,0.981,1.87,1.00
2016.07.12 08:16:39.404,0.98089,0.981,1.12,1.12
2016.07.12 08:16:40.129,0.9809,0.98101,1.00,1.50
2016.07.12 08:16:40.181,0.9809,0.98099,1.00,1.00
2016.07.12 08:16:40.416,0.98087,0.98099,1.50,2.25
2016.07.12 08:16:42.181,0.98087,0.98099,1.50,1.87
2016.07.12 08:16:42.697,0.98086,0.98097,1.50,1.50
2016.07.12 08:16:43.609,0.98086,0.98096,1.12,1.00
2016.07.12 08:16:44.020,0.98088,0.98096,1.00,1.50
2016.07.12 08:16:44.122,0.98088,0.98098,1.00,2.25
2016.07.12 08:16:44.637,0.98089,0.98098,1.00,1.50
2016.07.12 08:16:44.841,0.98087,0.98098,1.50,1.50
2016.07.12 08:16:45.379,0.98087,0.98097,1.50,1.50
2016.07.12 08:16:45.894,0.98088,0.98097,1.00,1.50
2016.07.12 08:16:46.695,0.98088,0.98095,1.00,1.00
2016.07.12 08:16:47.204,0.98087,0.98095,1.00,1.50
2016.07.12 08:16:47.458,0.98085,0.98095,1.12,1.50
2016.07.12 08:16:48.117,0.98088,0.98095,1.00,1.87
2016.07.12 08:16:48.625,0.98087,0.98098,1.87,2.25
2016.07.12 08:16:49.135,0.98087,0.98098,1.12,2.25
2016.07.12 08:16:49.789,0.98087,0.98098,1.00,2.62
2016.07.12 08:16:50.361,0.98088,0.98098,1.12,1.87
2016.07.12 08:16:50.895,0.98089,0.98098,1.00,1.50
2016.07.12 08:16:51.412,0.98088,0.98098,1.12,1.50
2016.07.12 08:16:51.963,0.98088,0.98098,2.25,1.00
2016.07.12 08:16:52.393,0.98087,0.98098,1.12,1.50
2016.07.12 08:16:52.648,0.98085,0.98098,1.00,3.94
2016.07.12 08:16:52.955,0.98083,0.98094,1.50,1.50
2016.07.12 08:16:56.084,0.98083,0.98094,1.50,1.00
2016.07.12 08:16:56.593,0.98084,0.98094,1.50,1.50
2016.07.12 08:16:57.120,0.98084,0.98094,1.12,1.50
2016.07.12 08:16:58.148,0.98084,0.98094,1.37,1.50
2016.07.12 08:16:58.656,0.98084,0.98094,1.12,1.50
2016.07.12 08:17:00.467,0.98084,0.98094,1.50,1.50
2016.07.12 08:17:00.725,0.98085,0.98096,1.87,1.87
2016.07.12 08:17:01.248,0.98085,0.98096,1.00,1.87
2016.07.12 08:17:02.392,0.98086,0.98096,1.00,1.12
2016.07.12 08:17:02.444,0.98086,0.98093,1.12,1.00
2016.07.12 08:17:02.597,0.98084,0.98093,3.00,1.00
2016.07.12 08:17:02.648,0.98084,0.98096,1.50,1.12
2016.07.12 08:17:02.801,0.98086,0.98097,1.12,1.31
2016.07.12 08:17:03.303,0.98085,0.98096,1.00,1.87
2016.07.12 08:17:04.005,0.98085,0.98095,1.00,1.00
2016.07.12 08:17:04.352,0.98085,0.98097,1.12,1.69
2016.07.12 08:17:04.505,0.98084,0.98096,1.12,1.69
2016.07.12 08:17:05.043,0.98083,0.98095,1.12,1.69
2016.07.12 08:17:06.693,0.98082,0.98094,1.00,1.62
2016.07.12 08:17:07.313,0.98082,0.98094,1.12,1.69
2016.07.12 08:17:07.829,0.98082,0.98094,1.00,1.62
2016.07.12 08:17:08.339,0.98082,0.98094,1.12,1.31
2016.07.12 08:17:08.858,0.98081,0.98093,1.50,1.12
2016.07.12 08:17:12.306,0.98081,0.98092,1.87,1.00
2016.07.12 08:17:12.613,0.98074,0.98085,1.12,1.50
2016.07.12 08:17:13.339,0.98074,0.98086,1.37,1.50
2016.07.12 08:17:13.899,0.98078,0.98086,1.00,1.12
2016.07.12 08:17:14.215,0.98075,0.98087,1.00,1.87
2016.07.12 08:17:14.731,0.98074,0.98086,1.00,2.62
2016.07.12 08:17:18.109,0.98076,0.98087,1.00,1.00
2016.07.12 08:17:18.617,0.98076,0.98089,1.50,1.31
2016.07.12 08:17:19.528,0.98075,0.98084,1.87,1.00
2016.07.12 08:17:19.833,0.98067,0.98071,1.00,1.00
2016.07.12 08:17:19.884,0.98067,0.98071,1.00,1.00
2016.07.12 08:17:19.935,0.9806,0.98066,4.50,1.00
2016.07.12 08:17:20.038,0.98061,0.98065,1.00,1.00
2016.07.12 08:17:20.140,0.98057,0.98062,1.00,1.00
2016.07.12 08:17:20.303,0.98051,0.98062,4.50,1.00
2016.07.12 08:17:21.829,0.98053,0.98062,1.12,1.50
2016.07.12 08:17:23.153,0.98054,0.98066,1.00,2.44
2016.07.12 08:17:23.205,0.98056,0.98066,1.97,2.25
2016.07.12 08:17:23.256,0.9806,0.9807,1.00,3.56
2016.07.12 08:17:23.359,0.98061,0.9807,1.00,1.00
2016.07.12 08:17:23.817,0.98063,0.98073,1.00,1.24
2016.07.12 08:17:23.925,0.98063,0.98075,1.00,1.94
2016.07.12 08:17:24.027,0.98069,0.98077,1.35,2.06
2016.07.12 08:17:24.181,0.98067,0.98081,3.04,1.94
2016.07.12 08:17:24.234,0.98068,0.98083,1.50,6.55
2016.07.12 08:17:24.337,0.98071,0.98083,1.12,4.86
2016.07.12 08:17:24.439,0.98071,0.98083,1.87,3.74
2016.07.12 08:17:26.763,0.98073,0.98084,1.12,3.74
2016.07.12 08:17:27.273,0.98074,0.98085,1.12,3.92
2016.07.12 08:17:27.588,0.98072,0.9808,1.00,2.99
2016.07.12 08:17:27.742,0.98069,0.9808,1.50,3.74
2016.07.12 08:17:27.946,0.98071,0.98082,1.00,3.74
2016.07.12 08:17:28.049,0.98069,0.98081,1.50,2.06
2016.07.12 08:17:28.101,0.98069,0.98079,1.50,1.00
2016.07.12 08:17:28.254,0.98063,0.98078,1.50,1.31
2016.07.12 08:17:28.669,0.98063,0.98076,1.00,2.00
2016.07.12 08:17:29.178,0.9806,0.98075,1.75,1.37
2016.07.12 08:17:29.546,0.98064,0.98076,1.50,1.00
2016.07.12 08:17:29.852,0.98066,0.98078,1.12,1.12
2016.07.12 08:17:30.377,0.98067,0.98079,1.12,1.69
2016.07.12 08:17:31.461,0.98067,0.98078,1.12,1.00
2016.07.12 08:17:32.257,0.98067,0.98079,1.12,1.31
2016.07.12 08:17:35.688,0.98066,0.98077,1.37,1.00
2016.07.12 08:17:36.230,0.98067,0.98078,1.00,1.31
2016.07.12 08:17:36.740,0.98066,0.98078,1.00,1.69
2016.07.12 08:17:37.308,0.98066,0.98078,1.12,1.31
2016.07.12 08:17:40.156,0.98066,0.98078,3.00,1.31
2016.07.12 08:17:40.496,0.98069,0.98081,1.50,1.69
2016.07.12 08:17:42.073,0.98069,0.98079,1.00,1.30
2016.07.12 08:17:42.175,0.98066,0.98077,1.12,1.35
2016.07.12 08:17:42.687,0.98065,0.98077,1.00,2.81
2016.07.12 08:17:43.196,0.98064,0.98076,1.12,1.25
2016.07.12 08:17:43.722,0.98065,0.98077,1.12,1.31
2016.07.12 08:17:45.962,0.98065,0.98077,1.12,1.12
2016.07.12 08:17:46.484,0.98065,0.98078,1.50,2.06
2016.07.12 08:17:48.070,0.98067,0.98078,2.25,2.06
2016.07.12 08:17:48.121,0.98069,0.98078,1.00,1.31
2016.07.12 08:17:48.630,0.98069,0.98079,1.12,1.00
2016.07.12 08:17:50.262,0.98069,0.9808,1.12,1.69
2016.07.12 08:17:50.568,0.98068,0.9808,1.00,3.56
2016.07.12 08:17:52.816,0.98068,0.9808,1.00,3.19
2016.07.12 08:17:59.416,0.98067,0.9808,1.12,3.56
2016.07.12 08:18:00.144,0.98068,0.98079,1.00,1.25
2016.07.12 08:18:05.787,0.98069,0.9808,1.00,2.62
2016.07.12 08:18:05.889,0.98069,0.98081,1.12,1.31
2016.07.12 08:18:05.941,0.98071,0.98082,1.00,1.69
2016.07.12 08:18:06.451,0.98071,0.98082,1.00,1.31
2016.07.12 08:18:07.127,0.98068,0.98081,3.00,1.00
2016.07.12 08:18:07.229,0.98068,0.98081,1.12,2.44
2016.07.12 08:18:07.332,0.98066,0.98077,1.00,1.00
2016.07.12 08:18:07.638,0.98065,0.98077,1.00,1.94
2016.07.12 08:18:08.862,0.98063,0.98075,1.12,1.31
2016.07.12 08:18:08.964,0.98061,0.98073,2.25,1.00
2016.07.12 08:18:09.125,0.98061,0.98073,1.87,1.12
2016.07.12 08:18:09.634,0.98062,0.98074,1.00,1.69
2016.07.12 08:18:11.418,0.98064,0.98076,1.00,1.69
2016.07.12 08:18:11.469,0.98064,0.98076,1.00,1.69
2016.07.12 08:18:12.434,0.98064,0.98072,1.00,1.00
2016.07.12 08:18:12.496,0.98061,0.98071,1.50,1.00
2016.07.12 08:18:12.549,0.9806,0.98071,1.50,1.00
2016.07.12 08:18:13.057,0.98059,0.9807,1.00,1.87
2016.07.12 08:18:16.089,0.9806,0.98071,1.00,2.44
2016.07.12 08:18:17.855,0.9806,0.98069,1.00,2.10
2016.07.12 08:18:17.907,0.98057,0.98067,1.50,1.72
2016.07.12 08:18:17.958,0.98056,0.98067,1.25,1.87
2016.07.12 08:18:18.061,0.98054,0.98065,1.12,1.00
2016.07.12 08:18:18.372,0.98052,0.98063,1.12,1.00
2016.07.12 08:18:22.494,0.98052,0.98063,1.00,1.31
2016.07.12 08:18:25.408,0.98049,0.98059,1.50,1.00
2016.07.12 08:18:25.919,0.9805,0.98062,1.00,1.19
2016.07.12 08:18:26.477,0.9805,0.98063,1.12,1.69
2016.07.12 08:18:34.403,0.98049,0.98062,1.87,2.44
2016.07.12 08:18:35.834,0.98048,0.98061,1.12,2.06
2016.07.12 08:18:36.616,0.9805,0.98061,1.00,1.69
2016.07.12 08:18:37.157,0.9805,0.98061,1.12,1.25
2016.07.12 08:18:45.565,0.98051,0.98062,1.00,1.31
2016.07.12 08:18:53.354,0.98049,0.9806,1.87,1.00
2016.07.12 08:18:56.190,0.9805,0.98061,1.00,1.19
2016.07.12 08:19:02.335,0.9805,0.98058,1.00,1.00
2016.07.12 08:19:02.641,0.98047,0.98055,1.00,1.31
2016.07.12 08:19:04.074,0.98047,0.98057,1.00,1.69
2016.07.12 08:19:04.176,0.98048,0.98058,1.00,1.69
2016.07.12 08:19:04.928,0.98048,0.98058,1.00,2.06
2016.07.12 08:19:05.183,0.98046,0.98057,1.12,1.19
2016.07.12 08:19:06.174,0.98045,0.98057,1.00,1.56
2016.07.12 08:19:06.684,0.98044,0.98055,1.12,1.25
2016.07.12 08:19:07.399,0.98043,0.98054,1.87,1.00
2016.07.12 08:19:08.773,0.98043,0.98056,1.87,3.19
2016.07.12 08:19:08.976,0.98049,0.98056,1.00,2.44
2016.07.12 08:19:09.078,0.9805,0.9806,1.00,1.69
2016.07.12 08:19:09.129,0.9805,0.98061,1.00,2.44
2016.07.12 08:19:09.180,0.98048,0.98061,1.12,2.44
2016.07.12 08:19:09.791,0.98048,0.98059,1.00,1.31
2016.07.12 08:19:11.622,0.98048,0.98059,1.12,1.25
2016.07.12 08:19:11.876,0.9805,0.98061,1.00,1.69
2016.07.12 08:19:12.425,0.9805,0.98061,1.12,1.19
2016.07.12 08:19:30.617,0.98053,0.98064,1.12,1.69
2016.07.12 08:19:30.668,0.98053,0.98064,1.12,1.69
2016.07.12 08:19:30.770,0.98054,0.98065,1.00,1.69
2016.07.12 08:19:30.923,0.98056,0.98067,1.00,1.94
2016.07.12 08:19:31.441,0.98056,0.98067,1.00,1.31
2016.07.12 08:19:32.046,0.98057,0.98069,1.00,1.69
2016.07.12 08:19:34.838,0.98056,0.98067,1.00,1.25
2016.07.12 08:19:36.735,0.98056,0.98067,1.00,1.31
2016.07.12 08:19:37.192,0.98056,0.98067,1.00,1.31
2016.07.12 08:19:38.462,0.98058,0.98067,1.00,1.12
2016.07.12 08:19:38.786,0.98061,0.98072,1.00,2.44
2016.07.12 08:19:38.838,0.98061,0.98072,1.00,1.69
2016.07.12 08:19:39.348,0.98061,0.98072,1.00,1.19
2016.07.12 08:19:54.967,0.9806,0.98071,1.00,2.44
2016.07.12 08:19:57.707,0.9806,0.98071,1.00,3.19
2016.07.12 08:19:57.911,0.98058,0.98069,1.00,1.25
2016.07.12 08:19:58.877,0.98059,0.9807,1.00,1.69
2016.07.12 08:19:59.030,0.9806,0.98071,1.12,1.25
2016.07.12 08:20:00.029,0.9806,0.98071,1.00,2.44
2016.07.12 08:20:02.896,0.9806,0.98071,1.00,1.00
2016.07.12 08:20:03.420,0.9806,0.98071,1.50,1.00
2016.07.12 08:20:03.958,0.98061,0.98072,1.12,1.25
2016.07.12 08:20:07.792,0.98064,0.98076,1.00,4.69
2016.07.12 08:20:08.301,0.98063,0.98074,1.00,1.25
2016.07.12 08:20:09.210,0.98062,0.98075,1.87,1.69
2016.07.12 08:20:09.634,0.98064,0.98075,1.00,1.31
2016.07.12 08:20:10.143,0.98065,0.98076,1.12,1.19
2016.07.12 08:20:10.652,0.98065,0.98076,1.12,1.00
2016.07.12 08:20:11.907,0.98065,0.98076,1.12,1.19
2016.07.12 08:20:12.162,0.98062,0.98073,1.12,1.25
2016.07.12 08:20:14.532,0.98059,0.9807,3.00,1.00
2016.07.12 08:20:14.787,0.98056,0.98067,1.50,2.44
2016.07.12 08:20:14.889,0.98057,0.98065,1.00,1.25
2016.07.12 08:20:15.401,0.98059,0.98065,1.00,1.00
2016.07.12 08:20:15.453,0.98059,0.98068,1.00,1.00
2016.07.12 08:20:15.505,0.98057,0.98071,1.00,3.94
2016.07.12 08:20:15.608,0.98057,0.98071,2.62,3.19
2016.07.12 08:20:15.710,0.98057,0.98071,2.25,2.81
2016.07.12 08:20:16.228,0.98055,0.98071,3.37,3.19
2016.07.12 08:20:17.542,0.98057,0.98071,3.00,3.19
2016.07.12 08:20:17.645,0.9806,0.98071,1.00,2.81
2016.07.12 08:20:18.011,0.98058,0.9807,1.00,1.31
2016.07.12 08:20:18.215,0.9806,0.98071,1.00,3.19
2016.07.12 08:20:18.925,0.98061,0.98071,1.00,2.06
2016.07.12 08:20:20.016,0.9806,0.98071,1.87,1.69
2016.07.12 08:20:20.554,0.9806,0.98071,1.12,1.50
2016.07.12 08:20:21.063,0.9806,0.98072,1.12,1.69
2016.07.12 08:20:22.208,0.9806,0.98073,2.25,1.19
2016.07.12 08:20:22.311,0.98061,0.98074,1.50,2.06
2016.07.12 08:20:22.363,0.98061,0.98074,1.50,2.06
2016.07.12 08:20:22.896,0.98061,0.98074,1.00,1.94
2016.07.12 08:20:31.641,0.9806,0.98071,1.12,1.00
2016.07.12 08:20:33.470,0.98062,0.98073,1.00,2.44
2016.07.12 08:20:34.156,0.9806,0.98071,1.12,1.12
2016.07.12 08:20:34.259,0.98059,0.9807,1.50,1.19
2016.07.12 08:20:34.596,0.98058,0.98064,1.00,1.25
2016.07.12 08:20:34.958,0.98057,0.98062,1.00,1.00
2016.07.12 08:20:35.009,0.98053,0.98062,1.00,1.00
2016.07.12 08:20:35.520,0.98052,0.98062,1.00,1.00
2016.07.12 08:20:35.803,0.98052,0.98062,1.00,1.19
2016.07.12 08:20:37.117,0.98052,0.98062,1.50,1.19
2016.07.12 08:20:37.659,0.98052,0.98062,1.00,1.19
2016.07.12 08:20:40.569,0.98051,0.98066,1.00,3.19
2016.07.12 08:20:40.621,0.98051,0.98066,2.62,1.31
2016.07.12 08:20:41.123,0.98056,0.98066,1.00,1.69
2016.07.12 08:20:41.333,0.9806,0.98071,1.00,2.06
2016.07.12 08:20:41.537,0.98058,0.98069,1.50,1.25
2016.07.12 08:20:42.074,0.98058,0.98069,1.12,1.25
2016.07.12 08:20:44.881,0.9806,0.98071,1.00,1.69
2016.07.12 08:20:44.933,0.9806,0.98071,1.12,1.00
2016.07.12 08:20:45.492,0.98059,0.98071,1.50,1.19
2016.07.12 08:20:46.037,0.98059,0.98071,1.12,1.31
2016.07.12 08:20:47.610,0.98059,0.9807,1.50,1.00
2016.07.12 08:20:48.139,0.98059,0.9807,1.75,1.00
2016.07.12 08:20:48.346,0.98059,0.9807,1.00,1.19
2016.07.12 08:20:48.453,0.98056,0.98067,1.50,1.00
2016.07.12 08:20:48.761,0.98052,0.98065,2.25,1.25
2016.07.12 08:20:48.865,0.98052,0.98064,1.50,1.00
2016.07.12 08:20:52.003,0.98052,0.98063,1.50,1.00
2016.07.12 08:20:52.553,0.98052,0.98063,1.12,1.00
2016.07.12 08:20:53.062,0.98051,0.98062,1.12,1.00
2016.07.12 08:20:53.265,0.98048,0.98061,1.50,1.31
2016.07.12 08:20:53.770,0.98048,0.98061,1.12,1.69
2016.07.12 08:20:54.362,0.9805,0.98061,1.00,1.12
2016.07.12 08:20:54.684,0.98052,0.98062,1.12,1.25
2016.07.12 08:20:55.091,0.98059,0.98063,1.00,1.00
2016.07.12 08:20:55.194,0.98057,0.98062,1.00,1.00
2016.07.12 08:20:55.449,0.98055,0.98065,1.00,1.25
2016.07.12 08:20:55.958,0.98054,0.98065,1.00,1.31
2016.07.12 08:20:58.117,0.98054,0.98065,1.00,1.69
2016.07.12 08:20:58.678,0.98051,0.98063,2.62,1.00
2016.07.12 08:20:59.187,0.98051,0.98063,1.50,1.00
2016.07.12 08:21:01.653,0.98051,0.98062,1.50,1.00
2016.07.12 08:21:01.755,0.98051,0.9806,1.50,1.19
2016.07.12 08:21:02.276,0.98051,0.9806,1.00,1.69
2016.07.12 08:21:03.908,0.9805,0.9806,1.00,1.69
2016.07.12 08:21:10.412,0.98051,0.9806,1.00,1.69
2016.07.12 08:21:14.409,0.98052,0.9806,1.00,1.00
2016.07.12 08:21:14.460,0.98052,0.98063,1.00,1.62
2016.07.12 08:21:15.066,0.98052,0.98063,1.00,1.31
2016.07.12 08:21:20.934,0.98053,0.98064,1.00,2.44
2016.07.12 08:21:21.443,0.98054,0.98065,1.00,1.31
2016.07.12 08:21:21.958,0.98053,0.98065,1.12,1.31
2016.07.12 08:21:22.146,0.98055,0.98066,1.00,1.69
2016.07.12 08:21:22.680,0.98052,0.98065,2.25,1.25
2016.07.12 08:21:25.754,0.98053,0.98065,1.50,1.19
2016.07.12 08:21:25.958,0.98052,0.98064,1.12,1.31
2016.07.12 08:21:26.657,0.98053,0.98065,1.00,1.69
2016.07.12 08:21:27.158,0.98052,0.98064,1.12,1.31
2016.07.12 08:21:27.668,0.98053,0.98065,1.12,1.31
2016.07.12 08:21:30.013,0.98053,0.98065,1.50,1.31
2016.07.12 08:21:30.562,0.98054,0.98065,1.12,1.25
2016.07.12 08:21:32.078,0.98058,0.98065,1.87,1.25
2016.07.12 08:21:32.232,0.9806,0.98069,1.00,1.00
2016.07.12 08:21:33.822,0.9806,0.98072,1.12,2.81
2016.07.12 08:21:35.755,0.98061,0.98072,1.00,2.81
2016.07.12 08:21:38.040,0.98059,0.98071,1.50,1.19
2016.07.12 08:21:38.406,0.98055,0.98066,1.79,1.25
2016.07.12 08:21:38.460,0.98055,0.98066,1.12,1.25
2016.07.12 08:21:38.868,0.98051,0.98064,2.62,1.00
2016.07.12 08:21:40.354,0.98054,0.98066,1.00,1.19
2016.07.12 08:21:40.860,0.98053,0.98066,1.87,1.31
2016.07.12 08:21:42.956,0.98053,0.98065,1.12,1.31
2016.07.12 08:21:43.501,0.98052,0.98064,1.87,1.25
2016.07.12 08:21:50.518,0.98053,0.98065,1.87,1.19
2016.07.12 08:21:54.085,0.98053,0.98065,1.00,1.69
2016.07.12 08:21:57.688,0.98051,0.98063,4.12,1.00
2016.07.12 08:21:57.995,0.98048,0.9806,1.12,1.12
2016.07.12 08:22:01.115,0.98048,0.98057,1.87,1.00
2016.07.12 08:22:01.445,0.98048,0.98055,1.00,1.69
2016.07.12 08:22:02.005,0.98045,0.98055,1.00,1.25
2016.07.12 08:22:02.522,0.98043,0.98055,1.50,1.25
2016.07.12 08:22:02.929,0.98042,0.98054,3.00,1.19
2016.07.12 08:22:03.032,0.98042,0.98054,2.62,1.31
2016.07.12 08:22:03.911,0.98045,0.98056,1.00,1.94
2016.07.12 08:22:04.429,0.98043,0.98055,1.50,1.25
2016.07.12 08:22:04.939,0.98044,0.98056,1.50,1.19
2016.07.12 08:22:06.993,0.98048,0.98056,1.00,1.19
2016.07.12 08:22:07.095,0.98048,0.98057,2.85,1.87
2016.07.12 08:22:07.503,0.98049,0.98059,1.87,1.69
2016.07.12 08:22:07.639,0.9805,0.98061,1.00,1.12
2016.07.12 08:22:08.151,0.9805,0.98062,1.50,2.44
2016.07.12 08:22:09.118,0.98051,0.98062,1.00,2.44
2016.07.12 08:22:10.544,0.98052,0.98062,1.00,1.69
2016.07.12 08:22:11.081,0.9805,0.98064,3.00,2.44
2016.07.12 08:22:11.847,0.9805,0.98063,2.62,1.69
2016.07.12 08:22:12.372,0.98052,0.98063,1.87,1.69
2016.07.12 08:22:12.526,0.98054,0.98063,1.00,1.00
2016.07.12 08:22:12.628,0.98054,0.98069,1.75,3.19
2016.07.12 08:22:13.222,0.9806,0.98071,1.00,1.56
2016.07.12 08:22:13.376,0.9806,0.98072,1.12,1.31
2016.07.12 08:22:13.579,0.9806,0.98072,1.50,1.19
2016.07.12 08:22:14.138,0.98059,0.9807,1.00,1.25
2016.07.12 08:22:14.650,0.98059,0.98071,1.50,1.19
2016.07.12 08:22:15.058,0.9806,0.98074,1.50,1.94
2016.07.12 08:22:15.160,0.98061,0.98074,1.50,1.31
2016.07.12 08:22:15.670,0.98063,0.98074,1.12,1.19
2016.07.12 08:22:18.004,0.98061,0.98072,1.12,1.00
2016.07.12 08:22:18.210,0.98061,0.98072,1.12,1.31
2016.07.12 08:22:18.262,0.98058,0.98071,1.50,1.31
2016.07.12 08:22:18.569,0.98059,0.98071,2.25,1.19
2016.07.12 08:22:18.673,0.9806,0.98072,1.37,1.25
2016.07.12 08:22:27.159,0.98059,0.98071,1.87,1.00
2016.07.12 08:22:28.354,0.9806,0.98072,1.50,1.25
2016.07.12 08:22:29.574,0.9806,0.98072,1.50,1.31
2016.07.12 08:22:32.606,0.98061,0.98073,1.12,1.31
2016.07.12 08:22:35.693,0.98061,0.98072,1.50,1.00
2016.07.12 08:22:36.487,0.98061,0.98073,1.12,1.31
2016.07.12 08:22:36.997,0.98061,0.98073,1.50,1.25
2016.07.12 08:22:37.199,0.98063,0.98075,1.37,1.31
2016.07.12 08:22:38.218,0.98063,0.98075,1.50,1.00
2016.07.12 08:22:38.745,0.98064,0.98076,1.50,1.00
2016.07.12 08:22:40.703,0.98064,0.98076,1.50,1.12
2016.07.12 08:22:41.213,0.98063,0.98075,1.12,1.31
2016.07.12 08:22:43.614,0.98062,0.98073,1.00,1.25
2016.07.12 08:22:45.800,0.9806,0.98072,1.75,1.00
2016.07.12 08:22:46.311,0.9806,0.98072,1.50,1.00
2016.07.12 08:22:47.828,0.9806,0.98071,1.00,1.25
2016.07.12 08:22:52.782,0.98059,0.98071,1.12,1.31
2016.07.12 08:22:53.087,0.98057,0.98069,1.00,1.69
2016.07.12 08:22:53.697,0.9806,0.98071,1.00,2.44
2016.07.12 08:22:53.805,0.9806,0.98071,1.00,1.12
2016.07.12 08:22:54.315,0.98061,0.98072,1.12,1.25
2016.07.12 08:22:54.889,0.98061,0.98072,1.50,1.00
2016.07.12 08:22:55.397,0.98061,0.98073,1.50,1.00
2016.07.12 08:22:55.905,0.98063,0.98075,1.00,1.69
2016.07.12 08:22:55.957,0.98063,0.98075,1.37,1.12
2016.07.12 08:22:56.318,0.98064,0.98078,1.50,4.12
2016.07.12 08:22:56.420,0.98063,0.98075,1.75,1.00
2016.07.12 08:22:56.928,0.98063,0.98075,1.50,1.00
2016.07.12 08:22:57.752,0.98064,0.98076,1.12,1.12
2016.07.12 08:22:58.268,0.98061,0.98075,1.75,1.87
2016.07.12 08:22:58.573,0.98061,0.98073,1.12,1.12
2016.07.12 08:23:00.007,0.98062,0.98073,1.00,1.12
2016.07.12 08:23:00.509,0.98062,0.98074,1.12,1.12
2016.07.12 08:23:01.732,0.98063,0.98075,1.00,1.69
2016.07.12 08:23:02.531,0.9806,0.98075,3.37,1.69
2016.07.12 08:23:03.210,0.98061,0.98075,1.50,1.12
2016.07.12 08:23:03.753,0.9806,0.98075,2.62,1.12
2016.07.12 08:23:04.832,0.9806,0.98075,2.25,2.44
2016.07.12 08:23:05.373,0.98061,0.98073,1.50,1.50
2016.07.12 08:23:05.883,0.9806,0.98072,1.50,1.00
2016.07.12 08:23:06.973,0.9806,0.98068,1.50,1.00
2016.07.12 08:23:07.182,0.98058,0.98066,1.00,1.00
2016.07.12 08:23:07.234,0.98053,0.98064,3.37,1.00
2016.07.12 08:23:07.336,0.98053,0.98064,1.50,1.00
2016.07.12 08:23:07.847,0.98053,0.98065,1.50,1.00
2016.07.12 08:23:08.032,0.98053,0.98063,1.00,1.00
2016.07.12 08:23:09.558,0.9805,0.98062,2.25,1.00
2016.07.12 08:23:10.087,0.98052,0.98063,1.12,1.00
2016.07.12 08:23:10.954,0.98051,0.98063,1.12,1.31
2016.07.12 08:23:11.301,0.98048,0.98059,2.25,1.87
2016.07.12 08:23:11.616,0.98046,0.98057,1.12,1.50
2016.07.12 08:23:12.131,0.98044,0.98057,1.50,1.12
2016.07.12 08:23:13.166,0.98045,0.98056,1.12,1.00
2016.07.12 08:23:13.573,0.98043,0.98054,1.50,1.00
2016.07.12 08:23:15.657,0.98042,0.98054,1.75,1.00
2016.07.12 08:23:16.166,0.98042,0.98054,1.50,1.00
2016.07.12 08:23:17.087,0.98042,0.98055,1.50,1.87
2016.07.12 08:23:18.834,0.98042,0.98054,1.50,1.00
2016.07.12 08:23:19.192,0.98039,0.98052,6.00,1.00
2016.07.12 08:23:19.398,0.98038,0.98049,1.12,1.00
2016.07.12 08:23:19.450,0.9804,0.98051,1.00,1.69
2016.07.12 08:23:19.652,0.98041,0.98053,1.12,1.12
2016.07.12 08:23:19.806,0.98041,0.98054,1.75,1.00
2016.07.12 08:23:20.568,0.98048,0.98055,1.00,1.12
2016.07.12 08:23:20.696,0.98049,0.98059,1.50,1.12
2016.07.12 08:23:21.207,0.98049,0.9806,1.50,1.00
2016.07.12 08:23:25.553,0.98048,0.9806,1.75,1.87
2016.07.12 08:23:26.061,0.98048,0.98059,1.50,1.12
2016.07.12 08:23:26.394,0.98048,0.98059,1.50,1.31
2016.07.12 08:23:26.587,0.98043,0.98053,1.00,1.31
2016.07.12 08:23:27.198,0.98042,0.98053,1.00,1.12
2016.07.12 08:23:27.714,0.98041,0.98052,1.00,1.12
2016.07.12 08:23:28.021,0.9804,0.98049,1.87,1.00
2016.07.12 08:23:28.124,0.98037,0.98048,1.50,1.25
2016.07.12 08:23:28.278,0.98036,0.98047,1.12,1.00
2016.07.12 08:23:28.460,0.98037,0.98048,1.50,2.25
2016.07.12 08:23:28.613,0.98039,0.9805,2.47,1.00
2016.07.12 08:23:28.719,0.98041,0.98053,1.00,3.37
2016.07.12 08:23:29.127,0.98041,0.98054,1.50,1.87
2016.07.12 08:23:31.507,0.98042,0.98056,1.37,2.44
2016.07.12 08:23:32.024,0.98041,0.98054,1.87,1.12
2016.07.12 08:23:35.203,0.98041,0.98053,1.50,1.00
2016.07.12 08:23:36.221,0.98041,0.98053,1.12,1.12
2016.07.12 08:23:43.001,0.98041,0.98052,1.12,1.00
2016.07.12 08:23:43.521,0.98041,0.98053,1.50,1.12
2016.07.12 08:23:45.793,0.98042,0.98053,1.00,1.12
2016.07.12 08:23:51.923,0.98042,0.98054,1.12,1.12
2016.07.12 08:23:52.447,0.98042,0.98054,1.50,1.00
2016.07.12 08:23:55.761,0.98044,0.98055,1.00,1.31
2016.07.12 08:23:56.473,0.98046,0.98055,1.12,1.31
2016.07.12 08:23:56.582,0.98048,0.98059,1.35,1.12
2016.07.12 08:23:56.742,0.98048,0.98061,1.72,1.31
2016.07.12 08:23:57.151,0.98048,0.98059,1.72,1.00
2016.07.12 08:23:57.254,0.98046,0.98059,3.00,1.50
2016.07.12 08:23:57.560,0.98048,0.98059,1.00,1.69
2016.07.12 08:23:57.662,0.98049,0.9806,1.12,1.12
2016.07.12 08:23:58.161,0.98047,0.9806,1.00,1.69
2016.07.12 08:23:58.670,0.98047,0.98059,1.00,1.00
2016.07.12 08:24:01.083,0.98046,0.98056,1.00,1.00
2016.07.12 08:24:01.377,0.98044,0.98055,1.00,1.00
2016.07.12 08:24:02.541,0.98044,0.98054,1.00,1.00
2016.07.12 08:24:03.051,0.98043,0.98054,1.50,1.00
2016.07.12 08:24:03.567,0.98042,0.98053,1.12,1.00
2016.07.12 08:24:09.968,0.98041,0.98052,1.50,1.00
2016.07.12 08:24:10.476,0.98041,0.98052,1.12,1.00
2016.07.12 08:24:14.677,0.98039,0.9805,1.37,1.00
2016.07.12 08:24:14.932,0.98038,0.98049,1.12,1.00
2016.07.12 08:24:19.897,0.98039,0.9805,1.35,2.25
2016.07.12 08:24:20.254,0.98038,0.98047,1.50,1.00
2016.07.12 08:24:24.613,0.98038,0.98047,1.12,1.50
2016.07.12 08:24:27.517,0.98039,0.98047,1.35,1.00
2016.07.12 08:24:28.025,0.98038,0.98047,1.12,1.50
2016.07.12 08:24:29.049,0.98039,0.98047,1.00,1.00
2016.07.12 08:24:29.152,0.9804,0.98049,1.00,1.50
2016.07.12 08:24:30.182,0.9804,0.98048,1.00,1.00
2016.07.12 08:24:31.071,0.98042,0.98052,1.00,1.00
2016.07.12 08:24:31.605,0.98042,0.98053,1.00,2.06
2016.07.12 08:24:32.159,0.98042,0.98052,1.00,1.00
2016.07.12 08:24:34.567,0.98041,0.98052,1.12,2.25
2016.07.12 08:24:34.669,0.9804,0.9805,1.00,1.50
2016.07.12 08:24:35.413,0.9804,0.98051,1.12,1.00
2016.07.12 08:24:35.975,0.98041,0.98052,1.00,2.81
2016.07.12 08:24:36.485,0.98042,0.98052,1.00,1.00
2016.07.12 08:24:36.994,0.98042,0.98053,1.00,2.81
2016.07.12 08:24:42.378,0.98043,0.98054,1.00,1.31
2016.07.12 08:24:42.896,0.98043,0.98054,1.00,1.12
2016.07.12 08:24:44.005,0.98045,0.98056,1.00,1.94
2016.07.12 08:24:44.260,0.98048,0.98058,1.00,3.00
2016.07.12 08:24:44.768,0.98047,0.98058,1.12,1.50
2016.07.12 08:24:47.455,0.98049,0.9806,1.12,1.00
2016.07.12 08:24:47.965,0.98048,0.98059,1.00,1.25
2016.07.12 08:24:48.474,0.98047,0.98058,1.00,1.00
2016.07.12 08:24:49.290,0.98049,0.9806,1.00,1.31
2016.07.12 08:24:49.820,0.98049,0.9806,1.00,1.12
2016.07.12 08:24:50.799,0.98047,0.98058,1.00,1.31
2016.07.12 08:24:51.321,0.98048,0.98059,1.00,1.69
2016.07.12 08:24:51.787,0.98046,0.98057,1.00,2.25
2016.07.12 08:24:51.990,0.98042,0.98053,1.00,1.12
2016.07.12 08:24:52.307,0.98043,0.98056,3.28,2.62
2016.07.12 08:24:52.359,0.98044,0.98056,3.71,1.12
2016.07.12 08:24:52.669,0.98052,0.98058,1.00,1.00
2016.07.12 08:24:52.721,0.98052,0.98062,1.00,1.00
2016.07.12 08:24:53.126,0.98053,0.98064,1.00,1.31
2016.07.12 08:24:55.618,0.98053,0.98062,1.00,1.50
2016.07.12 08:24:55.874,0.98047,0.98058,1.50,1.50
2016.07.12 08:24:56.129,0.98045,0.98058,2.25,1.37
2016.07.12 08:24:56.333,0.98045,0.98056,1.00,1.62
2016.07.12 08:24:56.906,0.98045,0.98056,1.12,1.25
2016.07.12 08:24:58.711,0.98045,0.98053,1.00,1.25
2016.07.12 08:24:59.012,0.98039,0.98055,6.00,3.19
2016.07.12 08:24:59.116,0.98042,0.98053,1.00,1.69
2016.07.12 08:25:00.131,0.98044,0.98053,1.37,1.00
2016.07.12 08:25:00.233,0.98046,0.98057,1.00,3.00
2016.07.12 08:25:00.336,0.98048,0.98059,1.12,1.37
2016.07.12 08:25:00.540,0.9805,0.98061,1.00,1.12
2016.07.12 08:25:01.832,0.98049,0.9806,1.50,1.00
2016.07.12 08:25:02.911,0.98047,0.98058,1.00,1.12
2016.07.12 08:25:03.217,0.98045,0.98056,1.00,1.31
2016.07.12 08:25:03.748,0.98046,0.98057,1.12,1.12
2016.07.12 08:25:06.526,0.98047,0.98058,1.12,1.31
2016.07.12 08:25:10.214,0.98049,0.9806,1.00,1.94
2016.07.12 08:25:10.316,0.98049,0.9806,1.12,1.00
2016.07.12 08:25:10.419,0.98051,0.98062,1.00,1.31
2016.07.12 08:25:10.965,0.9805,0.98061,1.12,1.25
2016.07.12 08:25:11.475,0.98051,0.98062,1.00,1.31
2016.07.12 08:25:12.013,0.98051,0.98062,1.00,1.12
2016.07.12 08:25:13.628,0.98054,0.98062,1.00,1.12
2016.07.12 08:25:14.021,0.98052,0.98063,1.00,1.12
2016.07.12 08:25:16.189,0.98054,0.98064,1.37,1.50
2016.07.12 08:25:16.366,0.98056,0.98067,1.37,1.37
2016.07.12 08:25:16.470,0.98056,0.98069,1.00,1.56
2016.07.12 08:25:16.835,0.98055,0.98066,1.50,1.25
2016.07.12 08:25:17.039,0.98053,0.98064,1.12,1.25
2016.07.12 08:25:17.557,0.98052,0.98063,1.00,1.12
2016.07.12 08:25:21.455,0.98052,0.98064,1.12,1.25
2016.07.12 08:25:21.558,0.98052,0.98065,1.50,1.12
2016.07.12 08:25:21.873,0.98052,0.98064,1.12,1.12
2016.07.12 08:25:22.417,0.98052,0.98063,1.12,1.00
2016.07.12 08:25:22.927,0.98053,0.98064,1.12,1.12
2016.07.12 08:25:23.467,0.98052,0.98063,1.50,1.00
2016.07.12 08:25:24.760,0.98053,0.98064,1.00,1.12
2016.07.12 08:25:26.380,0.98052,0.98063,1.00,1.12
2016.07.12 08:25:26.950,0.98051,0.98062,1.12,1.00
2016.07.12 08:25:30.489,0.9805,0.98061,1.87,1.00
2016.07.12 08:25:30.796,0.98048,0.98059,3.00,1.12
2016.07.12 08:25:31.155,0.98051,0.9806,1.00,1.00
2016.07.12 08:25:32.345,0.98051,0.98061,1.00,1.50
2016.07.12 08:25:34.151,0.98048,0.98059,1.75,1.00
2016.07.12 08:25:34.673,0.98049,0.9806,1.00,1.25
2016.07.12 08:25:37.259,0.98049,0.9806,1.87,2.25
2016.07.12 08:25:37.771,0.9805,0.98058,1.12,1.50
2016.07.12 08:25:38.301,0.98049,0.98058,1.12,1.00
2016.07.12 08:25:43.984,0.98049,0.98058,2.62,1.50
2016.07.12 08:25:44.675,0.98049,0.98059,2.62,1.00
2016.07.12 08:25:45.035,0.98049,0.98055,1.50,1.00
2016.07.12 08:25:45.189,0.98045,0.98055,1.50,1.00
2016.07.12 08:25:45.291,0.98045,0.98053,1.50,1.00
2016.07.12 08:25:45.394,0.98043,0.98051,1.00,1.00
2016.07.12 08:25:45.547,0.98041,0.98051,1.87,1.50
2016.07.12 08:25:46.076,0.98042,0.98051,1.00,1.50
2016.07.12 08:25:47.083,0.98042,0.9805,1.00,1.00
2016.07.12 08:25:47.820,0.9804,0.9805,1.91,1.50
2016.07.12 08:25:49.044,0.9804,0.98051,1.62,1.50
2016.07.12 08:25:50.196,0.9804,0.9805,1.69,1.00
2016.07.12 08:25:50.705,0.98039,0.98046,1.87,1.00
2016.07.12 08:25:50.854,0.98037,0.98046,1.75,1.00
2016.07.12 08:25:51.059,0.98035,0.98044,3.00,1.00
2016.07.12 08:25:51.112,0.98035,0.98044,1.87,1.50
2016.07.12 08:25:51.419,0.98034,0.98042,1.12,1.00
2016.07.12 08:25:51.931,0.98033,0.98042,1.00,1.00
2016.07.12 08:25:52.903,0.98033,0.98043,1.00,1.87
2016.07.12 08:25:54.548,0.98034,0.98045,1.00,3.19
2016.07.12 08:25:54.724,0.98036,0.98047,1.12,1.31
2016.07.12 08:25:55.521,0.98038,0.98047,1.00,1.31
2016.07.12 08:25:56.060,0.98039,0.98048,1.12,1.50
2016.07.12 08:25:57.383,0.98039,0.98047,1.12,1.00
2016.07.12 08:25:57.893,0.98039,0.9805,1.00,1.68
2016.07.12 08:25:59.043,0.9804,0.9805,1.00,1.24
2016.07.12 08:26:00.130,0.9804,0.98051,1.12,2.62
2016.07.12 08:26:00.540,0.98038,0.98049,1.12,1.12
2016.07.12 08:26:00.899,0.9804,0.98051,1.00,3.93
2016.07.12 08:26:01.408,0.9804,0.9805,1.00,2.62
2016.07.12 08:26:01.611,0.98037,0.9805,1.87,3.74
2016.07.12 08:26:02.118,0.98039,0.9805,1.12,3.37
2016.07.12 08:26:02.626,0.9804,0.98051,1.00,3.18
2016.07.12 08:26:14.774,0.9804,0.98051,1.12,2.24
2016.07.12 08:26:14.981,0.98042,0.98051,1.00,1.12
2016.07.12 08:26:15.669,0.98041,0.98052,1.12,1.37
2016.07.12 08:26:17.766,0.98037,0.98047,1.75,1.00
2016.07.12 08:26:17.869,0.98036,0.98047,1.50,1.00
2016.07.12 08:26:18.379,0.98036,0.98047,1.12,1.00
2016.07.12 08:26:22.076,0.98039,0.98048,1.00,1.50
2016.07.12 08:26:22.179,0.98039,0.9805,1.12,1.33
2016.07.12 08:26:22.282,0.98036,0.98048,1.50,1.00
2016.07.12 08:26:22.793,0.98036,0.98047,1.12,1.00
2016.07.12 08:26:23.309,0.98034,0.98045,1.87,1.00
2016.07.12 08:26:23.462,0.98033,0.98044,1.12,1.50
2016.07.12 08:26:26.512,0.98033,0.98045,1.00,1.31
2016.07.12 08:26:27.051,0.98033,0.98044,1.12,1.00
2016.07.12 08:26:29.986,0.98037,0.98044,1.12,1.00
2016.07.12 08:26:30.105,0.98037,0.98048,1.35,1.12
2016.07.12 08:26:30.615,0.98037,0.98048,1.50,1.00
2016.07.12 08:26:31.392,0.98039,0.9805,1.00,1.12
2016.07.12 08:26:31.914,0.9804,0.98051,1.12,1.08
2016.07.12 08:26:32.589,0.98044,0.98051,1.00,1.08
2016.07.12 08:26:32.793,0.98045,0.98053,1.00,1.08
2016.07.12 08:26:33.098,0.98041,0.98054,1.50,2.87
2016.07.12 08:26:33.605,0.9804,0.98051,1.12,1.08
2016.07.12 08:26:34.114,0.9804,0.98051,1.50,1.08
2016.07.12 08:26:34.217,0.98037,0.9805,2.62,1.00
2016.07.12 08:26:34.589,0.9804,0.98051,1.50,1.08
2016.07.12 08:26:35.706,0.98039,0.9805,1.75,1.00
2016.07.12 08:26:35.808,0.98039,0.9805,1.12,1.00
2016.07.12 08:26:36.321,0.98037,0.98047,1.00,1.00
2016.07.12 08:26:36.729,0.98035,0.98046,1.12,1.00
2016.07.12 08:26:44.653,0.98032,0.98044,1.37,1.00
2016.07.12 08:26:45.160,0.98032,0.98044,1.12,1.31
2016.07.12 08:26:57.794,0.98033,0.98044,1.37,1.31
2016.07.12 08:26:58.307,0.98034,0.98045,1.50,1.00
2016.07.12 08:26:58.826,0.98032,0.98044,1.87,1.00
2016.07.12 08:26:59.360,0.98031,0.98043,1.50,1.12
2016.07.12 08:26:59.895,0.98031,0.98043,1.12,1.12
2016.07.12 08:27:01.675,0.98032,0.98044,1.00,2.25
2016.07.12 08:27:04.067,0.98032,0.98044,1.50,1.50
2016.07.12 08:27:04.630,0.98032,0.98042,1.12,1.00
2016.07.12 08:27:05.140,0.98032,0.98044,1.00,1.31
2016.07.12 08:27:05.771,0.98032,0.98044,1.00,1.00
2016.07.12 08:27:06.290,0.98032,0.98044,1.50,1.00
2016.07.12 08:27:06.603,0.98031,0.98043,1.12,1.31
2016.07.12 08:27:07.084,0.98031,0.98043,1.75,1.25
2016.07.12 08:27:07.593,0.98032,0.98044,1.50,1.00
2016.07.12 08:27:08.619,0.98033,0.98045,1.12,1.31
2016.07.12 08:27:09.807,0.98032,0.98044,1.50,1.00
2016.07.12 08:27:12.277,0.98033,0.98045,2.10,1.31
2016.07.12 08:27:12.810,0.98032,0.98044,2.10,1.00
2016.07.12 08:27:13.730,0.98033,0.98044,1.37,1.00
2016.07.12 08:27:14.271,0.98033,0.98045,1.50,1.00
2016.07.12 08:27:14.952,0.98037,0.98045,3.41,1.00
2016.07.12 08:27:15.004,0.98039,0.98048,1.12,3.00
2016.07.12 08:27:15.099,0.98039,0.98048,2.62,1.00
2016.07.12 08:27:15.613,0.9804,0.98051,1.50,1.00
2016.07.12 08:27:21.734,0.98039,0.9805,1.12,1.00
2016.07.12 08:27:22.394,0.9804,0.98051,1.00,2.81
2016.07.12 08:27:23.214,0.98041,0.98051,1.00,1.25
2016.07.12 08:27:25.974,0.98041,0.98053,1.00,1.25
2016.07.12 08:27:26.482,0.98041,0.98052,1.50,1.00
2016.07.12 08:27:27.944,0.98041,0.98052,1.00,1.12
2016.07.12 08:27:30.370,0.98041,0.98051,1.00,1.00
2016.07.12 08:27:30.473,0.9804,0.9805,1.37,2.81
