2017.01.18 19:00:00.651,1.0042,1.00429,1.00,1.12
2017.01.18 19:00:02.011,1.00418,1.00428,1.50,1.50
2017.01.18 19:00:02.520,1.00418,1.00427,1.12,1.00
2017.01.18 19:00:04.142,1.00418,1.00428,1.12,1.87
2017.01.18 19:00:08.319,1.00419,1.00429,1.00,1.50
2017.01.18 19:00:08.775,1.0042,1.00429,1.50,1.00
2017.01.18 19:00:09.342,1.0042,1.0043,1.12,1.12
2017.01.18 19:00:11.514,1.00422,1.00431,1.00,2.62
2017.01.18 19:00:12.058,1.00421,1.00431,1.00,2.25
2017.01.18 19:00:12.566,1.0042,1.0043,1.12,1.12
2017.01.18 19:00:12.871,1.00419,1.00427,1.12,1.00
2017.01.18 19:00:13.418,1.00418,1.00426,1.00,1.00
2017.01.18 19:00:15.660,1.00417,1.00426,1.12,1.00
2017.01.18 19:00:17.984,1.00418,1.00427,1.00,1.12
2017.01.18 19:00:18.187,1.0042,1.0043,2.62,1.69
2017.01.18 19:00:18.999,1.0042,1.00429,1.12,1.00
2017.01.18 19:00:19.570,1.00418,1.0043,2.81,1.69
2017.01.18 19:00:29.988,1.00418,1.00428,1.69,1.00
2017.01.18 19:00:30.514,1.00418,1.00427,2.00,1.00
2017.01.18 19:00:30.842,1.00417,1.00424,1.94,1.00
2017.01.18 19:00:30.944,1.00417,1.00424,1.12,1.00
2017.01.18 19:00:31.449,1.00417,1.00425,1.00,1.00
2017.01.18 19:00:32.006,1.00416,1.00425,1.50,1.00
2017.01.18 19:00:32.940,1.00416,1.00427,1.50,2.44
2017.01.18 19:00:33.536,1.00416,1.00426,1.50,1.00
2017.01.18 19:00:34.053,1.00414,1.00424,1.94,1.00
2017.01.18 19:00:34.616,1.00414,1.00423,1.31,1.00
2017.01.18 19:00:36.065,1.00414,1.00424,1.31,1.87
2017.01.18 19:00:37.443,1.00416,1.00426,1.00,1.12
2017.01.18 19:00:37.784,1.00416,1.00427,2.44,1.00
2017.01.18 19:00:38.293,1.00416,1.00427,2.44,1.00
2017.01.18 19:00:38.942,1.00416,1.00428,2.44,1.50
2017.01.18 19:00:40.035,1.00418,1.00429,1.37,2.81
2017.01.18 19:00:41.013,1.0042,1.0043,1.00,2.06
2017.01.18 19:00:42.124,1.00419,1.00429,1.12,1.25
2017.01.18 19:00:43.945,1.00419,1.00428,1.12,1.00
2017.01.18 19:00:44.541,1.00418,1.00427,2.25,1.00
2017.01.18 19:00:48.455,1.00418,1.00428,1.50,1.50
2017.01.18 19:00:48.988,1.00417,1.00427,2.06,1.00
2017.01.18 19:00:49.040,1.00419,1.00429,1.12,1.31
2017.01.18 19:00:49.243,1.0042,1.00429,2.06,1.00
2017.01.18 19:00:49.852,1.0042,1.0043,2.06,1.00
2017.01.18 19:00:50.371,1.0042,1.00429,2.81,1.00
2017.01.18 19:00:50.881,1.00422,1.00432,1.31,1.00
2017.01.18 19:00:51.135,1.00427,1.00437,1.25,1.00
2017.01.18 19:00:51.461,1.00429,1.00437,1.00,1.00
2017.01.18 19:00:51.968,1.00429,1.00438,1.50,1.00
2017.01.18 19:00:53.061,1.00429,1.00439,1.50,3.94
2017.01.18 19:00:53.366,1.00431,1.00441,2.25,1.00
2017.01.18 19:00:54.746,1.00432,1.00442,1.50,1.12
2017.01.18 19:00:57.024,1.00431,1.00441,1.75,1.50
2017.01.18 19:00:57.177,1.00431,1.0044,1.50,1.00
2017.01.18 19:00:58.155,1.0043,1.00439,2.25,1.00
2017.01.18 19:01:00.492,1.0043,1.0044,1.50,1.00
2017.01.18 19:01:01.644,1.00429,1.00439,1.75,1.00
2017.01.18 19:01:01.747,1.00428,1.00438,1.69,1.50
2017.01.18 19:01:02.393,1.00428,1.00438,1.31,2.62
2017.01.18 19:01:04.178,1.00429,1.00438,1.50,1.87
2017.01.18 19:01:04.722,1.00429,1.0044,1.95,1.69
2017.01.18 19:01:07.794,1.00431,1.0044,1.00,1.00
2017.01.18 19:01:08.421,1.00431,1.00441,1.50,5.25
2017.01.18 19:01:08.628,1.00432,1.00441,1.31,3.00
2017.01.18 19:01:08.730,1.00435,1.00443,1.00,1.00
2017.01.18 19:01:08.882,1.00434,1.00445,2.44,1.88
2017.01.18 19:01:09.186,1.00435,1.00445,1.75,1.00
2017.01.18 19:01:09.798,1.00435,1.00446,2.25,1.25
2017.01.18 19:01:11.023,1.00434,1.00445,2.44,1.50
2017.01.18 19:01:11.125,1.00434,1.00445,1.69,1.87
2017.01.18 19:01:11.887,1.00437,1.00446,1.00,1.69
2017.01.18 19:01:12.393,1.00437,1.00448,1.20,2.44
2017.01.18 19:01:14.112,1.00438,1.00448,1.10,2.44
2017.01.18 19:01:14.416,1.00436,1.00447,1.50,3.94
2017.01.18 19:01:14.998,1.00435,1.00445,2.06,1.00
2017.01.18 19:01:15.548,1.00435,1.00445,2.44,1.00
2017.01.18 19:01:20.627,1.00436,1.00446,1.50,1.00
2017.01.18 19:01:21.407,1.00438,1.00448,1.00,2.63
2017.01.18 19:01:21.915,1.00436,1.00446,1.50,1.00
2017.01.18 19:01:24.767,1.00436,1.00445,2.25,1.50
2017.01.18 19:01:26.476,1.00436,1.00446,2.25,2.25
2017.01.18 19:01:26.844,1.00434,1.00444,1.69,1.50
2017.01.18 19:01:27.150,1.00435,1.00446,3.19,2.25
2017.01.18 19:01:30.013,1.00438,1.00446,1.00,1.00
2017.01.18 19:01:30.340,1.00442,1.00451,1.12,1.00
2017.01.18 19:01:30.881,1.00442,1.00451,1.50,1.00
2017.01.18 19:01:31.348,1.00442,1.00454,2.25,3.19
2017.01.18 19:01:33.388,1.00445,1.00455,1.00,3.00
2017.01.18 19:01:33.439,1.00445,1.00456,1.12,2.44
2017.01.18 19:01:33.541,1.00444,1.00456,2.44,1.69
2017.01.18 19:01:34.050,1.00444,1.00455,2.44,1.00
2017.01.18 19:01:34.361,1.00445,1.00453,1.50,1.00
2017.01.18 19:01:34.666,1.00444,1.00455,2.44,1.00
2017.01.18 19:01:36.611,1.00446,1.00456,1.12,2.06
2017.01.18 19:01:38.764,1.00446,1.00458,3.00,2.06
2017.01.18 19:01:44.162,1.00447,1.00457,2.44,1.00
2017.01.18 19:01:47.883,1.00445,1.00455,5.81,1.50
2017.01.18 19:01:48.088,1.00445,1.00455,1.31,1.12
2017.01.18 19:01:50.137,1.00444,1.00454,1.69,1.00
2017.01.18 19:01:54.457,1.00444,1.00452,2.44,1.00
2017.01.18 19:01:54.661,1.00441,1.00449,1.00,1.00
2017.01.18 19:01:55.117,1.00441,1.00451,1.00,2.81
2017.01.18 19:01:55.652,1.0044,1.0045,1.00,1.00
2017.01.18 19:01:56.390,1.0044,1.0045,1.37,1.00
2017.01.18 19:01:58.797,1.00441,1.00451,1.69,1.00
2017.01.18 19:02:00.270,1.00441,1.00451,1.69,1.00
2017.01.18 19:02:01.550,1.0044,1.00449,1.50,1.00
2017.01.18 19:02:02.194,1.00439,1.00449,2.44,1.87
2017.01.18 19:02:03.371,1.00442,1.00449,1.50,1.00
2017.01.18 19:02:03.574,1.00442,1.00452,2.00,1.00
2017.01.18 19:02:04.099,1.00442,1.00452,3.19,1.00
2017.01.18 19:02:04.603,1.00443,1.00453,1.12,1.12
2017.01.18 19:02:05.229,1.00445,1.00454,1.25,1.37
2017.01.18 19:02:05.561,1.00445,1.00455,2.06,2.62
2017.01.18 19:02:05.617,1.00445,1.00454,1.25,1.00
2017.01.18 19:02:06.680,1.00443,1.00453,1.87,1.00
2017.01.18 19:02:07.198,1.00443,1.00453,1.12,3.37
2017.01.18 19:02:08.508,1.00444,1.00454,1.00,2.06
2017.01.18 19:02:09.014,1.00443,1.00454,2.25,1.31
2017.01.18 19:02:10.386,1.00445,1.00455,1.12,1.87
2017.01.18 19:02:10.923,1.00446,1.00455,3.75,1.37
2017.01.18 19:02:10.974,1.00447,1.00457,1.87,3.19
2017.01.18 19:02:11.475,1.00448,1.00457,1.00,1.87
2017.01.18 19:02:12.874,1.00449,1.00458,1.00,1.50
2017.01.18 19:02:12.977,1.0045,1.00459,1.00,1.12
2017.01.18 19:02:13.499,1.00449,1.00459,1.75,1.12
2017.01.18 19:02:16.501,1.00449,1.00459,1.75,3.00
2017.01.18 19:02:18.542,1.00448,1.00457,1.75,1.37
2017.01.18 19:02:19.733,1.00447,1.00457,2.25,1.37
2017.01.18 19:02:21.439,1.00446,1.00456,1.50,1.12
2017.01.18 19:02:21.693,1.00445,1.00455,1.69,4.12
2017.01.18 19:02:22.172,1.00445,1.00451,1.69,1.00
2017.01.18 19:02:24.723,1.00443,1.0045,1.50,1.00
2017.01.18 19:02:24.952,1.00439,1.00449,1.31,6.37
2017.01.18 19:02:25.728,1.00438,1.00448,2.81,1.00
2017.01.18 19:02:26.613,1.0044,1.00449,1.00,5.62
2017.01.18 19:02:26.826,1.0044,1.00451,1.75,3.19
2017.01.18 19:02:26.928,1.0044,1.00451,1.12,4.69
2017.01.18 19:02:27.232,1.0044,1.00451,3.00,2.44
2017.01.18 19:02:27.588,1.00441,1.00449,2.25,1.00
2017.01.18 19:02:28.112,1.00441,1.00451,1.50,2.44
2017.01.18 19:02:28.632,1.00441,1.00451,1.12,2.06
2017.01.18 19:02:30.529,1.0044,1.0045,1.50,1.00
2017.01.18 19:02:31.049,1.0044,1.00449,1.50,2.25
2017.01.18 19:02:34.961,1.00437,1.00448,5.81,3.19
2017.01.18 19:02:35.012,1.00437,1.00444,2.25,4.50
2017.01.18 19:02:35.064,1.00435,1.00444,1.31,5.25
2017.01.18 19:02:35.115,1.00435,1.00441,1.31,1.00
2017.01.18 19:02:35.166,1.00434,1.00441,1.50,1.50
2017.01.18 19:02:36.026,1.00432,1.00441,2.06,1.00
2017.01.18 19:02:36.564,1.00432,1.00441,3.19,1.50
2017.01.18 19:02:40.117,1.00433,1.00443,1.50,3.00
2017.01.18 19:02:42.193,1.00435,1.00443,1.00,3.00
2017.01.18 19:02:42.296,1.00435,1.00445,1.50,3.75
2017.01.18 19:02:43.795,1.00436,1.00445,2.25,4.50
2017.01.18 19:02:49.532,1.00438,1.00445,1.00,4.50
2017.01.18 19:02:50.062,1.00437,1.00445,2.62,4.50
2017.01.18 19:02:50.606,1.00437,1.00444,2.62,1.50
2017.01.18 19:02:52.314,1.00437,1.00444,2.62,1.50
2017.01.18 19:02:54.219,1.00438,1.00444,1.62,1.50
2017.01.18 19:02:54.897,1.00439,1.00445,1.00,3.00
2017.01.18 19:02:55.222,1.00438,1.00444,1.87,1.50
2017.01.18 19:02:55.744,1.00438,1.00444,1.50,1.50
2017.01.18 19:03:00.241,1.00438,1.00445,1.50,3.00
2017.01.18 19:03:00.760,1.00438,1.00444,1.50,1.50
2017.01.18 19:03:01.120,1.00439,1.00444,1.37,1.50
2017.01.18 19:03:01.273,1.0044,1.00449,2.44,3.00
2017.01.18 19:03:01.375,1.00442,1.00451,1.37,2.25
2017.01.18 19:03:01.842,1.0044,1.00449,2.44,5.25
2017.01.18 19:03:02.702,1.0044,1.00449,1.75,4.50
2017.01.18 19:03:04.554,1.00442,1.00451,1.12,1.50
2017.01.18 19:03:05.107,1.00441,1.00449,1.50,2.25
2017.01.18 19:03:09.729,1.0044,1.00449,2.81,2.25
2017.01.18 19:03:09.831,1.00442,1.00451,2.25,1.50
2017.01.18 19:03:09.933,1.00442,1.00451,3.00,1.50
2017.01.18 19:03:11.362,1.00441,1.00449,1.75,2.25
2017.01.18 19:03:12.002,1.0044,1.00449,2.44,4.50
2017.01.18 19:03:17.055,1.00443,1.00451,1.87,1.00
2017.01.18 19:03:17.157,1.00442,1.00451,1.12,1.00
2017.01.18 19:03:17.675,1.00441,1.00451,2.44,1.00
2017.01.18 19:03:18.757,1.00441,1.00452,2.44,3.00
2017.01.18 19:03:19.332,1.00441,1.00451,2.44,1.00
2017.01.18 19:03:21.527,1.00441,1.00452,2.44,3.00
2017.01.18 19:03:21.834,1.00441,1.00445,1.12,2.25
2017.01.18 19:03:22.362,1.00438,1.00444,1.75,3.00
2017.01.18 19:03:33.558,1.00437,1.00441,1.50,1.00
2017.01.18 19:03:33.760,1.00436,1.00441,1.00,1.50
2017.01.18 19:03:35.458,1.00434,1.00441,1.75,1.50
2017.01.18 19:03:40.306,1.00436,1.00441,1.00,1.50
2017.01.18 19:03:54.073,1.00435,1.00439,1.00,1.50
2017.01.18 19:03:54.176,1.0043,1.00439,4.31,2.25
2017.01.18 19:03:54.691,1.0043,1.0044,3.19,1.00
2017.01.18 19:03:55.215,1.00431,1.00441,1.75,2.25
2017.01.18 19:03:56.393,1.00431,1.0044,1.75,1.00
2017.01.18 19:03:56.899,1.00431,1.00441,3.00,1.50
2017.01.18 19:03:57.353,1.00431,1.00439,2.25,1.00
2017.01.18 19:04:04.506,1.0043,1.00438,2.62,1.50
2017.01.18 19:04:04.917,1.0043,1.00434,1.00,3.00
2017.01.18 19:04:06.704,1.00427,1.00431,3.37,1.00
2017.01.18 19:04:06.756,1.00428,1.00433,1.50,3.00
2017.01.18 19:04:06.858,1.00424,1.00431,1.94,1.00
2017.01.18 19:04:07.375,1.00424,1.00431,1.94,1.50
2017.01.18 19:04:08.601,1.00423,1.00429,1.50,1.50
2017.01.18 19:04:08.653,1.00421,1.00429,1.75,1.50
2017.01.18 19:04:08.705,1.00421,1.00431,1.75,3.19
2017.01.18 19:04:08.757,1.00422,1.00429,1.00,1.50
2017.01.18 19:04:08.859,1.00422,1.00431,1.00,1.87
2017.01.18 19:04:08.962,1.00421,1.00431,2.44,1.50
2017.01.18 19:04:11.129,1.00421,1.0043,1.75,1.00
2017.01.18 19:04:11.282,1.0042,1.00429,1.87,3.00
2017.01.18 19:04:11.802,1.00421,1.00431,3.94,2.25
2017.01.18 19:04:11.904,1.00425,1.00431,1.00,1.50
2017.01.18 19:04:12.412,1.00422,1.00431,2.81,1.50
2017.01.18 19:04:15.200,1.00421,1.00429,2.81,1.50
2017.01.18 19:04:15.422,1.00421,1.00431,2.81,3.00
2017.01.18 19:04:15.473,1.00421,1.00431,2.81,2.62
2017.01.18 19:04:15.524,1.00421,1.00431,3.19,2.62
2017.01.18 19:04:16.032,1.00422,1.00431,3.75,1.50
2017.01.18 19:04:20.376,1.00423,1.00431,1.75,1.50
2017.01.18 19:04:22.297,1.00426,1.00431,1.00,1.50
2017.01.18 19:04:22.348,1.00428,1.00434,1.00,1.50
2017.01.18 19:04:22.855,1.00427,1.00434,1.75,3.00
2017.01.18 19:04:23.164,1.00426,1.0043,1.00,1.50
2017.01.18 19:04:23.215,1.00427,1.00431,1.00,3.04
2017.01.18 19:04:23.337,1.00425,1.00429,3.00,1.00
2017.01.18 19:04:23.389,1.0042,1.0043,1.75,1.25
2017.01.18 19:04:23.492,1.0042,1.0043,1.50,1.25
2017.01.18 19:04:24.062,1.0042,1.00429,1.50,3.00
2017.01.18 19:04:24.164,1.00418,1.00426,2.00,1.50
2017.01.18 19:04:24.418,1.00415,1.00424,1.75,4.50
2017.01.18 19:04:24.633,1.00415,1.00424,1.12,4.50
2017.01.18 19:04:25.818,1.00413,1.00422,1.75,3.00
2017.01.18 19:04:26.122,1.00412,1.00421,1.31,1.50
2017.01.18 19:04:30.173,1.00412,1.00422,1.31,1.12
2017.01.18 19:04:35.556,1.00411,1.0042,1.37,1.00
2017.01.18 19:04:36.308,1.0041,1.0042,2.25,1.00
2017.01.18 19:04:38.126,1.0041,1.00422,1.50,4.31
2017.01.18 19:04:43.046,1.0041,1.00422,1.87,4.69
2017.01.18 19:04:44.528,1.00413,1.00421,1.00,1.25
2017.01.18 19:04:44.833,1.00418,1.00423,2.25,1.00
2017.01.18 19:04:44.884,1.00418,1.00426,1.50,1.50
2017.01.18 19:04:46.313,1.00418,1.00424,1.00,2.25
2017.01.18 19:04:46.848,1.00416,1.00424,1.50,5.25
2017.01.18 19:04:48.931,1.00416,1.00426,1.50,1.50
2017.01.18 19:04:55.905,1.00415,1.00424,2.00,1.00
2017.01.18 19:04:56.057,1.00413,1.00424,3.56,2.25
2017.01.18 19:04:56.823,1.00415,1.00425,1.31,6.37
2017.01.18 19:04:57.324,1.00415,1.00424,2.06,2.25
2017.01.18 19:04:59.568,1.00415,1.00425,1.31,7.12
2017.01.18 19:05:00.118,1.00415,1.00424,1.31,2.25
2017.01.18 19:05:00.668,1.00415,1.00424,1.69,2.25
2017.01.18 19:05:02.684,1.00415,1.00425,1.69,6.00
2017.01.18 19:05:03.156,1.00413,1.00421,1.75,1.00
2017.01.18 19:05:03.308,1.00411,1.00421,1.69,1.50
2017.01.18 19:05:03.826,1.00411,1.00421,2.44,1.50
2017.01.18 19:05:09.904,1.0041,1.0042,1.50,1.00
2017.01.18 19:05:10.412,1.0041,1.00419,1.50,6.00
2017.01.18 19:05:20.391,1.00409,1.00419,1.69,6.00
2017.01.18 19:05:30.563,1.0041,1.0042,1.12,1.12
2017.01.18 19:05:31.122,1.0041,1.00421,1.50,2.44
2017.01.18 19:05:32.110,1.00412,1.00421,1.50,2.06
2017.01.18 19:05:32.314,1.0041,1.00417,2.62,2.25
2017.01.18 19:05:32.467,1.00409,1.00419,2.06,7.12
2017.01.18 19:05:33.204,1.00413,1.0042,1.00,1.37
2017.01.18 19:05:33.255,1.00413,1.00421,1.00,3.19
2017.01.18 19:05:33.766,1.00413,1.00421,1.87,1.69
2017.01.18 19:05:36.655,1.00415,1.00421,1.00,1.00
2017.01.18 19:05:36.758,1.00418,1.00425,1.50,1.00
2017.01.18 19:05:37.266,1.00417,1.00424,1.00,4.50
2017.01.18 19:05:38.650,1.00416,1.00424,1.12,4.50
2017.01.18 19:05:40.240,1.00415,1.00424,1.12,2.25
2017.01.18 19:05:40.756,1.00417,1.00424,1.00,2.25
2017.01.18 19:05:40.858,1.00416,1.00426,1.12,2.06
2017.01.18 19:05:46.347,1.00417,1.00426,1.00,2.81
2017.01.18 19:05:46.499,1.00417,1.00424,1.00,4.50
2017.01.18 19:05:47.015,1.00416,1.00424,1.87,5.25
2017.01.18 19:05:47.663,1.00417,1.00424,1.50,5.25
2017.01.18 19:05:47.971,1.00417,1.00424,1.75,5.25
2017.01.18 19:05:48.520,1.00417,1.00424,1.75,5.25
2017.01.18 19:05:50.866,1.00418,1.00424,1.00,5.25
2017.01.18 19:05:50.968,1.00415,1.00424,1.50,2.25
2017.01.18 19:05:51.576,1.00415,1.00426,2.25,3.19
2017.01.18 19:05:52.131,1.00417,1.00426,1.50,2.44
2017.01.18 19:05:52.638,1.00415,1.00424,2.25,5.25
2017.01.18 19:05:54.186,1.00413,1.00421,1.87,1.50
2017.01.18 19:05:54.339,1.00413,1.00421,1.87,1.50
2017.01.18 19:06:01.947,1.00411,1.00421,1.50,2.44
2017.01.18 19:06:02.048,1.00408,1.00419,2.62,2.44
2017.01.18 19:06:02.555,1.00408,1.0042,2.62,1.56
2017.01.18 19:06:02.850,1.00409,1.00417,1.12,2.25
2017.01.18 19:06:02.901,1.00409,1.00419,1.12,7.31
2017.01.18 19:06:03.579,1.0041,1.00419,1.00,6.56
2017.01.18 19:06:04.115,1.00411,1.00419,1.12,6.19
2017.01.18 19:06:05.046,1.00411,1.00419,2.25,3.75
2017.01.18 19:06:05.420,1.00408,1.00419,2.62,6.19
2017.01.18 19:06:05.471,1.00408,1.00417,1.75,2.25
2017.01.18 19:06:06.007,1.00408,1.00418,2.25,1.00
2017.01.18 19:06:06.544,1.00408,1.00419,2.25,7.31
2017.01.18 19:06:11.191,1.0041,1.00419,1.00,7.31
2017.01.18 19:06:15.530,1.00409,1.00417,1.50,6.00
2017.01.18 19:06:20.805,1.00409,1.00419,1.87,5.06
2017.01.18 19:06:29.711,1.0041,1.00419,1.00,5.06
2017.01.18 19:06:30.356,1.0041,1.00419,1.00,5.44
2017.01.18 19:06:32.439,1.00411,1.00419,1.50,6.75
2017.01.18 19:06:32.493,1.00413,1.00419,1.00,6.75
2017.01.18 19:06:32.594,1.00412,1.00421,1.50,3.19
2017.01.18 19:06:32.879,1.00409,1.00419,1.00,7.69
2017.01.18 19:06:33.395,1.0041,1.00419,1.00,7.69
2017.01.18 19:06:39.702,1.00409,1.00419,1.00,7.69
2017.01.18 19:06:39.855,1.00407,1.00417,1.87,6.94
2017.01.18 19:06:40.362,1.00407,1.00417,1.00,8.44
2017.01.18 19:06:40.903,1.00406,1.00416,1.00,1.69
2017.01.18 19:06:43.722,1.00405,1.00415,1.00,2.25
2017.01.18 19:06:51.227,1.00406,1.00416,1.00,2.00
2017.01.18 19:06:51.532,1.00409,1.00418,3.00,1.69
2017.01.18 19:06:52.044,1.00409,1.00419,1.00,7.69
2017.01.18 19:06:54.329,1.00407,1.00417,2.62,5.44
2017.01.18 19:06:54.431,1.00406,1.00417,2.25,6.94
2017.01.18 19:06:55.872,1.00408,1.00418,1.00,1.75
2017.01.18 19:06:56.024,1.00408,1.00418,1.00,1.00
2017.01.18 19:06:56.906,1.00409,1.00419,1.00,7.31
2017.01.18 19:07:10.259,1.00408,1.00418,1.00,1.00
2017.01.18 19:07:10.352,1.00406,1.00416,2.25,1.69
2017.01.18 19:07:10.657,1.00406,1.00416,1.00,2.44
2017.01.18 19:07:10.849,1.00407,1.00417,2.25,1.12
2017.01.18 19:07:11.360,1.00406,1.00419,3.75,9.19
2017.01.18 19:07:11.899,1.00407,1.00417,1.00,7.69
2017.01.18 19:07:14.980,1.00405,1.00413,2.25,1.00
2017.01.18 19:07:15.295,1.00401,1.00411,1.50,1.50
2017.01.18 19:07:15.802,1.00401,1.00411,1.00,2.25
2017.01.18 19:07:16.328,1.00402,1.00411,1.00,2.25
2017.01.18 19:07:16.834,1.00401,1.00411,2.25,1.50
2017.01.18 19:07:17.833,1.00401,1.00411,1.12,1.12
2017.01.18 19:07:17.885,1.004,1.00409,1.37,1.25
2017.01.18 19:07:17.988,1.00399,1.00409,2.25,1.31
2017.01.18 19:07:18.536,1.00399,1.00409,1.12,1.69
2017.01.18 19:07:20.262,1.00401,1.0041,1.00,1.94
2017.01.18 19:07:20.461,1.00402,1.00411,2.25,2.44
2017.01.18 19:07:21.164,1.00402,1.00411,2.25,2.06
2017.01.18 19:07:24.975,1.004,1.00411,2.62,2.81
2017.01.18 19:07:25.848,1.00402,1.00411,1.00,2.81
2017.01.18 19:07:26.355,1.00401,1.00411,1.87,2.81
2017.01.18 19:07:27.598,1.004,1.00411,1.87,3.19
2017.01.18 19:07:29.429,1.00401,1.00411,1.00,2.44
2017.01.18 19:07:29.935,1.00402,1.00411,1.12,1.69
2017.01.18 19:07:30.571,1.00401,1.00411,1.00,2.44
2017.01.18 19:07:38.832,1.00402,1.00411,2.25,2.25
2017.01.18 19:07:39.341,1.00403,1.00411,1.00,1.50
2017.01.18 19:07:41.176,1.00402,1.00411,1.87,1.50
2017.01.18 19:07:41.704,1.00401,1.00411,2.06,1.87
2017.01.18 19:07:51.626,1.004,1.0041,3.56,1.00
2017.01.18 19:07:52.151,1.004,1.0041,1.00,1.50
2017.01.18 19:07:57.113,1.00401,1.00411,1.00,3.19
2017.01.18 19:08:01.834,1.004,1.00411,1.25,3.00
2017.01.18 19:08:09.623,1.00401,1.00411,1.00,3.00
2017.01.18 19:08:09.725,1.00403,1.00411,1.00,1.87
2017.01.18 19:08:09.777,1.00403,1.00411,1.00,1.50
2017.01.18 19:08:11.197,1.00402,1.00411,1.50,1.50
2017.01.18 19:08:14.966,1.00401,1.00411,1.50,2.25
2017.01.18 19:08:15.168,1.004,1.00411,1.25,2.25
2017.01.18 19:08:17.409,1.004,1.00411,2.06,2.25
2017.01.18 19:08:19.886,1.00402,1.00411,1.00,2.25
2017.01.18 19:08:20.291,1.00401,1.00412,1.37,1.31
2017.01.18 19:08:20.855,1.00403,1.00411,1.00,1.12
2017.01.18 19:08:21.412,1.00401,1.00411,1.31,2.62
2017.01.18 19:08:21.615,1.00401,1.00411,1.25,2.25
2017.01.18 19:08:22.499,1.00401,1.00411,2.81,1.12
2017.01.18 19:08:23.344,1.00402,1.00411,1.00,1.12
2017.01.18 19:08:23.565,1.00404,1.00411,1.00,1.12
2017.01.18 19:08:24.297,1.00404,1.00414,1.50,7.50
2017.01.18 19:08:24.841,1.00404,1.00414,1.87,6.37
2017.01.18 19:08:27.599,1.00404,1.00411,1.12,1.00
2017.01.18 19:08:28.969,1.00403,1.00411,2.06,1.50
2017.01.18 19:08:29.136,1.00401,1.00411,1.00,2.25
2017.01.18 19:08:29.440,1.00401,1.00411,1.00,3.00
2017.01.18 19:08:31.653,1.004,1.00411,2.44,2.25
2017.01.18 19:08:34.938,1.00399,1.0041,1.12,1.69
2017.01.18 19:08:35.244,1.00397,1.00406,2.06,1.50
2017.01.18 19:08:35.947,1.00399,1.00406,1.00,1.50
2017.01.18 19:08:36.048,1.004,1.00408,1.00,1.00
2017.01.18 19:08:37.263,1.00401,1.00409,1.00,6.37
2017.01.18 19:08:37.921,1.00401,1.00409,3.00,6.00
2017.01.18 19:08:40.366,1.00399,1.00409,2.25,6.00
2017.01.18 19:08:40.519,1.00399,1.00409,1.87,6.37
2017.01.18 19:08:46.571,1.004,1.00409,1.00,4.12
2017.01.18 19:08:52.042,1.00399,1.00409,1.87,7.12
2017.01.18 19:08:52.246,1.00397,1.00408,2.44,1.37
2017.01.18 19:08:54.470,1.00399,1.00409,1.50,6.75
2017.01.18 19:08:54.623,1.004,1.00409,1.00,6.37
2017.01.18 19:08:55.186,1.00399,1.00409,1.12,6.37
2017.01.18 19:08:56.025,1.00401,1.00409,1.00,6.37
2017.01.18 19:08:57.590,1.00399,1.00406,1.75,1.00
2017.01.18 19:08:57.742,1.00397,1.00406,2.00,1.00
2017.01.18 19:08:58.259,1.00397,1.00407,1.69,1.50
2017.01.18 19:08:58.816,1.00397,1.00406,1.69,1.00
2017.01.18 19:09:00.267,1.00397,1.00406,1.69,1.00
2017.01.18 19:09:00.494,1.00401,1.00406,1.00,1.00
2017.01.18 19:09:00.611,1.00401,1.00409,1.50,6.37
2017.01.18 19:09:01.144,1.004,1.00409,1.12,6.00
2017.01.18 19:09:01.872,1.00399,1.00409,1.87,7.12
2017.01.18 19:09:04.235,1.004,1.00409,1.00,6.37
2017.01.18 19:09:05.341,1.00402,1.00409,1.00,6.37
2017.01.18 19:09:05.698,1.004,1.00409,1.12,4.12
2017.01.18 19:09:09.240,1.00399,1.00406,1.50,1.00
2017.01.18 19:09:09.342,1.00398,1.00406,2.06,1.00
2017.01.18 19:09:09.443,1.00398,1.00408,2.44,1.00
2017.01.18 19:09:10.158,1.004,1.00408,1.00,1.00
2017.01.18 19:09:10.797,1.00401,1.00409,1.00,6.37
2017.01.18 19:09:13.005,1.00399,1.00409,2.62,6.37
2017.01.18 19:09:13.107,1.00399,1.00406,1.12,1.00
2017.01.18 19:09:17.306,1.00399,1.00409,1.87,7.12
2017.01.18 19:09:20.318,1.00399,1.00409,1.00,7.12
2017.01.18 19:09:26.217,1.00398,1.00407,1.31,1.00
2017.01.18 19:09:26.319,1.00397,1.00405,1.00,5.25
2017.01.18 19:09:26.471,1.00394,1.00404,1.31,3.37
2017.01.18 19:09:27.083,1.00394,1.00404,1.69,2.62
2017.01.18 19:09:27.368,1.00396,1.00406,1.00,3.00
2017.01.18 19:09:27.592,1.00399,1.00408,1.00,1.75
2017.01.18 19:09:27.744,1.00399,1.00408,1.00,1.50
2017.01.18 19:09:30.587,1.00398,1.00408,1.12,1.12
2017.01.18 19:09:30.639,1.00398,1.00406,1.37,1.50
2017.01.18 19:09:31.058,1.00398,1.00408,1.87,1.87
2017.01.18 19:09:43.836,1.004,1.00409,1.00,4.69
2017.01.18 19:09:44.495,1.00401,1.00409,1.00,6.19
2017.01.18 19:09:47.633,1.004,1.00409,1.12,6.19
2017.01.18 19:09:47.735,1.00399,1.00407,1.37,1.00
2017.01.18 19:09:47.786,1.00398,1.00407,1.12,1.00
2017.01.18 19:09:48.293,1.00396,1.00406,2.25,2.81
2017.01.18 19:09:48.828,1.00397,1.00406,1.00,1.31
2017.01.18 19:09:51.145,1.00398,1.00408,1.00,2.62
2017.01.18 19:09:51.249,1.00399,1.00409,1.12,7.50
2017.01.18 19:09:52.362,1.00399,1.00409,1.00,6.37
2017.01.18 19:09:52.464,1.00397,1.00406,1.50,1.50
2017.01.18 19:09:52.971,1.00397,1.00406,1.00,1.87
2017.01.18 19:09:53.707,1.00396,1.00406,1.12,1.87
2017.01.18 19:09:54.641,1.00398,1.00408,1.00,1.87
2017.01.18 19:09:54.742,1.00398,1.00408,2.62,1.12
2017.01.18 19:09:55.275,1.00399,1.00409,1.00,7.69
2017.01.18 19:09:58.979,1.00399,1.00406,1.00,1.50
2017.01.18 19:09:59.408,1.00394,1.00406,1.87,4.50
2017.01.18 19:09:59.613,1.00394,1.00405,1.00,1.00
2017.01.18 19:10:01.834,1.00395,1.00405,1.00,1.50
2017.01.18 19:10:03.723,1.00397,1.00405,1.00,1.00
2017.01.18 19:10:04.021,1.00397,1.00408,3.37,1.69
2017.01.18 19:10:04.637,1.00397,1.00408,4.12,1.31
2017.01.18 19:10:04.891,1.00397,1.00406,1.50,1.69
2017.01.18 19:10:04.992,1.00394,1.00406,3.94,2.81
2017.01.18 19:10:05.094,1.00395,1.00406,1.00,1.69
2017.01.18 19:10:05.601,1.00394,1.00405,2.06,1.12
2017.01.18 19:10:08.277,1.00394,1.00402,2.06,2.25
2017.01.18 19:10:08.434,1.00391,1.00401,1.31,1.50
2017.01.18 19:10:08.687,1.0039,1.00401,1.87,3.19
2017.01.18 19:10:08.839,1.00392,1.00401,1.00,1.50
2017.01.18 19:10:09.406,1.00393,1.00401,1.00,2.25
2017.01.18 19:10:09.945,1.00392,1.00401,1.12,1.50
2017.01.18 19:10:10.252,1.00387,1.00396,1.37,1.50
2017.01.18 19:10:10.354,1.00386,1.00396,1.87,1.87
2017.01.18 19:10:10.763,1.00388,1.00396,1.00,1.12
2017.01.18 19:10:11.308,1.00389,1.00396,1.00,1.50
2017.01.18 19:10:11.965,1.0039,1.00396,1.00,1.50
2017.01.18 19:10:12.472,1.0039,1.00397,1.00,6.00
2017.01.18 19:10:13.038,1.00389,1.00397,1.87,6.00
2017.01.18 19:10:13.555,1.00388,1.00396,1.69,1.00
2017.01.18 19:10:13.961,1.00386,1.00396,1.50,2.62
2017.01.18 19:10:14.035,1.00388,1.00396,1.00,2.25
2017.01.18 19:10:14.556,1.00389,1.00396,1.00,1.50
2017.01.18 19:10:15.505,1.00388,1.00396,1.00,1.50
2017.01.18 19:10:17.513,1.00387,1.00396,1.12,1.50
2017.01.18 19:10:17.818,1.00389,1.00396,1.00,1.50
2017.01.18 19:10:31.851,1.0039,1.00396,1.00,1.50
2017.01.18 19:10:33.523,1.00389,1.00396,1.12,1.50
2017.01.18 19:10:33.827,1.00387,1.00394,1.00,6.00
2017.01.18 19:10:34.182,1.00387,1.00396,1.87,2.25
2017.01.18 19:10:35.658,1.00389,1.00396,1.00,1.50
2017.01.18 19:10:47.607,1.00389,1.00396,1.87,1.50
2017.01.18 19:10:50.342,1.00391,1.00396,1.50,1.50
2017.01.18 19:10:50.515,1.00393,1.00399,1.00,6.00
2017.01.18 19:10:50.718,1.00393,1.00397,1.00,3.75
2017.01.18 19:10:50.769,1.00391,1.00397,1.12,6.00
2017.01.18 19:10:52.077,1.00391,1.00396,1.00,1.00
2017.01.18 19:10:55.051,1.00389,1.00396,2.25,1.50
2017.01.18 19:10:55.568,1.00389,1.00396,1.87,1.50
2017.01.18 19:10:57.534,1.0039,1.00396,1.00,1.50
2017.01.18 19:10:57.790,1.00393,1.00397,1.00,6.00
2017.01.18 19:10:58.043,1.00393,1.00399,1.00,6.00
2017.01.18 19:11:03.593,1.00393,1.00398,1.00,2.25
2017.01.18 19:11:04.100,1.00391,1.00399,1.87,6.00
2017.01.18 19:11:06.367,1.00395,1.00399,1.00,2.25
2017.01.18 19:11:06.418,1.00395,1.00401,1.50,2.25
2017.01.18 19:11:06.572,1.00394,1.00404,1.87,4.50
2017.01.18 19:11:06.674,1.00394,1.00404,2.62,1.12
2017.01.18 19:11:07.181,1.00395,1.00404,1.50,1.12
2017.01.18 19:11:09.775,1.00395,1.00406,2.62,2.44
2017.01.18 19:11:11.301,1.00396,1.00406,1.00,1.69
2017.01.18 19:11:11.606,1.00398,1.00407,1.00,1.56
2017.01.18 19:11:12.652,1.00398,1.00403,1.00,1.00
2017.01.18 19:11:12.754,1.00394,1.00401,1.50,1.00
2017.01.18 19:11:13.269,1.00394,1.00402,1.00,2.06
2017.01.18 19:11:13.521,1.00396,1.00405,1.00,2.00
2017.01.18 19:11:13.686,1.00396,1.00405,1.37,1.25
2017.01.18 19:11:14.207,1.00396,1.00405,1.00,1.31
2017.01.18 19:11:15.881,1.00396,1.00405,1.50,1.25
2017.01.18 19:11:15.932,1.00396,1.00407,3.19,1.12
2017.01.18 19:11:17.582,1.00398,1.00407,1.50,1.12
2017.01.18 19:11:22.853,1.00399,1.00408,1.50,1.62
2017.01.18 19:11:23.359,1.00399,1.00409,1.87,1.31
2017.01.18 19:11:23.897,1.00398,1.00407,1.12,1.00
2017.01.18 19:11:29.334,1.004,1.00408,1.00,1.69
2017.01.18 19:11:29.856,1.004,1.00409,1.12,1.19
2017.01.18 19:11:44.336,1.004,1.00409,1.12,1.00
2017.01.18 19:11:44.905,1.00401,1.00409,1.50,1.00
2017.01.18 19:11:45.210,1.00406,1.00415,1.00,2.00
2017.01.18 19:11:45.373,1.00406,1.00415,1.12,1.25
2017.01.18 19:11:57.567,1.00406,1.00413,1.12,1.25
2017.01.18 19:11:57.770,1.00403,1.00411,1.00,3.22
2017.01.18 19:11:58.614,1.00403,1.0041,1.00,1.00
2017.01.18 19:12:00.524,1.00405,1.00413,1.00,1.50
2017.01.18 19:12:00.778,1.00406,1.00415,1.12,1.00
2017.01.18 19:12:02.079,1.00406,1.00416,1.12,1.31
2017.01.18 19:12:02.897,1.00406,1.00416,1.12,2.66
2017.01.18 19:12:03.100,1.00407,1.00418,2.62,1.69
2017.01.18 19:12:03.607,1.00408,1.00418,1.00,1.50
2017.01.18 19:12:09.364,1.00406,1.00413,1.87,1.00
2017.01.18 19:12:09.516,1.00404,1.00412,1.12,2.25
2017.01.18 19:12:09.618,1.00402,1.00411,1.12,1.50
2017.01.18 19:12:09.872,1.00404,1.00411,1.00,1.12
2017.01.18 19:12:10.063,1.00404,1.00413,1.00,1.31
2017.01.18 19:12:10.368,1.00402,1.00411,1.50,1.00
2017.01.18 19:12:10.520,1.00401,1.00411,2.81,1.12
2017.01.18 19:12:12.502,1.00401,1.0041,1.87,1.25
2017.01.18 19:12:20.265,1.00402,1.0041,1.00,1.50
2017.01.18 19:12:20.366,1.00404,1.00413,1.00,2.44
2017.01.18 19:12:20.418,1.00404,1.00413,1.00,3.19
2017.01.18 19:12:21.241,1.00404,1.00412,1.00,1.50
2017.01.18 19:12:21.342,1.00402,1.00411,1.00,2.25
2017.01.18 19:12:22.536,1.00402,1.0041,1.00,1.00
2017.01.18 19:12:23.323,1.004,1.0041,1.12,1.12
2017.01.18 19:12:23.860,1.004,1.00409,1.12,1.00
2017.01.18 19:12:25.254,1.004,1.0041,1.87,2.62
2017.01.18 19:12:25.305,1.00402,1.0041,1.00,2.62
2017.01.18 19:12:25.610,1.00404,1.00411,1.00,1.50
2017.01.18 19:12:26.235,1.00404,1.0041,1.00,1.00
2017.01.18 19:12:27.216,1.00404,1.00411,1.00,1.12
2017.01.18 19:12:28.836,1.00402,1.0041,1.00,1.50
2017.01.18 19:12:34.297,1.00402,1.00409,1.00,1.00
2017.01.18 19:12:34.450,1.004,1.00409,1.12,1.00
2017.01.18 19:12:39.595,1.004,1.00407,1.12,1.25
2017.01.18 19:12:39.699,1.00398,1.00407,1.12,1.54
2017.01.18 19:12:39.905,1.00398,1.00405,1.00,1.00
2017.01.18 19:12:40.108,1.00396,1.00405,1.87,1.00
2017.01.18 19:12:41.116,1.00398,1.00407,1.50,1.50
2017.01.18 19:12:41.167,1.00398,1.00407,2.25,1.50
2017.01.18 19:12:41.218,1.004,1.00408,1.00,1.87
2017.01.18 19:12:41.744,1.00399,1.00408,1.12,1.00
2017.01.18 19:12:42.513,1.00399,1.00409,1.12,1.31
2017.01.18 19:12:45.588,1.00399,1.00407,1.12,1.25
2017.01.18 19:12:45.963,1.00397,1.00407,3.19,1.50
2017.01.18 19:12:46.106,1.00399,1.00409,1.00,1.69
2017.01.18 19:12:49.107,1.00398,1.00409,1.87,1.69
2017.01.18 19:12:50.544,1.00399,1.00408,1.00,1.12
2017.01.18 19:12:51.108,1.00398,1.00408,1.87,1.12
2017.01.18 19:12:56.617,1.00399,1.00408,1.00,1.12
2017.01.18 19:12:57.257,1.00398,1.00408,1.87,1.12
2017.01.18 19:12:58.183,1.00399,1.00408,1.00,1.12
2017.01.18 19:12:58.714,1.004,1.00409,1.00,1.69
2017.01.18 19:13:00.542,1.00399,1.00409,1.00,1.69
2017.01.18 19:13:02.170,1.00398,1.00409,2.62,1.69
2017.01.18 19:13:05.896,1.004,1.00409,1.00,1.69
2017.01.18 19:13:07.604,1.00398,1.00409,1.87,1.69
2017.01.18 19:13:09.140,1.00399,1.00409,1.00,1.69
2017.01.18 19:13:16.997,1.00397,1.00408,5.06,1.12
2017.01.18 19:13:22.127,1.00398,1.00408,1.12,1.31
2017.01.18 19:13:22.634,1.00397,1.00407,3.00,1.54
2017.01.18 19:13:23.199,1.00398,1.00407,1.00,1.25
2017.01.18 19:13:23.250,1.004,1.00407,1.00,1.00
2017.01.18 19:13:23.751,1.00398,1.00408,2.25,1.00
2017.01.18 19:13:24.056,1.00397,1.00407,1.69,1.50
2017.01.18 19:13:24.602,1.00397,1.00407,2.81,1.12
2017.01.18 19:13:26.731,1.00398,1.00409,1.50,2.44
2017.01.18 19:13:27.304,1.00399,1.00409,1.00,2.44
2017.01.18 19:13:30.295,1.00398,1.00409,1.00,2.44
2017.01.18 19:13:30.600,1.00397,1.00405,1.00,1.87
2017.01.18 19:13:30.904,1.00395,1.004,1.00,2.62
2017.01.18 19:13:31.107,1.00394,1.004,1.00,3.75
2017.01.18 19:13:31.715,1.00393,1.004,1.00,3.75
2017.01.18 19:13:31.766,1.00391,1.004,1.00,3.75
2017.01.18 19:13:37.960,1.00388,1.00398,3.19,1.00
2017.01.18 19:13:38.944,1.00389,1.00399,1.31,2.62
2017.01.18 19:13:42.685,1.00388,1.00398,3.19,1.00
2017.01.18 19:13:43.209,1.00388,1.00398,2.44,1.50
2017.01.18 19:13:45.900,1.0039,1.00399,1.00,3.00
2017.01.18 19:13:46.053,1.0039,1.00399,1.00,2.62
2017.01.18 19:13:46.387,1.00389,1.00398,1.25,1.37
2017.01.18 19:13:50.601,1.00389,1.00398,2.06,1.12
2017.01.18 19:13:51.874,1.00389,1.00399,2.06,4.12
2017.01.18 19:13:52.407,1.0039,1.00399,1.00,1.87
2017.01.18 19:13:54.700,1.00389,1.00399,2.06,1.87
2017.01.18 19:13:57.668,1.00388,1.00396,2.44,1.00
2017.01.18 19:13:57.973,1.00387,1.00397,2.25,1.50
2017.01.18 19:13:58.479,1.00387,1.00397,2.62,1.12
2017.01.18 19:14:00.929,1.00389,1.00398,1.00,1.62
2017.01.18 19:14:01.446,1.00389,1.00396,1.00,1.12
2017.01.18 19:14:01.497,1.00387,1.00396,1.50,1.12
2017.01.18 19:14:01.802,1.00389,1.00397,1.00,1.00
2017.01.18 19:14:02.311,1.0039,1.00399,1.00,2.06
2017.01.18 19:14:03.550,1.00389,1.00399,1.00,3.19
2017.01.18 19:14:04.070,1.00389,1.00399,2.25,2.44
2017.01.18 19:14:04.469,1.00391,1.004,1.00,1.12
2017.01.18 19:14:05.005,1.00391,1.00399,1.00,1.50
2017.01.18 19:14:06.123,1.00393,1.00401,1.50,1.31
2017.01.18 19:14:06.708,1.00393,1.004,1.00,1.50
2017.01.18 19:14:06.759,1.0039,1.004,3.00,1.50
2017.01.18 19:14:07.266,1.0039,1.00399,1.50,2.62
2017.01.18 19:14:10.404,1.00389,1.00399,2.06,2.62
2017.01.18 19:14:11.474,1.0039,1.00399,1.00,1.87
2017.01.18 19:14:11.980,1.00391,1.00399,1.00,2.25
2017.01.18 19:14:17.169,1.00394,1.00399,2.25,1.87
2017.01.18 19:14:17.424,1.00398,1.00406,1.87,1.00
2017.01.18 19:14:17.780,1.00399,1.00408,1.00,2.81
2017.01.18 19:14:18.166,1.00401,1.00408,1.00,1.50
2017.01.18 19:14:18.682,1.004,1.00408,1.00,1.00
2017.01.18 19:14:19.322,1.004,1.00409,1.00,1.87
2017.01.18 19:14:20.085,1.00399,1.00408,2.81,1.00
2017.01.18 19:14:21.593,1.00399,1.00408,1.31,1.60
2017.01.18 19:14:22.111,1.00399,1.00408,2.06,1.50
2017.01.18 19:14:22.797,1.004,1.00408,1.00,1.50
2017.01.18 19:14:23.333,1.00399,1.00408,1.31,1.50
2017.01.18 19:14:26.217,1.004,1.00408,1.00,2.25
2017.01.18 19:14:26.798,1.00399,1.00408,2.06,2.25
2017.01.18 19:14:27.501,1.004,1.00408,1.00,2.25
2017.01.18 19:14:28.007,1.00399,1.00408,2.06,2.25
2017.01.18 19:14:28.845,1.004,1.00408,1.00,2.25
2017.01.18 19:14:29.357,1.00399,1.00408,2.06,2.25
2017.01.18 19:14:33.664,1.004,1.00408,1.00,1.00
2017.01.18 19:14:34.179,1.00401,1.00408,1.00,1.00
2017.01.18 19:14:34.775,1.004,1.00408,1.00,1.50
2017.01.18 19:14:38.266,1.004,1.00407,1.00,1.50
2017.01.18 19:14:43.357,1.004,1.00409,1.00,1.00
2017.01.18 19:14:44.190,1.00399,1.00407,1.00,1.00
2017.01.18 19:14:44.697,1.00399,1.00408,1.00,1.12
2017.01.18 19:14:45.204,1.00399,1.00407,1.00,1.50
2017.01.18 19:14:45.724,1.00399,1.00407,2.25,1.50
2017.01.18 19:15:08.803,1.00399,1.00406,1.50,1.00
2017.01.18 19:15:08.957,1.00398,1.00405,1.12,2.25
2017.01.18 19:15:13.545,1.004,1.00405,1.00,1.87
2017.01.18 19:15:13.698,1.00399,1.00407,1.00,1.87
2017.01.18 19:15:13.850,1.00399,1.00407,2.62,1.50
2017.01.18 19:15:14.174,1.00397,1.00405,1.75,1.00
2017.01.18 19:15:14.276,1.00397,1.00405,1.50,1.50
2017.01.18 19:15:14.890,1.00397,1.00406,2.44,1.00
2017.01.18 19:15:16.271,1.00397,1.00407,2.44,2.25
2017.01.18 19:15:16.780,1.00397,1.00407,2.06,1.87
2017.01.18 19:15:19.777,1.00397,1.00406,1.31,1.00
2017.01.18 19:15:20.338,1.00397,1.00406,1.62,1.00
2017.01.18 19:15:21.988,1.00397,1.00407,3.19,1.50
2017.01.18 19:15:28.565,1.00397,1.00405,1.50,1.00
2017.01.18 19:15:29.164,1.00398,1.00406,2.62,1.87
2017.01.18 19:15:29.817,1.00398,1.00406,3.00,1.50
2017.01.18 19:15:30.477,1.00398,1.00407,3.00,1.50
2017.01.18 19:15:32.125,1.004,1.00407,1.00,1.50
2017.01.18 19:15:36.477,1.00399,1.00405,1.00,1.00
2017.01.18 19:15:36.817,1.00398,1.00407,1.00,2.62
2017.01.18 19:15:36.971,1.004,1.00407,1.00,2.25
2017.01.18 19:15:38.113,1.004,1.00407,2.25,1.50
2017.01.18 19:15:41.046,1.00402,1.00407,1.00,1.50
2017.01.18 19:15:41.617,1.00401,1.00407,1.12,1.00
2017.01.18 19:15:41.837,1.00402,1.00411,1.00,1.12
2017.01.18 19:15:41.888,1.00404,1.00412,1.00,1.12
2017.01.18 19:15:42.189,1.00406,1.00414,1.00,1.00
2017.01.18 19:15:42.888,1.00406,1.00415,1.00,2.62
2017.01.18 19:15:48.155,1.00405,1.00412,1.50,2.10
2017.01.18 19:15:48.308,1.00402,1.00408,1.87,1.50
2017.01.18 19:15:50.370,1.00402,1.00407,1.00,1.00
2017.01.18 19:15:51.210,1.00402,1.00408,1.00,1.50
2017.01.18 19:15:51.726,1.00402,1.00407,1.00,1.00
2017.01.18 19:15:55.108,1.004,1.00407,1.50,1.00
2017.01.18 19:15:55.751,1.004,1.00408,1.00,2.62
2017.01.18 19:15:56.283,1.004,1.00407,1.00,1.00
2017.01.18 19:15:59.585,1.00398,1.00407,2.06,1.00
2017.01.18 19:16:00.098,1.00399,1.00407,1.12,1.00
2017.01.18 19:16:00.205,1.00401,1.00407,1.00,1.00
2017.01.18 19:16:01.362,1.00401,1.00408,1.00,1.50
2017.01.18 19:16:01.886,1.00401,1.00407,1.00,1.00
2017.01.18 19:16:03.493,1.00398,1.00407,1.37,2.29
2017.01.18 19:16:03.544,1.00398,1.00405,1.00,1.00
2017.01.18 19:16:04.153,1.00395,1.00405,3.19,2.25
2017.01.18 19:16:04.683,1.00395,1.00405,3.56,2.62
2017.01.18 19:16:07.345,1.00396,1.00405,1.00,1.87
2017.01.18 19:16:07.851,1.00396,1.00406,1.12,1.12
2017.01.18 19:16:09.455,1.00397,1.00407,1.50,2.44
2017.01.18 19:16:09.557,1.00399,1.00407,1.00,1.87
2017.01.18 19:16:10.064,1.004,1.00407,1.50,1.50
2017.01.18 19:16:10.166,1.00402,1.0041,1.00,1.87
2017.01.18 19:16:10.421,1.00403,1.00408,1.00,1.00
2017.01.18 19:16:10.473,1.00401,1.00408,1.00,1.50
2017.01.18 19:16:11.487,1.00401,1.00407,1.00,1.00
2017.01.18 19:16:11.639,1.00401,1.0041,1.00,2.81
2017.01.18 19:16:13.351,1.00401,1.00407,1.00,1.50
2017.01.18 19:16:16.251,1.00401,1.0041,1.50,2.81
2017.01.18 19:16:17.660,1.00403,1.0041,1.00,1.00
2017.01.18 19:16:17.712,1.00405,1.00413,1.00,1.87
2017.01.18 19:16:18.480,1.00405,1.00411,1.00,1.00
2017.01.18 19:16:19.003,1.00405,1.0041,1.00,1.50
2017.01.18 19:16:20.183,1.00403,1.0041,1.50,1.50
2017.01.18 19:16:20.488,1.00401,1.00407,1.62,1.00
2017.01.18 19:16:20.590,1.00401,1.0041,1.25,2.25
2017.01.18 19:16:23.613,1.00401,1.00408,1.25,1.00
2017.01.18 19:16:27.136,1.00402,1.00408,1.00,1.50
2017.01.18 19:16:27.522,1.00403,1.0041,3.19,1.50
2017.01.18 19:16:29.186,1.00403,1.0041,1.50,1.50
2017.01.18 19:16:32.891,1.00403,1.00407,1.00,1.00
2017.01.18 19:16:32.943,1.00401,1.00407,1.12,1.00
2017.01.18 19:16:38.281,1.00399,1.00407,2.25,1.50
2017.01.18 19:16:38.855,1.00399,1.00407,1.87,1.50
2017.01.18 19:16:43.162,1.00399,1.00407,3.00,1.50
2017.01.18 19:16:57.110,1.00399,1.00408,3.00,2.25
2017.01.18 19:17:11.714,1.00399,1.00407,2.62,1.00
2017.01.18 19:17:11.766,1.00399,1.00403,1.87,1.00
2017.01.18 19:17:11.868,1.00397,1.00403,1.00,1.25
2017.01.18 19:17:11.970,1.00394,1.00403,1.12,1.50
2017.01.18 19:17:12.140,1.00395,1.00405,1.37,2.81
2017.01.18 19:17:12.397,1.00394,1.00403,1.75,2.10
2017.01.18 19:17:12.823,1.00394,1.004,1.00,1.50
2017.01.18 19:17:13.912,1.00394,1.00403,1.00,2.25
2017.01.18 19:17:14.515,1.00394,1.00403,1.00,2.62
2017.01.18 19:17:15.142,1.00394,1.00403,1.37,2.25
2017.01.18 19:17:15.904,1.00394,1.00404,2.62,1.00
2017.01.18 19:17:21.727,1.00394,1.00398,1.00,1.00
2017.01.18 19:17:21.778,1.00392,1.00397,1.50,1.00
2017.01.18 19:17:22.032,1.0039,1.00398,1.87,1.50
2017.01.18 19:17:22.611,1.0039,1.00397,2.25,1.00
2017.01.18 19:17:23.120,1.0039,1.00398,1.87,1.50
2017.01.18 19:17:23.687,1.00392,1.004,1.12,1.00
2017.01.18 19:17:24.271,1.00393,1.004,1.12,1.50
2017.01.18 19:17:36.731,1.00393,1.00397,1.12,1.00
2017.01.18 19:17:37.238,1.00392,1.00397,1.00,1.50
2017.01.18 19:17:40.773,1.00392,1.00398,1.00,1.50
2017.01.18 19:17:42.128,1.00392,1.00397,1.00,1.50
2017.01.18 19:17:43.655,1.00392,1.004,1.00,2.25
2017.01.18 19:17:45.073,1.00393,1.004,1.50,1.50
2017.01.18 19:17:50.006,1.00393,1.00398,1.00,1.00
2017.01.18 19:17:50.121,1.00391,1.00397,1.00,1.00
2017.01.18 19:17:52.428,1.00391,1.00398,1.00,1.50
2017.01.18 19:17:53.662,1.00391,1.00397,1.00,1.00
2017.01.18 19:17:54.207,1.00391,1.00398,1.00,1.50
2017.01.18 19:17:54.719,1.00391,1.00397,1.00,1.00
2017.01.18 19:17:55.871,1.00391,1.00398,1.00,1.50
2017.01.18 19:17:56.126,1.00392,1.004,1.00,1.87
2017.01.18 19:17:56.389,1.00391,1.00398,1.87,1.50
2017.01.18 19:17:56.897,1.00391,1.00399,3.00,1.87
2017.01.18 19:17:57.000,1.00393,1.00402,1.12,1.50
2017.01.18 19:17:57.051,1.00393,1.004,1.00,1.12
2017.01.18 19:17:57.568,1.00392,1.004,1.00,1.12
2017.01.18 19:17:59.335,1.00392,1.00399,1.00,1.00
2017.01.18 19:17:59.971,1.00393,1.004,1.00,1.87
2017.01.18 19:18:00.197,1.00393,1.00402,1.12,1.00
2017.01.18 19:18:03.903,1.00395,1.00402,1.50,1.00
2017.01.18 19:18:04.005,1.00396,1.00406,1.87,2.06
2017.01.18 19:18:04.523,1.00396,1.00406,1.00,1.62
2017.01.18 19:18:07.262,1.00396,1.004,1.00,1.00
2017.01.18 19:18:07.364,1.00392,1.004,2.25,2.25
2017.01.18 19:18:07.516,1.00392,1.00399,1.00,1.00
2017.01.18 19:18:08.054,1.00393,1.004,1.00,1.00
2017.01.18 19:18:08.571,1.00393,1.00401,1.00,2.25
2017.01.18 19:18:11.414,1.00394,1.00401,1.00,1.50
2017.01.18 19:18:11.465,1.00395,1.00403,1.00,1.00
2017.01.18 19:18:11.617,1.00396,1.00405,1.12,1.25
2017.01.18 19:18:14.279,1.00397,1.00406,1.00,2.81
2017.01.18 19:18:15.040,1.00397,1.00404,1.00,1.50
2017.01.18 19:18:15.192,1.00396,1.00402,1.00,1.50
2017.01.18 19:18:15.294,1.00393,1.00401,1.37,1.50
2017.01.18 19:18:15.801,1.00395,1.00401,1.00,1.50
2017.01.18 19:18:16.651,1.00393,1.00399,1.50,1.00
2017.01.18 19:18:17.157,1.00393,1.00399,1.00,1.50
2017.01.18 19:18:18.478,1.00391,1.00399,1.00,2.62
2017.01.18 19:18:20.704,1.00393,1.00401,1.00,2.62
2017.01.18 19:18:20.822,1.00393,1.00402,1.00,2.06
2017.01.18 19:18:21.349,1.00393,1.00401,1.12,1.00
2017.01.18 19:18:22.419,1.00393,1.00399,1.00,1.00
2017.01.18 19:18:22.926,1.00391,1.004,1.12,1.00
2017.01.18 19:18:23.251,1.00393,1.00401,1.00,1.87
2017.01.18 19:18:23.765,1.00393,1.00403,1.87,1.31
2017.01.18 19:18:24.312,1.00393,1.00401,1.00,1.50
2017.01.18 19:18:26.648,1.00393,1.004,1.00,1.00
2017.01.18 19:18:26.801,1.00391,1.00399,1.12,1.50
2017.01.18 19:18:36.113,1.00391,1.00397,1.12,1.50
2017.01.18 19:18:38.826,1.00391,1.004,1.87,2.25
2017.01.18 19:18:52.563,1.00391,1.00401,1.00,2.25
2017.01.18 19:18:53.119,1.00391,1.004,1.00,1.00
2017.01.18 19:18:57.705,1.00393,1.004,1.00,1.00
2017.01.18 19:18:57.756,1.00393,1.00402,2.25,1.25
2017.01.18 19:18:57.909,1.00393,1.004,1.87,1.00
2017.01.18 19:19:11.599,1.00393,1.004,1.50,1.50
2017.01.18 19:19:12.102,1.00393,1.004,1.00,1.00
2017.01.18 19:19:12.631,1.00393,1.00401,1.00,2.25
2017.01.18 19:19:16.495,1.00395,1.00402,1.00,1.00
2017.01.18 19:19:16.704,1.00401,1.00409,1.00,1.50
2017.01.18 19:19:17.227,1.004,1.00409,1.12,1.00
2017.01.18 19:19:17.734,1.004,1.0041,2.62,2.62
2017.01.18 19:19:20.100,1.00402,1.0041,1.00,2.62
2017.01.18 19:19:20.612,1.00402,1.00411,1.50,1.31
2017.01.18 19:19:24.066,1.00403,1.00413,1.69,2.62
2017.01.18 19:19:24.518,1.00402,1.0041,1.25,1.87
2017.01.18 19:19:34.762,1.004,1.00407,1.12,1.50
2017.01.18 19:19:35.268,1.004,1.00409,1.50,1.50
2017.01.18 19:19:35.942,1.00401,1.0041,1.00,2.25
2017.01.18 19:19:36.224,1.00401,1.0041,1.00,1.87
2017.01.18 19:19:36.738,1.00402,1.0041,1.00,1.87
2017.01.18 19:19:37.741,1.00402,1.0041,1.00,2.25
2017.01.18 19:19:37.894,1.004,1.00407,1.00,1.00
2017.01.18 19:19:40.775,1.004,1.00409,1.00,1.12
2017.01.18 19:19:41.795,1.004,1.00407,1.12,1.00
2017.01.18 19:19:41.949,1.00397,1.00407,1.50,2.25
2017.01.18 19:19:42.471,1.00397,1.00407,1.00,3.00
2017.01.18 19:19:42.999,1.00397,1.00406,1.00,1.00
2017.01.18 19:19:50.102,1.00397,1.00407,1.12,2.62
2017.01.18 19:19:54.208,1.00397,1.00406,1.12,1.00
2017.01.18 19:19:54.307,1.00397,1.00404,1.12,1.00
2017.01.18 19:19:54.612,1.00393,1.00398,1.12,1.50
2017.01.18 19:19:54.815,1.0039,1.00398,3.94,1.50
2017.01.18 19:19:57.678,1.00393,1.00398,1.00,1.50
2017.01.18 19:19:57.780,1.00393,1.004,1.00,1.50
2017.01.18 19:20:00.891,1.00393,1.00401,1.00,1.00
2017.01.18 19:20:02.241,1.00395,1.00401,1.00,1.50
2017.01.18 19:20:02.394,1.00398,1.00407,1.00,2.25
2017.01.18 19:20:02.599,1.004,1.00409,1.00,2.06
2017.01.18 19:20:03.145,1.00399,1.00409,1.00,1.69
2017.01.18 19:20:14.430,1.004,1.0041,1.50,1.50
2017.01.18 19:20:15.018,1.004,1.0041,2.25,1.00
2017.01.18 19:20:15.324,1.00404,1.00414,1.12,1.31
2017.01.18 19:20:15.832,1.00404,1.00414,1.50,1.25
2017.01.18 19:20:20.125,1.00404,1.00414,1.00,1.91
2017.01.18 19:20:21.694,1.00404,1.00412,1.00,1.00
2017.01.18 19:20:25.228,1.00404,1.00411,1.00,1.00
2017.01.18 19:20:35.687,1.00402,1.00411,1.31,1.50
2017.01.18 19:20:35.955,1.00402,1.0041,1.00,1.37
2017.01.18 19:20:40.360,1.00402,1.0041,1.00,1.87
2017.01.18 19:20:42.545,1.00402,1.0041,1.00,1.75
2017.01.18 19:20:43.659,1.00402,1.00411,1.50,1.00
2017.01.18 19:20:49.775,1.00403,1.00411,1.00,1.00
2017.01.18 19:20:50.080,1.00403,1.00413,1.87,1.31
2017.01.18 19:20:50.613,1.00403,1.00413,1.50,1.69
2017.01.18 19:20:51.953,1.00403,1.00412,1.00,2.25
2017.01.18 19:20:52.055,1.00403,1.00413,2.25,1.69
2017.01.18 19:20:52.106,1.00405,1.00413,1.00,1.69
2017.01.18 19:20:57.388,1.00406,1.00416,1.00,2.44
2017.01.18 19:20:57.895,1.00406,1.00416,1.00,1.94
2017.01.18 19:21:00.019,1.00405,1.00416,1.50,1.94
2017.01.18 19:21:00.171,1.00401,1.00412,3.94,1.12
2017.01.18 19:21:00.274,1.00401,1.00411,1.25,1.50
2017.01.18 19:21:00.781,1.00401,1.00411,2.81,1.12
2017.01.18 19:21:01.366,1.00402,1.00411,1.00,1.12
2017.01.18 19:21:01.951,1.00403,1.00414,2.44,3.19
2017.01.18 19:21:02.074,1.00404,1.00414,1.50,2.44
2017.01.18 19:21:02.587,1.00405,1.00414,1.00,2.81
2017.01.18 19:21:06.287,1.00405,1.00412,1.00,1.00
2017.01.18 19:21:06.389,1.00403,1.00412,1.00,2.62
2017.01.18 19:21:07.421,1.00403,1.00411,1.00,2.25
2017.01.18 19:21:07.933,1.00403,1.00412,1.50,1.75
2017.01.18 19:21:07.984,1.00403,1.00412,1.50,1.12
2017.01.18 19:21:23.939,1.00403,1.00412,1.00,2.25
2017.01.18 19:21:39.264,1.00403,1.00411,1.00,1.50
2017.01.18 19:21:41.148,1.00401,1.00411,1.25,3.00
2017.01.18 19:21:51.293,1.00401,1.00406,1.00,1.31
2017.01.18 19:21:51.598,1.00397,1.00401,1.50,1.12
2017.01.18 19:21:51.649,1.00394,1.00401,1.00,1.12
2017.01.18 19:21:51.700,1.00391,1.00401,2.06,1.12
2017.01.18 19:21:52.458,1.0039,1.004,1.50,1.69
2017.01.18 19:21:52.610,1.00392,1.004,1.00,1.00
2017.01.18 19:21:52.915,1.00394,1.00402,1.00,1.31
2017.01.18 19:21:53.370,1.00392,1.00402,1.12,1.31
2017.01.18 19:21:53.902,1.00391,1.00401,2.25,1.00
2017.01.18 19:21:57.289,1.00394,1.00403,1.00,1.69
2017.01.18 19:21:57.391,1.00395,1.00404,1.50,2.25
2017.01.18 19:21:57.645,1.00395,1.00402,1.00,1.00
2017.01.18 19:21:57.696,1.00393,1.00402,1.00,1.00
2017.01.18 19:21:58.203,1.00393,1.00403,1.50,2.44
2017.01.18 19:21:58.708,1.00393,1.00403,1.50,2.44
2017.01.18 19:21:59.373,1.00394,1.00403,1.00,1.69
2017.01.18 19:22:05.270,1.00395,1.00405,1.50,4.50
2017.01.18 19:22:05.321,1.00397,1.00405,1.00,3.37
2017.01.18 19:22:05.527,1.00397,1.00407,2.85,1.00
2017.01.18 19:22:05.788,1.00399,1.00404,1.00,1.00
2017.01.18 19:22:06.042,1.00394,1.00401,1.00,1.00
2017.01.18 19:22:06.447,1.00394,1.00403,1.00,1.12
2017.01.18 19:22:07.315,1.00395,1.00403,1.00,1.00
2017.01.18 19:22:07.822,1.00395,1.00402,1.00,1.00
2017.01.18 19:22:07.874,1.00393,1.00402,1.12,1.87
2017.01.18 19:22:08.469,1.00393,1.00402,1.00,1.75
2017.01.18 19:22:09.449,1.00394,1.00402,1.00,1.12
2017.01.18 19:22:10.070,1.00393,1.00402,1.50,1.12
2017.01.18 19:22:15.021,1.00395,1.00402,1.00,1.12
2017.01.18 19:22:15.174,1.00396,1.00404,1.50,3.37
2017.01.18 19:22:15.682,1.00396,1.00406,1.87,1.31
2017.01.18 19:22:16.035,1.00397,1.00407,1.87,1.12
2017.01.18 19:22:16.391,1.00399,1.00409,1.50,2.81
2017.01.18 19:22:16.594,1.004,1.00409,1.87,1.00
2017.01.18 19:22:21.788,1.00401,1.00411,1.00,2.00
2017.01.18 19:22:21.991,1.00402,1.00411,1.87,1.25
2017.01.18 19:22:23.189,1.00403,1.00411,1.00,1.25
2017.01.18 19:22:26.057,1.00404,1.00412,1.00,1.31
2017.01.18 19:22:26.793,1.00403,1.00412,1.00,1.31
2017.01.18 19:22:29.225,1.00402,1.00412,2.62,1.31
2017.01.18 19:22:29.410,1.00404,1.00412,1.00,1.31
2017.01.18 19:22:29.603,1.00404,1.00414,1.87,2.44
2017.01.18 19:22:30.124,1.00405,1.00414,1.12,1.25
2017.01.18 19:22:31.020,1.00404,1.00412,1.37,1.00
2017.01.18 19:22:31.527,1.00404,1.00411,1.00,1.00
2017.01.18 19:22:32.040,1.00404,1.00413,1.00,2.81
2017.01.18 19:22:35.522,1.00404,1.00413,1.87,1.00
2017.01.18 19:22:36.063,1.00404,1.00414,1.87,2.81
2017.01.18 19:22:36.568,1.00405,1.00414,1.00,2.06
2017.01.18 19:22:37.077,1.00404,1.00414,1.87,2.81
2017.01.18 19:22:39.528,1.00404,1.00412,1.12,1.00
2017.01.18 19:22:51.130,1.00403,1.00412,1.00,1.12
2017.01.18 19:22:56.365,1.00402,1.00412,1.12,1.12
2017.01.18 19:22:57.069,1.00403,1.00413,1.25,2.25
2017.01.18 19:22:57.374,1.00406,1.00414,1.12,1.00
2017.01.18 19:22:58.068,1.00406,1.00415,1.00,1.12
2017.01.18 19:22:58.923,1.00406,1.00414,1.12,1.00
2017.01.18 19:22:59.178,1.00402,1.00412,2.62,1.12
2017.01.18 19:22:59.724,1.00402,1.00412,2.25,3.00
2017.01.18 19:23:05.761,1.00401,1.00411,1.87,1.12
2017.01.18 19:23:06.272,1.00401,1.0041,1.50,1.12
2017.01.18 19:23:06.917,1.00402,1.00411,1.00,1.37
2017.01.18 19:23:07.019,1.00404,1.00412,1.00,1.69
2017.01.18 19:23:07.070,1.00404,1.00412,1.00,1.69
2017.01.18 19:23:07.443,1.00402,1.00412,1.87,1.31
2017.01.18 19:23:07.955,1.00403,1.00413,1.00,1.69
2017.01.18 19:23:09.031,1.00402,1.00413,2.62,1.69
2017.01.18 19:23:10.122,1.00403,1.00413,1.00,2.44
2017.01.18 19:23:10.654,1.00402,1.00413,2.62,2.44
2017.01.18 19:23:13.673,1.00403,1.00413,1.00,2.44
2017.01.18 19:23:14.695,1.00402,1.00411,2.25,1.00
2017.01.18 19:23:15.273,1.00402,1.00411,1.50,1.12
2017.01.18 19:23:34.688,1.00403,1.00412,1.00,2.44
2017.01.18 19:23:34.739,1.00405,1.00412,1.00,1.69
2017.01.18 19:23:34.791,1.00403,1.00412,1.00,1.69
2017.01.18 19:23:34.976,1.00402,1.00412,1.50,2.81
2017.01.18 19:23:39.035,1.004,1.0041,3.00,1.69
2017.01.18 19:23:39.187,1.00402,1.0041,1.00,1.50
2017.01.18 19:23:42.796,1.00403,1.00411,1.00,1.75
2017.01.18 19:23:42.949,1.00403,1.00412,2.25,1.50
2017.01.18 19:23:43.000,1.00405,1.00412,1.00,2.25
2017.01.18 19:23:43.254,1.00403,1.00412,1.12,2.25
2017.01.18 19:23:44.877,1.00404,1.00412,1.00,2.62
2017.01.18 19:23:45.384,1.00405,1.00412,1.50,1.50
2017.01.18 19:23:45.587,1.00406,1.00414,1.00,1.00
2017.01.18 19:23:47.137,1.00407,1.00415,1.00,1.12
2017.01.18 19:23:47.188,1.0041,1.00417,1.00,1.37
2017.01.18 19:23:47.341,1.0041,1.00418,1.50,1.00
2017.01.18 19:23:48.219,1.0041,1.00419,1.12,1.00
2017.01.18 19:23:52.027,1.00411,1.0042,1.00,2.44
2017.01.18 19:23:54.987,1.0041,1.0042,1.50,2.44
2017.01.18 19:24:02.306,1.00412,1.0042,1.00,1.50
2017.01.18 19:24:03.673,1.00413,1.00422,1.00,3.19
2017.01.18 19:24:03.876,1.00416,1.00424,1.00,3.75
2017.01.18 19:24:05.391,1.00416,1.00423,1.00,1.00
2017.01.18 19:24:05.442,1.00413,1.00421,1.50,1.00
2017.01.18 19:24:05.949,1.00413,1.00421,1.00,1.12
2017.01.18 19:24:06.253,1.00415,1.00424,1.00,3.19
2017.01.18 19:24:06.577,1.00415,1.00424,1.12,1.00
2017.01.18 19:24:10.717,1.00415,1.00422,1.12,1.00
2017.01.18 19:24:10.786,1.00412,1.00422,3.37,1.50
2017.01.18 19:24:11.315,1.00412,1.00422,1.50,1.50
2017.01.18 19:24:17.263,1.00413,1.00424,1.00,2.81
2017.01.18 19:24:17.379,1.00415,1.00424,1.00,1.69
2017.01.18 19:24:19.118,1.00415,1.00424,1.00,2.62
2017.01.18 19:24:21.129,1.00415,1.00422,1.00,1.00
2017.01.18 19:24:21.230,1.00413,1.00422,1.12,1.00
2017.01.18 19:24:22.153,1.00413,1.00421,1.00,1.00
2017.01.18 19:24:22.946,1.00413,1.00422,2.25,1.00
2017.01.18 19:24:23.150,1.00414,1.00424,1.50,1.50
2017.01.18 19:24:23.556,1.00413,1.00424,2.06,3.00
2017.01.18 19:24:24.035,1.00413,1.00421,1.12,1.00
2017.01.18 19:24:24.544,1.00413,1.00421,1.00,1.37
2017.01.18 19:24:34.777,1.00415,1.00423,1.00,2.44
2017.01.18 19:24:34.828,1.00414,1.00424,1.25,1.75
2017.01.18 19:24:34.930,1.00414,1.00424,1.37,2.81
2017.01.18 19:24:48.683,1.00418,1.00426,1.00,2.06
2017.01.18 19:24:49.240,1.00419,1.00426,1.00,1.25
2017.01.18 19:24:49.342,1.0042,1.00428,1.00,1.00
2017.01.18 19:24:49.860,1.00421,1.0043,1.50,1.31
2017.01.18 19:24:59.386,1.00423,1.00432,1.00,2.25
2017.01.18 19:24:59.488,1.00423,1.00432,1.00,1.12
2017.01.18 19:24:59.590,1.00421,1.00432,1.87,1.50
2017.01.18 19:25:00.118,1.00422,1.00432,1.00,1.50
2017.01.18 19:25:00.422,1.00424,1.00432,1.00,1.00
2017.01.18 19:25:00.929,1.00423,1.00432,1.50,1.00
2017.01.18 19:25:01.234,1.00426,1.00431,1.00,1.00
2017.01.18 19:25:01.380,1.00427,1.00434,1.00,5.25
2017.01.18 19:25:01.431,1.00427,1.00436,1.00,1.87
2017.01.18 19:25:01.954,1.00428,1.00438,2.81,1.12
2017.01.18 19:25:02.464,1.00429,1.00438,1.00,1.87
2017.01.18 19:25:05.307,1.00429,1.00435,1.00,1.50
2017.01.18 19:25:05.359,1.00427,1.00434,1.50,1.69
2017.01.18 19:25:05.529,1.00425,1.00432,1.00,1.00
2017.01.18 19:25:06.091,1.00425,1.00434,1.00,2.62
2017.01.18 19:25:07.053,1.00425,1.00433,1.00,1.00
2017.01.18 19:25:07.417,1.00425,1.00431,1.00,1.00
2017.01.18 19:25:07.519,1.00423,1.00431,1.00,2.44
2017.01.18 19:25:08.026,1.00423,1.00432,1.50,1.12
2017.01.18 19:25:08.626,1.00423,1.00433,2.62,1.31
2017.01.18 19:25:10.396,1.00423,1.00432,1.12,1.00
2017.01.18 19:25:10.937,1.00423,1.00432,1.00,1.37
2017.01.18 19:25:11.451,1.00423,1.00432,1.00,1.12
2017.01.18 19:25:12.699,1.00423,1.00432,1.00,1.50
2017.01.18 19:25:16.929,1.00424,1.00431,1.00,1.00
2017.01.18 19:25:17.031,1.00423,1.00433,1.12,1.31
2017.01.18 19:25:17.552,1.00423,1.00432,1.50,1.12
2017.01.18 19:25:18.009,1.00425,1.00431,1.00,1.00
2017.01.18 19:25:18.060,1.00423,1.00431,1.00,1.25
2017.01.18 19:25:18.111,1.00423,1.00431,1.00,2.00
2017.01.18 19:25:18.919,1.00424,1.00432,1.00,2.44
2017.01.18 19:25:19.436,1.00423,1.00432,1.00,1.31
2017.01.18 19:25:22.716,1.00426,1.00434,2.25,1.50
2017.01.18 19:25:23.023,1.00429,1.00437,1.50,1.12
2017.01.18 19:25:23.125,1.00429,1.00439,1.50,1.31
2017.01.18 19:25:23.738,1.00429,1.00439,1.50,1.69
2017.01.18 19:25:25.219,1.0043,1.0044,1.00,1.94
2017.01.18 19:25:25.726,1.0043,1.0044,1.00,1.69
2017.01.18 19:25:29.571,1.00431,1.0044,1.00,2.81
2017.01.18 19:25:30.204,1.0043,1.0044,1.87,2.06
2017.01.18 19:25:30.711,1.0043,1.00439,1.50,1.69
2017.01.18 19:25:32.217,1.0043,1.00439,1.87,1.25
2017.01.18 19:25:37.038,1.0043,1.00439,1.00,1.69
2017.01.18 19:25:40.639,1.00429,1.00439,1.50,1.69
2017.01.18 19:25:43.829,1.0043,1.00439,1.00,2.44
2017.01.18 19:25:44.371,1.00431,1.0044,1.00,3.19
2017.01.18 19:25:59.542,1.00429,1.00439,1.87,2.06
2017.01.18 19:26:00.060,1.00429,1.00438,1.87,1.00
2017.01.18 19:26:06.930,1.00433,1.00439,1.00,2.25
2017.01.18 19:26:07.158,1.00435,1.00444,1.00,2.29
2017.01.18 19:26:07.311,1.00434,1.00442,1.00,1.50
2017.01.18 19:26:07.465,1.00431,1.00442,3.37,1.69
2017.01.18 19:26:07.975,1.00431,1.0044,1.87,1.50
2017.01.18 19:26:11.806,1.00432,1.0044,1.00,1.12
2017.01.18 19:26:12.060,1.00432,1.00442,1.00,1.50
2017.01.18 19:26:14.528,1.00431,1.00441,3.19,1.00
2017.01.18 19:26:17.530,1.00432,1.00441,1.00,1.00
2017.01.18 19:26:18.075,1.00431,1.0044,1.00,2.62
2017.01.18 19:26:18.577,1.0043,1.0044,1.87,3.75
2017.01.18 19:26:20.166,1.0043,1.00439,1.12,1.00
2017.01.18 19:26:21.333,1.0043,1.0044,2.62,2.25
2017.01.18 19:26:21.384,1.00432,1.0044,1.00,3.00
2017.01.18 19:26:22.293,1.00432,1.00441,1.00,1.69
2017.01.18 19:26:25.880,1.00431,1.00441,1.12,1.31
2017.01.18 19:26:32.713,1.0043,1.0044,2.62,1.50
2017.01.18 19:26:33.220,1.0043,1.00441,1.87,1.31
2017.01.18 19:26:34.807,1.00433,1.00441,1.00,1.12
2017.01.18 19:26:35.296,1.00431,1.00441,2.81,1.12
2017.01.18 19:26:35.598,1.00433,1.00441,1.00,1.12
2017.01.18 19:26:36.006,1.00431,1.00441,2.81,1.12
2017.01.18 19:26:36.209,1.0043,1.0044,1.50,3.75
2017.01.18 19:26:36.514,1.00432,1.00441,1.50,1.75
2017.01.18 19:26:36.616,1.00432,1.00441,1.50,1.12
2017.01.18 19:26:37.144,1.00432,1.00442,1.87,3.37
2017.01.18 19:26:38.186,1.00433,1.00442,1.00,2.62
2017.01.18 19:26:40.127,1.00434,1.00443,2.81,3.37
2017.01.18 19:26:40.179,1.00436,1.00443,1.00,3.37
2017.01.18 19:26:40.451,1.00438,1.00447,1.00,1.50
2017.01.18 19:26:41.644,1.00439,1.00448,1.00,2.00
2017.01.18 19:26:45.222,1.00439,1.00448,1.50,1.12
2017.01.18 19:26:45.729,1.00438,1.00448,3.56,1.12
2017.01.18 19:26:46.331,1.00439,1.00448,1.00,1.12
2017.01.18 19:26:47.693,1.00438,1.00448,3.56,1.12
2017.01.18 19:26:50.225,1.00439,1.00448,1.00,1.87
2017.01.18 19:26:51.723,1.00438,1.00448,2.81,3.37
2017.01.18 19:27:02.086,1.00438,1.00448,1.12,3.19
2017.01.18 19:27:02.341,1.00437,1.00445,1.00,1.50
2017.01.18 19:27:02.392,1.00434,1.00444,3.37,1.25
2017.01.18 19:27:02.899,1.00434,1.00444,2.62,3.56
2017.01.18 19:27:03.259,1.00437,1.00446,1.12,2.25
2017.01.18 19:27:03.805,1.00437,1.00446,1.12,1.00
2017.01.18 19:27:04.262,1.00436,1.00444,1.00,1.00
2017.01.18 19:27:04.567,1.00434,1.00443,1.12,1.00
2017.01.18 19:27:05.115,1.00433,1.00442,1.50,1.50
2017.01.18 19:27:07.674,1.00432,1.00443,3.19,3.60
2017.01.18 19:27:07.828,1.00432,1.00443,2.81,3.60
2017.01.18 19:27:09.880,1.00433,1.00442,1.00,1.87
2017.01.18 19:27:09.931,1.00435,1.00442,1.00,1.12
2017.01.18 19:27:10.084,1.00437,1.00446,1.00,1.69
2017.01.18 19:27:10.607,1.00437,1.00446,1.12,1.25
2017.01.18 19:27:10.761,1.00436,1.00445,1.50,1.19
2017.01.18 19:27:10.813,1.00435,1.00443,1.12,1.35
2017.01.18 19:27:11.016,1.00433,1.00443,1.87,3.22
2017.01.18 19:27:12.072,1.00433,1.00442,1.87,1.50
2017.01.18 19:27:13.020,1.00434,1.00442,1.00,1.50
2017.01.18 19:27:13.380,1.00438,1.00444,1.00,1.87
2017.01.18 19:27:13.432,1.00438,1.00448,1.87,1.87
2017.01.18 19:27:14.202,1.00439,1.00448,1.00,1.87
2017.01.18 19:27:14.862,1.00437,1.00446,2.25,1.00
2017.01.18 19:27:14.913,1.00437,1.00446,1.87,1.50
2017.01.18 19:27:16.496,1.00437,1.00447,2.62,2.81
2017.01.18 19:27:16.649,1.00437,1.00445,1.12,1.00
2017.01.18 19:27:16.804,1.00435,1.00444,1.25,1.50
2017.01.18 19:27:17.599,1.00434,1.00444,1.12,2.06
2017.01.18 19:27:20.318,1.00434,1.00444,1.50,2.44
2017.01.18 19:27:22.923,1.00434,1.00444,1.12,2.81
2017.01.18 19:27:24.245,1.00435,1.00444,1.00,2.81
2017.01.18 19:27:24.796,1.00434,1.00446,1.69,3.94
2017.01.18 19:27:27.227,1.00436,1.00446,1.50,2.81
2017.01.18 19:27:27.329,1.00436,1.00446,1.87,1.31
2017.01.18 19:27:30.561,1.00437,1.00446,1.00,2.06
2017.01.18 19:27:30.663,1.00439,1.00446,1.00,1.87
2017.01.18 19:27:31.205,1.00438,1.00446,1.00,1.87
2017.01.18 19:27:31.966,1.00437,1.00446,1.50,1.12
2017.01.18 19:27:32.475,1.00438,1.00447,1.12,1.69
2017.01.18 19:27:33.021,1.00439,1.00447,1.00,1.25
2017.01.18 19:27:33.557,1.00438,1.00447,1.12,1.69
2017.01.18 19:27:34.375,1.00439,1.00447,1.00,1.69
2017.01.18 19:27:34.899,1.00438,1.00447,1.12,1.69
2017.01.18 19:27:40.065,1.00439,1.00447,1.00,1.50
2017.01.18 19:27:40.575,1.00438,1.00447,1.00,2.81
2017.01.18 19:27:41.103,1.00439,1.00447,1.00,2.06
2017.01.18 19:27:42.397,1.00438,1.00447,1.00,2.06
2017.01.18 19:27:42.910,1.00439,1.00447,1.00,2.06
2017.01.18 19:27:43.535,1.00438,1.00447,1.50,2.81
2017.01.18 19:27:50.794,1.00439,1.00447,1.00,3.56
2017.01.18 19:27:53.274,1.00437,1.00446,1.50,1.00
2017.01.18 19:27:53.782,1.00435,1.00444,2.81,1.50
2017.01.18 19:27:53.884,1.00433,1.00442,1.75,1.35
2017.01.18 19:27:53.986,1.00433,1.00442,1.00,2.62
2017.01.18 19:27:54.508,1.00431,1.00441,1.69,1.00
2017.01.18 19:27:55.058,1.0043,1.00442,2.44,4.50
2017.01.18 19:27:55.572,1.0043,1.00441,2.44,1.50
2017.01.18 19:27:55.876,1.00434,1.00443,1.12,1.50
2017.01.18 19:28:00.759,1.00433,1.00443,1.12,1.12
2017.01.18 19:28:01.587,1.00435,1.00444,1.50,2.44
2017.01.18 19:28:01.743,1.00436,1.00446,2.62,1.87
2017.01.18 19:28:02.047,1.00438,1.00446,1.00,2.25
2017.01.18 19:28:03.918,1.00438,1.00447,1.00,2.62
2017.01.18 19:28:05.706,1.00437,1.00447,2.06,3.37
2017.01.18 19:28:06.053,1.00435,1.00446,2.44,1.50
2017.01.18 19:28:06.622,1.00436,1.00446,1.00,1.50
2017.01.18 19:28:07.434,1.00435,1.00445,1.31,1.87
2017.01.18 19:28:07.970,1.00434,1.00444,2.06,2.62
2017.01.18 19:28:11.154,1.00436,1.00447,1.00,6.56
2017.01.18 19:28:11.205,1.00436,1.00447,1.12,6.19
2017.01.18 19:28:11.713,1.00436,1.00447,1.50,3.94
2017.01.18 19:28:15.408,1.00436,1.00447,1.12,4.31
2017.01.18 19:28:15.510,1.00435,1.00444,2.44,1.00
2017.01.18 19:28:15.612,1.00434,1.00444,1.87,1.50
2017.01.18 19:28:17.013,1.00435,1.00444,1.00,1.00
2017.01.18 19:28:17.064,1.00437,1.00446,1.00,1.69
2017.01.18 19:28:19.303,1.00438,1.00447,1.00,1.31
2017.01.18 19:28:19.855,1.00438,1.00447,1.00,1.12
2017.01.18 19:28:21.928,1.00439,1.00447,1.00,1.12
2017.01.18 19:28:26.859,1.00437,1.00447,3.56,1.12
2017.01.18 19:28:27.070,1.00435,1.00446,3.19,1.50
2017.01.18 19:28:27.378,1.00436,1.00446,1.50,1.00
2017.01.18 19:28:27.888,1.00438,1.00447,1.12,1.00
2017.01.18 19:28:32.464,1.00437,1.00447,2.62,1.12
2017.01.18 19:28:34.487,1.00438,1.00447,1.00,1.12
2017.01.18 19:28:35.425,1.00437,1.00447,2.81,1.12
2017.01.18 19:28:36.289,1.00438,1.00447,1.00,1.31
2017.01.18 19:28:40.066,1.00437,1.00447,1.87,1.31
2017.01.18 19:28:40.642,1.00438,1.00447,1.00,1.31
2017.01.18 19:28:43.243,1.00439,1.00447,1.00,1.12
2017.01.18 19:28:43.755,1.00438,1.00447,1.00,1.12
2017.01.18 19:28:44.624,1.00439,1.00447,1.00,1.12
2017.01.18 19:28:49.004,1.00438,1.00447,1.00,1.12
2017.01.18 19:28:49.511,1.00437,1.00447,1.87,2.81
2017.01.18 19:28:50.933,1.00438,1.00447,1.00,2.81
2017.01.18 19:28:51.677,1.00439,1.00447,1.00,2.81
2017.01.18 19:28:52.038,1.00437,1.00445,1.12,1.00
2017.01.18 19:28:52.550,1.00438,1.00447,1.00,1.37
2017.01.18 19:28:53.073,1.00439,1.00448,1.00,3.56
2017.01.18 19:28:53.622,1.00439,1.00448,1.00,2.81
2017.01.18 19:28:54.139,1.00438,1.00448,1.00,3.56
2017.01.18 19:28:56.703,1.00439,1.00448,1.00,3.56
2017.01.18 19:28:56.805,1.00437,1.00448,2.81,3.56
2017.01.18 19:28:57.331,1.00438,1.00448,1.00,4.16
2017.01.18 19:28:57.839,1.00439,1.00448,1.00,3.41
2017.01.18 19:28:58.382,1.00438,1.00448,1.00,4.16
2017.01.18 19:29:00.569,1.00439,1.00448,1.00,3.41
2017.01.18 19:29:03.474,1.00438,1.00448,1.00,4.16
2017.01.18 19:29:03.981,1.00439,1.00448,1.00,3.22
2017.01.18 19:29:04.589,1.00439,1.00448,1.00,3.41
2017.01.18 19:29:06.308,1.00438,1.00448,1.12,3.41
2017.01.18 19:29:11.815,1.00437,1.00448,2.62,3.79
2017.01.18 19:29:12.363,1.00438,1.00448,1.00,3.04
2017.01.18 19:29:14.284,1.00439,1.00448,1.00,3.79
2017.01.18 19:29:14.919,1.00438,1.00448,1.00,3.79
2017.01.18 19:29:15.464,1.00439,1.00448,1.00,3.79
2017.01.18 19:29:16.111,1.00438,1.00448,1.00,3.79
2017.01.18 19:29:20.034,1.00437,1.00448,2.62,3.41
2017.01.18 19:29:20.547,1.00437,1.00448,1.50,4.16
2017.01.18 19:29:21.101,1.00435,1.00446,2.62,2.29
2017.01.18 19:29:21.153,1.00433,1.00443,2.00,1.50
2017.01.18 19:29:21.255,1.00432,1.00441,1.00,1.05
2017.01.18 19:29:21.306,1.00431,1.00439,1.37,1.00
2017.01.18 19:29:21.459,1.00429,1.00439,2.44,1.12
2017.01.18 19:29:22.118,1.00429,1.00439,2.06,1.12
2017.01.18 19:29:22.547,1.00431,1.0044,1.50,1.37
2017.01.18 19:29:22.888,1.00433,1.00441,1.00,1.00
2017.01.18 19:29:23.511,1.00432,1.00441,1.12,1.00
2017.01.18 19:29:24.110,1.0043,1.0044,2.25,1.50
2017.01.18 19:29:24.161,1.0043,1.0044,3.00,1.87
2017.01.18 19:29:24.755,1.00431,1.0044,1.00,1.87
2017.01.18 19:29:26.751,1.0043,1.0044,2.62,2.62
2017.01.18 19:29:33.067,1.0043,1.00438,1.12,1.00
2017.01.18 19:29:33.170,1.00428,1.00437,1.50,1.05
2017.01.18 19:29:33.474,1.0043,1.00439,1.00,1.69
2017.01.18 19:29:33.982,1.0043,1.00439,1.12,1.25
2017.01.18 19:29:36.674,1.00431,1.0044,1.00,2.06
2017.01.18 19:29:38.226,1.00429,1.0044,3.37,2.06
2017.01.18 19:29:38.532,1.00427,1.00437,2.25,3.41
2017.01.18 19:29:38.634,1.00427,1.00437,1.12,3.41
2017.01.18 19:29:39.518,1.00428,1.00437,1.00,1.12
2017.01.18 19:29:40.037,1.00428,1.00438,1.87,1.00
2017.01.18 19:29:41.009,1.00429,1.00438,1.00,1.00
2017.01.18 19:29:41.060,1.00431,1.00439,1.00,1.25
2017.01.18 19:29:41.263,1.00431,1.00441,1.50,1.00
2017.01.18 19:29:41.767,1.00431,1.00441,1.50,1.50
2017.01.18 19:29:44.236,1.00429,1.00441,3.19,1.50
2017.01.18 19:29:44.773,1.00429,1.00439,1.12,1.12
2017.01.18 19:29:50.248,1.0043,1.00439,1.00,1.12
2017.01.18 19:29:50.788,1.00429,1.00439,1.12,1.12
2017.01.18 19:29:52.615,1.00428,1.00438,1.62,1.00
2017.01.18 19:29:54.814,1.0043,1.00439,1.00,1.87
2017.01.18 19:29:55.381,1.0043,1.0044,1.87,1.31
2017.01.18 19:29:55.924,1.00431,1.0044,1.00,1.31
2017.01.18 19:29:56.775,1.00432,1.00442,1.00,1.37
2017.01.18 19:29:56.827,1.00431,1.00442,2.44,1.12
2017.01.18 19:29:57.233,1.0043,1.0044,2.25,1.00
2017.01.18 19:29:57.744,1.00432,1.00441,1.00,1.12
2017.01.18 19:29:58.051,1.00432,1.00441,3.19,1.00
2017.01.18 19:29:58.103,1.00432,1.00443,2.25,1.31
2017.01.18 19:29:58.205,1.00431,1.00441,2.06,1.00
2017.01.18 19:30:02.837,1.0043,1.00441,2.25,1.00
2017.01.18 19:30:02.888,1.00432,1.00441,1.00,1.00
2017.01.18 19:30:03.204,1.00434,1.00442,1.00,1.00
2017.01.18 19:30:03.892,1.00434,1.00443,1.00,1.31
2017.01.18 19:30:20.664,1.00433,1.00443,1.12,1.69
2017.01.18 19:30:21.200,1.00431,1.00441,1.69,1.00
2017.01.18 19:30:24.362,1.00432,1.00442,1.87,1.12
2017.01.18 19:30:25.961,1.00433,1.00442,1.00,1.12
2017.01.18 19:30:27.550,1.00432,1.00443,1.87,1.69
2017.01.18 19:30:28.086,1.00433,1.00442,1.00,1.12
2017.01.18 19:30:28.441,1.0043,1.00439,1.12,1.50
2017.01.18 19:30:28.982,1.00431,1.0044,1.00,1.37
2017.01.18 19:30:29.517,1.00432,1.0044,1.00,1.00
2017.01.18 19:30:30.025,1.0043,1.0044,1.50,1.00
2017.01.18 19:30:30.711,1.00431,1.00439,1.12,1.00
2017.01.18 19:30:30.795,1.00431,1.00441,1.12,3.19
2017.01.18 19:30:31.928,1.00432,1.00441,1.00,2.06
2017.01.18 19:30:36.799,1.0043,1.0044,1.75,1.00
2017.01.18 19:30:36.850,1.0043,1.0044,1.12,1.12
2017.01.18 19:30:37.748,1.00429,1.00439,1.62,1.00
2017.01.18 19:30:37.799,1.00427,1.00437,2.44,1.00
2017.01.18 19:30:37.850,1.00427,1.00437,1.87,1.00
2017.01.18 19:30:38.359,1.00428,1.00438,2.25,1.31
2017.01.18 19:30:39.283,1.00428,1.00438,1.00,1.62
2017.01.18 19:30:40.253,1.00428,1.00438,1.12,1.31
2017.01.18 19:30:41.979,1.00429,1.00439,1.50,1.69
2017.01.18 19:30:42.131,1.00432,1.0044,1.00,1.50
2017.01.18 19:30:42.486,1.00429,1.00439,1.25,1.37
2017.01.18 19:30:43.018,1.00429,1.00439,1.25,1.00
2017.01.18 19:30:45.965,1.00428,1.00439,2.44,1.50
2017.01.18 19:30:53.903,1.0043,1.00439,1.00,1.50
2017.01.18 19:30:54.106,1.0043,1.00441,1.12,3.56
2017.01.18 19:30:55.588,1.00427,1.00438,2.81,1.12
2017.01.18 19:31:09.532,1.0043,1.00439,1.00,1.50
2017.01.18 19:31:10.144,1.00429,1.00439,2.06,1.00
2017.01.18 19:31:10.669,1.00431,1.00442,1.00,3.19
2017.01.18 19:31:11.209,1.0043,1.0044,1.12,1.12
2017.01.18 19:31:13.102,1.00431,1.0044,1.00,1.12
2017.01.18 19:31:13.610,1.0043,1.0044,1.87,1.12
2017.01.18 19:31:17.626,1.00432,1.00441,1.00,1.62
2017.01.18 19:31:17.829,1.00433,1.00442,1.00,1.12
2017.01.18 19:31:18.084,1.0043,1.00441,2.25,1.12
2017.01.18 19:31:18.938,1.0043,1.0044,1.50,1.50
2017.01.18 19:31:19.440,1.0043,1.0044,1.00,1.50
2017.01.18 19:31:20.350,1.0043,1.0044,1.12,1.12
2017.01.18 19:31:23.099,1.00433,1.00442,1.50,3.37
2017.01.18 19:31:23.334,1.00431,1.00441,1.12,1.31
2017.01.18 19:31:23.537,1.00431,1.00441,1.12,2.06
2017.01.18 19:31:24.068,1.0043,1.0044,1.00,1.37
2017.01.18 19:31:25.010,1.00431,1.00441,1.00,1.69
2017.01.18 19:31:29.517,1.0043,1.00441,1.50,1.69
2017.01.18 19:31:30.035,1.00429,1.0044,2.81,1.37
2017.01.18 19:31:32.357,1.0043,1.0044,1.00,1.37
2017.01.18 19:31:32.611,1.00431,1.00442,1.12,2.81
2017.01.18 19:31:36.324,1.00432,1.00441,1.00,1.12
2017.01.18 19:31:36.866,1.00433,1.00442,1.12,1.00
2017.01.18 19:31:37.475,1.00433,1.00443,1.87,1.33
2017.01.18 19:31:37.577,1.00435,1.00444,1.00,1.37
2017.01.18 19:31:37.679,1.00435,1.00445,1.12,3.00
2017.01.18 19:31:37.881,1.00433,1.00443,2.25,1.00
2017.01.18 19:31:38.288,1.00436,1.00445,1.00,1.12
2017.01.18 19:31:38.696,1.00438,1.00446,1.00,1.31
2017.01.18 19:31:39.203,1.00437,1.00446,1.00,1.31
2017.01.18 19:31:39.851,1.00438,1.00447,1.00,1.69
2017.01.18 19:31:42.248,1.00437,1.00447,1.50,1.69
2017.01.18 19:31:44.415,1.00438,1.00447,1.00,1.69
2017.01.18 19:31:44.942,1.00437,1.00447,1.00,2.44
2017.01.18 19:31:46.162,1.00438,1.00447,1.00,1.94
2017.01.18 19:31:46.780,1.00437,1.00447,1.50,1.94
2017.01.18 19:31:47.312,1.00438,1.00447,1.00,1.94
2017.01.18 19:31:49.377,1.00437,1.00447,1.50,1.94
2017.01.18 19:31:49.921,1.00438,1.00447,1.00,1.94
2017.01.18 19:31:50.435,1.00437,1.00447,1.50,1.94
2017.01.18 19:31:55.508,1.00438,1.00447,1.00,1.94
2017.01.18 19:31:56.033,1.00437,1.00447,1.50,1.94
2017.01.18 19:31:59.154,1.00436,1.00446,2.25,1.69
2017.01.18 19:31:59.866,1.00434,1.00444,1.50,1.25
2017.01.18 19:32:00.378,1.00435,1.00445,1.50,1.12
2017.01.18 19:32:00.530,1.00435,1.00445,3.75,1.00
2017.01.18 19:32:01.036,1.00436,1.00446,1.12,2.06
2017.01.18 19:32:05.141,1.00435,1.00446,3.00,2.44
2017.01.18 19:32:05.293,1.00434,1.00444,1.31,1.50
2017.01.18 19:32:14.446,1.00435,1.00444,1.00,1.50
2017.01.18 19:32:15.583,1.00436,1.00444,1.00,1.00
2017.01.18 19:32:16.102,1.00435,1.00445,1.87,1.12
2017.01.18 19:32:18.918,1.00436,1.00446,1.50,2.06
2017.01.18 19:32:19.440,1.00436,1.00446,2.62,1.31
2017.01.18 19:32:24.027,1.00437,1.00447,1.00,2.06
2017.01.18 19:32:26.742,1.00438,1.00447,1.00,2.06
2017.01.18 19:32:28.142,1.00437,1.00447,2.44,1.50
2017.01.18 19:32:28.983,1.00438,1.00447,1.00,1.50
2017.01.18 19:32:29.508,1.00437,1.00447,2.44,1.50
2017.01.18 19:32:34.607,1.00436,1.00446,2.62,1.00
2017.01.18 19:32:34.810,1.00438,1.00447,1.00,1.69
2017.01.18 19:32:36.322,1.00439,1.00449,1.00,3.41
2017.01.18 19:32:36.504,1.00439,1.00449,1.00,3.41
2017.01.18 19:32:38.533,1.00437,1.00449,3.19,2.66
2017.01.18 19:32:39.105,1.00439,1.00449,1.00,2.66
2017.01.18 19:32:40.636,1.00438,1.00449,1.00,3.41
2017.01.18 19:32:42.513,1.00439,1.00449,1.00,3.41
2017.01.18 19:32:42.817,1.00436,1.00448,3.75,3.19
2017.01.18 19:32:43.122,1.00439,1.00448,1.00,2.25
2017.01.18 19:32:43.832,1.00437,1.00447,1.12,2.81
2017.01.18 19:32:55.604,1.00438,1.00447,1.00,1.12
2017.01.18 19:32:56.129,1.00439,1.00448,1.00,1.69
2017.01.18 19:32:59.430,1.0044,1.00449,1.00,2.10
2017.01.18 19:32:59.675,1.00442,1.0045,1.00,1.56
2017.01.18 19:32:59.828,1.0044,1.0045,1.87,1.31
2017.01.18 19:33:02.312,1.0044,1.0045,1.12,2.25
2017.01.18 19:33:02.416,1.0044,1.0045,1.50,2.62
2017.01.18 19:33:02.518,1.0044,1.0045,1.69,1.00
2017.01.18 19:33:02.721,1.00443,1.00451,1.00,1.50
2017.01.18 19:33:03.126,1.00441,1.00451,1.00,1.31
2017.01.18 19:33:04.151,1.0044,1.0045,1.00,1.69
2017.01.18 19:33:08.687,1.00441,1.0045,1.00,1.69
2017.01.18 19:33:09.235,1.00442,1.0045,1.00,1.69
2017.01.18 19:33:10.266,1.00441,1.0045,1.00,1.69
2017.01.18 19:33:11.338,1.00441,1.00451,1.12,1.12
2017.01.18 19:33:15.502,1.00446,1.00455,1.87,4.12
2017.01.18 19:33:15.637,1.00446,1.00456,2.25,1.12
2017.01.18 19:33:17.581,1.00445,1.00455,2.06,1.00
2017.01.18 19:33:17.682,1.00443,1.00452,2.06,1.00
2017.01.18 19:33:17.733,1.00442,1.00452,2.25,1.00
2017.01.18 19:33:17.835,1.00441,1.00451,1.87,2.44
2017.01.18 19:33:18.089,1.0044,1.0045,1.87,1.12
2017.01.18 19:33:34.759,1.00439,1.00449,1.69,1.12
2017.01.18 19:33:38.572,1.0044,1.00451,1.00,3.00
2017.01.18 19:33:41.345,1.00441,1.00451,1.69,1.87
2017.01.18 19:33:41.396,1.00442,1.00451,1.00,1.12
2017.01.18 19:33:46.008,1.00441,1.00451,2.25,1.31
2017.01.18 19:33:46.549,1.0044,1.0045,1.00,1.87
2017.01.18 19:33:47.085,1.00439,1.00449,2.44,1.12
2017.01.18 19:33:49.009,1.00439,1.00449,2.06,1.37
2017.01.18 19:33:49.599,1.00439,1.00449,1.31,1.00
2017.01.18 19:33:55.663,1.00442,1.00449,1.00,1.00
2017.01.18 19:33:55.817,1.00442,1.00452,1.00,1.50
2017.01.18 19:33:56.433,1.00442,1.00452,1.12,1.12
2017.01.18 19:33:59.654,1.00445,1.00454,1.69,1.75
2017.01.18 19:33:59.806,1.00445,1.00455,2.44,1.50
2017.01.18 19:34:00.014,1.00447,1.00457,1.00,1.31
2017.01.18 19:34:00.261,1.00449,1.00459,1.12,1.62
2017.01.18 19:34:00.363,1.00451,1.00459,1.00,1.31
2017.01.18 19:34:02.992,1.00449,1.0046,2.25,1.69
2017.01.18 19:34:03.502,1.00448,1.00458,1.12,1.50
2017.01.18 19:34:04.052,1.00448,1.00458,1.50,1.12
2017.01.18 19:34:05.725,1.00448,1.00454,1.00,1.00
2017.01.18 19:34:05.809,1.00443,1.00454,1.87,2.44
2017.01.18 19:34:05.861,1.00442,1.00452,4.31,1.00
2017.01.18 19:34:05.912,1.00442,1.00452,1.69,1.12
2017.01.18 19:34:06.419,1.00442,1.00452,2.06,1.50
2017.01.18 19:34:06.937,1.00443,1.00453,1.50,1.50
2017.01.18 19:34:07.149,1.00447,1.00456,2.81,2.62
2017.01.18 19:34:07.251,1.00447,1.00458,3.94,2.62
2017.01.18 19:34:08.076,1.00447,1.00457,2.44,1.00
2017.01.18 19:34:12.772,1.00447,1.00457,1.12,1.69
2017.01.18 19:34:13.304,1.00448,1.00457,1.00,1.69
2017.01.18 19:34:13.811,1.00447,1.00457,1.12,1.69
2017.01.18 19:34:25.672,1.00446,1.00455,1.50,1.00
2017.01.18 19:34:25.766,1.00445,1.00452,1.37,1.00
2017.01.18 19:34:25.870,1.00439,1.00449,1.87,1.50
2017.01.18 19:34:26.326,1.00441,1.00449,1.00,1.50
2017.01.18 19:34:26.580,1.00439,1.00449,2.25,1.50
2017.01.18 19:34:29.402,1.00438,1.00448,2.06,1.00
2017.01.18 19:34:37.668,1.00439,1.00449,1.12,1.87
2017.01.18 19:34:40.375,1.00438,1.00449,1.25,2.25
2017.01.18 19:34:46.501,1.0044,1.00449,1.00,2.06
2017.01.18 19:34:46.805,1.00438,1.00448,1.12,1.12
2017.01.18 19:34:47.401,1.00437,1.00447,1.00,1.50
2017.01.18 19:34:49.583,1.00438,1.00448,1.00,1.75
2017.01.18 19:34:53.182,1.00439,1.00448,1.00,1.75
2017.01.18 19:34:53.334,1.00439,1.00448,1.00,1.12
2017.01.18 19:34:55.001,1.00438,1.00448,2.25,1.12
2017.01.18 19:34:58.833,1.00437,1.00447,2.25,1.69
2017.01.18 19:34:59.138,1.00436,1.00448,1.00,2.06
2017.01.18 19:35:00.184,1.00435,1.00444,1.37,2.81
2017.01.18 19:35:00.438,1.00429,1.00439,2.06,1.12
2017.01.18 19:35:00.945,1.00429,1.00439,2.44,1.00
2017.01.18 19:35:01.494,1.0043,1.0044,1.87,1.12
2017.01.18 19:35:02.015,1.00429,1.00439,2.06,1.00
2017.01.18 19:35:02.537,1.00429,1.00439,1.31,1.12
2017.01.18 19:35:06.627,1.00428,1.00438,1.69,1.87
2017.01.18 19:35:15.859,1.00427,1.00438,2.44,1.87
2017.01.18 19:35:21.835,1.00427,1.00437,1.00,1.50
2017.01.18 19:35:22.038,1.00426,1.00431,1.00,1.00
2017.01.18 19:35:22.451,1.0042,1.0043,1.25,1.00
2017.01.18 19:35:23.122,1.00419,1.0043,2.25,1.69
2017.01.18 19:35:23.342,1.00422,1.0043,1.00,1.25
2017.01.18 19:35:23.850,1.00421,1.00431,1.50,1.00
2017.01.18 19:35:29.882,1.00423,1.00432,1.00,1.00
2017.01.18 19:35:30.389,1.00423,1.00433,1.87,1.31
2017.01.18 19:35:30.869,1.00426,1.00435,1.50,1.37
2017.01.18 19:35:30.971,1.00427,1.00436,1.12,1.00
2017.01.18 19:35:31.837,1.00427,1.00437,2.62,1.50
2017.01.18 19:35:32.384,1.00426,1.00436,1.37,1.50
2017.01.18 19:35:32.890,1.00426,1.00436,2.62,1.12
2017.01.18 19:35:35.553,1.00427,1.00437,1.00,2.62
2017.01.18 19:35:35.940,1.00428,1.00437,1.50,1.00
2017.01.18 19:35:36.568,1.00428,1.00438,1.50,1.87
2017.01.18 19:35:37.742,1.0043,1.00439,1.00,2.06
2017.01.18 19:35:38.249,1.00429,1.00439,1.75,1.25
2017.01.18 19:35:41.612,1.00428,1.00439,2.25,2.06
2017.01.18 19:35:44.228,1.00428,1.00439,1.50,1.25
2017.01.18 19:35:44.736,1.00429,1.00439,1.00,1.25
2017.01.18 19:35:45.015,1.00431,1.00439,1.00,1.25
2017.01.18 19:35:45.553,1.0043,1.0044,1.87,1.31
2017.01.18 19:35:47.655,1.00431,1.0044,1.00,1.31
2017.01.18 19:35:51.480,1.0043,1.0044,1.12,1.31
2017.01.18 19:35:51.635,1.00428,1.00439,1.50,2.44
2017.01.18 19:35:54.168,1.00429,1.00439,1.00,1.69
2017.01.18 19:35:54.919,1.00428,1.00439,2.62,1.69
2017.01.18 19:35:55.456,1.00429,1.00439,1.00,1.69
2017.01.18 19:36:12.582,1.00428,1.00439,1.12,1.69
2017.01.18 19:36:19.383,1.0043,1.00439,1.00,1.69
2017.01.18 19:36:19.901,1.00429,1.00439,1.00,1.69
2017.01.18 19:36:24.715,1.00428,1.0044,2.62,2.06
2017.01.18 19:36:25.121,1.0043,1.00438,6.00,1.00
2017.01.18 19:36:25.424,1.00428,1.00439,1.87,1.69
2017.01.18 19:36:26.730,1.00429,1.00439,1.00,1.69
2017.01.18 19:36:30.096,1.0043,1.0044,1.00,2.06
2017.01.18 19:36:30.147,1.00432,1.0044,1.00,1.12
2017.01.18 19:36:30.249,1.00433,1.00442,2.25,2.81
2017.01.18 19:36:30.453,1.00433,1.00442,1.87,1.25
2017.01.18 19:36:31.000,1.00433,1.00442,1.50,1.62
2017.01.18 19:36:32.353,1.00434,1.00443,1.00,1.12
2017.01.18 19:36:32.596,1.00435,1.00444,3.00,1.87
2017.01.18 19:36:38.046,1.00435,1.00442,3.00,1.00
2017.01.18 19:36:38.097,1.00435,1.00442,1.50,2.06
2017.01.18 19:36:38.148,1.00429,1.00441,3.56,1.62
2017.01.18 19:36:39.032,1.00431,1.00441,1.50,2.06
2017.01.18 19:36:39.287,1.00432,1.00442,1.87,1.12
2017.01.18 19:36:41.093,1.00431,1.00441,1.50,1.25
2017.01.18 19:36:41.397,1.00433,1.00442,1.50,1.12
2017.01.18 19:36:41.702,1.00437,1.00447,3.75,2.06
2017.01.18 19:36:41.854,1.00437,1.00447,3.75,2.44
2017.01.18 19:36:43.127,1.00438,1.00447,1.00,1.69
2017.01.18 19:36:46.408,1.00437,1.00447,3.00,1.69
2017.01.18 19:36:49.881,1.00438,1.00449,1.00,2.81
2017.01.18 19:36:50.034,1.00439,1.00449,1.87,1.25
2017.01.18 19:36:50.743,1.00438,1.00449,1.12,1.62
2017.01.18 19:37:00.343,1.00438,1.00448,1.12,1.12
2017.01.18 19:37:02.218,1.0044,1.00449,1.00,1.69
2017.01.18 19:37:02.524,1.00443,1.00451,1.00,1.62
2017.01.18 19:37:02.575,1.0044,1.00451,4.12,1.62
2017.01.18 19:37:02.726,1.00442,1.00451,1.00,1.62
2017.01.18 19:37:02.828,1.0044,1.00451,4.87,1.62
2017.01.18 19:37:03.362,1.00439,1.00449,1.69,1.12
2017.01.18 19:37:03.463,1.00439,1.00449,1.25,1.75
2017.01.18 19:37:03.982,1.0044,1.00449,1.00,1.75
2017.01.18 19:37:04.493,1.00438,1.00449,2.44,1.75
2017.01.18 19:37:06.951,1.0044,1.00449,1.00,1.75
2017.01.18 19:37:07.510,1.00439,1.0045,1.25,2.62
2017.01.18 19:37:08.707,1.0044,1.0045,1.00,2.62
2017.01.18 19:37:09.225,1.00439,1.0045,1.25,2.62
2017.01.18 19:37:10.369,1.00438,1.00449,2.06,1.50
2017.01.18 19:37:18.160,1.00441,1.0045,1.00,1.87
2017.01.18 19:37:18.666,1.0044,1.0045,3.00,1.50
2017.01.18 19:37:19.225,1.00439,1.00449,2.06,1.12
2017.01.18 19:37:21.295,1.0044,1.0045,1.50,1.50
2017.01.18 19:37:21.599,1.00443,1.00451,1.00,1.50
2017.01.18 19:37:21.651,1.00441,1.00451,1.00,1.69
2017.01.18 19:37:22.158,1.00441,1.0045,1.00,1.50
2017.01.18 19:37:24.178,1.0044,1.00451,3.00,2.00
2017.01.18 19:37:24.470,1.00439,1.00449,1.25,1.75
2017.01.18 19:37:27.516,1.00438,1.00447,1.00,1.12
2017.01.18 19:37:28.048,1.00437,1.00448,3.19,2.00
2017.01.18 19:37:34.378,1.00439,1.00448,1.00,2.00
2017.01.18 19:37:34.480,1.00439,1.00448,1.00,1.31
2017.01.18 19:37:37.307,1.00439,1.00447,1.00,1.00
2017.01.18 19:37:37.813,1.00439,1.00448,1.00,2.00
2017.01.18 19:37:38.435,1.00439,1.00448,1.00,1.69
2017.01.18 19:37:41.599,1.00438,1.00449,1.50,2.06
2017.01.18 19:37:41.853,1.0044,1.00449,1.00,2.25
2017.01.18 19:37:42.095,1.0044,1.00451,1.12,1.69
2017.01.18 19:37:42.602,1.00439,1.00451,1.12,2.81
2017.01.18 19:37:50.463,1.0044,1.0045,1.00,2.06
2017.01.18 19:37:50.972,1.00441,1.0045,1.00,1.69
2017.01.18 19:37:56.193,1.00439,1.0045,2.62,1.69
2017.01.18 19:38:00.317,1.00438,1.0045,1.31,2.06
2017.01.18 19:38:12.328,1.00439,1.00449,1.00,1.50
2017.01.18 19:38:12.863,1.00438,1.00449,1.87,1.50
2017.01.18 19:38:18.716,1.0044,1.0045,1.50,1.87
2017.01.18 19:38:19.222,1.00439,1.00449,1.00,1.75
2017.01.18 19:38:19.732,1.00438,1.00448,1.50,1.50
2017.01.18 19:38:30.501,1.00439,1.00449,1.50,1.75
2017.01.18 19:38:30.552,1.00439,1.00449,1.50,1.00
2017.01.18 19:38:38.991,1.0044,1.00449,1.00,1.00
2017.01.18 19:38:39.145,1.00442,1.0045,1.00,1.69
2017.01.18 19:38:39.452,1.0044,1.0045,1.12,2.06
2017.01.18 19:38:39.959,1.00439,1.00449,1.12,1.12
2017.01.18 19:38:40.552,1.0044,1.0045,1.50,1.69
2017.01.18 19:38:43.653,1.00439,1.0045,1.87,1.69
2017.01.18 19:38:56.046,1.00438,1.00448,1.50,1.00
2017.01.18 19:38:56.561,1.00438,1.00448,1.12,1.12
2017.01.18 19:38:57.064,1.00438,1.00448,1.50,1.00
2017.01.18 19:39:05.291,1.00438,1.00449,2.44,1.87
2017.01.18 19:39:17.758,1.00442,1.0045,1.00,2.44
2017.01.18 19:39:17.963,1.00443,1.00452,1.50,1.31
2017.01.18 19:39:18.321,1.00441,1.00451,1.12,1.12
2017.01.18 19:39:18.726,1.00443,1.00451,1.00,1.12
2017.01.18 19:39:19.230,1.00444,1.00453,1.00,1.50
2017.01.18 19:39:19.333,1.00445,1.00454,1.00,1.50
2017.01.18 19:39:19.852,1.00444,1.00454,1.37,1.00
2017.01.18 19:39:20.004,1.00443,1.00453,1.69,1.12
2017.01.18 19:39:23.308,1.00444,1.00454,1.50,1.37
2017.01.18 19:39:23.460,1.00444,1.00455,2.25,2.06
2017.01.18 19:39:25.962,1.00443,1.00454,2.81,1.00
2017.01.18 19:39:30.432,1.00445,1.00455,1.12,1.69
2017.01.18 19:39:30.954,1.00446,1.00455,1.00,1.31
2017.01.18 19:39:31.347,1.00443,1.00454,2.44,1.12
2017.01.18 19:39:34.582,1.00442,1.00452,2.81,1.00
2017.01.18 19:39:34.735,1.0044,1.0045,1.87,1.00
2017.01.18 19:39:35.246,1.0044,1.0045,1.50,1.00
2017.01.18 19:39:35.524,1.00441,1.00451,2.81,1.12
2017.01.18 19:39:36.459,1.00442,1.00452,1.12,1.50
2017.01.18 19:39:36.968,1.0044,1.00451,2.25,1.31
2017.01.18 19:39:38.521,1.00442,1.00452,1.50,2.44
2017.01.18 19:39:38.839,1.00448,1.00456,1.00,1.00
2017.01.18 19:39:39.377,1.00447,1.00457,2.25,1.31
2017.01.18 19:39:40.345,1.00448,1.00457,1.00,1.31
2017.01.18 19:39:43.793,1.00449,1.00459,1.50,2.06
2017.01.18 19:39:43.945,1.0045,1.00459,1.00,1.31
2017.01.18 19:39:45.464,1.00451,1.00461,1.00,2.25
2017.01.18 19:39:45.668,1.00451,1.00461,1.12,1.50
2017.01.18 19:39:48.149,1.00453,1.00461,1.00,1.00
2017.01.18 19:39:48.465,1.00454,1.00464,1.37,1.69
2017.01.18 19:39:48.567,1.00453,1.00464,1.12,2.06
2017.01.18 19:39:50.430,1.00454,1.00463,1.00,1.31
2017.01.18 19:39:50.656,1.00455,1.00465,1.87,1.12
2017.01.18 19:39:50.758,1.00456,1.00465,1.50,1.00
2017.01.18 19:39:51.286,1.00456,1.00465,1.12,1.12
2017.01.18 19:39:51.882,1.00455,1.00467,1.87,2.06
2017.01.18 19:39:52.634,1.00456,1.00465,1.12,1.00
2017.01.18 19:39:56.249,1.00455,1.00465,1.12,1.12
2017.01.18 19:39:56.785,1.00456,1.00465,1.00,1.12
2017.01.18 19:40:01.291,1.00455,1.00465,1.12,1.12
2017.01.18 19:40:05.510,1.00454,1.00461,1.50,1.00
2017.01.18 19:40:05.840,1.00447,1.00457,2.62,1.00
2017.01.18 19:40:06.390,1.00448,1.00457,1.87,1.00
2017.01.18 19:40:06.976,1.00447,1.00458,2.62,1.31
2017.01.18 19:40:07.493,1.00449,1.00458,1.00,1.12
2017.01.18 19:40:07.999,1.00448,1.00458,2.06,1.12
2017.01.18 19:40:08.511,1.00448,1.00457,1.31,1.00
2017.01.18 19:40:09.024,1.00448,1.00458,1.12,1.31
2017.01.18 19:40:09.530,1.00449,1.00458,1.12,1.00
2017.01.18 19:40:10.081,1.00449,1.00459,1.50,1.87
2017.01.18 19:40:11.156,1.00447,1.00458,3.56,1.00
2017.01.18 19:40:11.786,1.00447,1.00459,3.56,1.87
2017.01.18 19:40:12.339,1.00448,1.00458,1.25,1.00
2017.01.18 19:40:15.590,1.00449,1.00458,1.00,1.00
2017.01.18 19:40:16.097,1.0045,1.00459,1.00,1.50
2017.01.18 19:40:18.182,1.00451,1.00461,1.00,1.94
2017.01.18 19:40:23.188,1.00454,1.00462,2.10,2.25
2017.01.18 19:40:23.432,1.00456,1.00466,1.00,1.50
2017.01.18 19:40:23.939,1.00455,1.00466,2.25,1.12
2017.01.18 19:40:27.405,1.00455,1.00465,2.25,1.00
2017.01.18 19:40:27.898,1.00458,1.00467,1.00,1.62
2017.01.18 19:40:28.051,1.00459,1.00468,1.00,1.87
2017.01.18 19:40:28.571,1.00458,1.00468,1.12,1.50
2017.01.18 19:40:30.307,1.00456,1.00466,2.06,1.00
2017.01.18 19:40:30.657,1.00455,1.00465,1.50,1.00
2017.01.18 19:40:30.861,1.00454,1.00462,1.00,1.00
2017.01.18 19:40:31.368,1.00452,1.00462,3.00,1.00
2017.01.18 19:40:31.892,1.00452,1.00463,3.00,1.12
2017.01.18 19:40:32.454,1.00452,1.00462,1.50,1.00
2017.01.18 19:40:33.021,1.00452,1.00462,1.12,1.12
2017.01.18 19:40:33.580,1.00453,1.00463,1.50,1.50
2017.01.18 19:40:36.519,1.00452,1.00462,1.12,1.12
2017.01.18 19:40:37.030,1.00453,1.00462,1.00,1.12
2017.01.18 19:40:37.550,1.00454,1.00463,1.00,1.50
2017.01.18 19:40:38.131,1.00454,1.00463,1.00,1.12
2017.01.18 19:40:38.435,1.00456,1.00466,1.00,2.81
2017.01.18 19:40:40.829,1.00456,1.00466,1.87,1.31
2017.01.18 19:40:42.348,1.00456,1.00465,1.12,1.00
2017.01.18 19:40:42.878,1.00455,1.00464,1.50,1.00
2017.01.18 19:40:43.645,1.00455,1.00464,1.12,1.00
2017.01.18 19:40:44.371,1.00456,1.00464,1.50,1.00
2017.01.18 19:40:44.878,1.00455,1.00464,1.12,1.00
2017.01.18 19:40:47.499,1.00455,1.00465,1.12,1.50
2017.01.18 19:40:48.497,1.00455,1.00464,1.87,1.00
2017.01.18 19:40:49.107,1.00455,1.00465,1.87,1.12
2017.01.18 19:40:49.671,1.00456,1.00465,1.00,1.50
2017.01.18 19:40:50.173,1.00455,1.00465,1.50,1.50
2017.01.18 19:40:52.994,1.00454,1.00464,2.44,1.12
2017.01.18 19:40:53.297,1.00456,1.00465,1.00,1.12
2017.01.18 19:40:54.718,1.00458,1.00467,1.00,1.56
2017.01.18 19:40:54.988,1.00458,1.00468,1.12,1.12
2017.01.18 19:40:56.543,1.00456,1.00466,1.87,1.00
2017.01.18 19:40:56.799,1.00453,1.00463,2.25,1.00
2017.01.18 19:40:57.336,1.00453,1.00463,1.87,1.12
2017.01.18 19:40:58.205,1.00454,1.00464,1.50,1.87
2017.01.18 19:40:58.256,1.00457,1.00464,1.00,1.37
2017.01.18 19:40:58.459,1.00456,1.00466,1.12,1.12
2017.01.18 19:40:58.969,1.00455,1.00466,2.06,1.50
2017.01.18 19:40:59.172,1.00453,1.00462,1.25,1.00
2017.01.18 19:41:00.175,1.00454,1.00462,1.00,1.00
2017.01.18 19:41:00.379,1.00453,1.00464,2.06,1.00
2017.01.18 19:41:01.165,1.00453,1.00462,1.25,1.12
2017.01.18 19:41:01.671,1.00453,1.00463,2.44,1.00
2017.01.18 19:41:03.215,1.00453,1.00464,1.69,1.37
2017.01.18 19:41:03.527,1.00456,1.00466,1.50,2.25
2017.01.18 19:41:03.579,1.00456,1.00466,1.87,1.50
2017.01.18 19:41:04.158,1.00458,1.00467,1.00,1.31
2017.01.18 19:41:04.729,1.00462,1.00468,1.00,1.37
2017.01.18 19:41:04.884,1.00461,1.00471,1.25,1.50
2017.01.18 19:41:05.096,1.00461,1.00472,1.87,2.06
2017.01.18 19:41:05.199,1.0046,1.00469,1.12,1.87
2017.01.18 19:41:05.302,1.00458,1.00469,1.50,2.44
2017.01.18 19:41:06.176,1.00459,1.00469,1.00,1.50
2017.01.18 19:41:10.916,1.00461,1.0047,1.25,1.87
2017.01.18 19:41:11.222,1.00469,1.00474,1.50,1.00
2017.01.18 19:41:11.374,1.00469,1.00478,1.50,1.00
2017.01.18 19:41:11.952,1.00469,1.00479,1.50,1.00
2017.01.18 19:41:12.206,1.00468,1.00479,1.31,1.50
2017.01.18 19:41:12.880,1.00468,1.00477,1.00,1.00
2017.01.18 19:41:12.932,1.00466,1.00474,1.75,1.00
2017.01.18 19:41:12.983,1.00465,1.00474,1.69,1.00
2017.01.18 19:41:13.241,1.00467,1.00476,1.00,1.87
2017.01.18 19:41:13.292,1.00466,1.00477,2.62,2.62
2017.01.18 19:41:15.833,1.00471,1.00478,1.37,1.50
2017.01.18 19:41:15.884,1.00471,1.00477,3.19,1.00
2017.01.18 19:41:15.986,1.00471,1.00481,1.50,2.44
2017.01.18 19:41:16.415,1.00471,1.00481,1.69,1.00
2017.01.18 19:41:16.952,1.00471,1.00481,1.50,1.69
2017.01.18 19:41:17.205,1.00469,1.0048,2.06,1.37
2017.01.18 19:41:20.309,1.00469,1.00479,2.06,1.00
2017.01.18 19:41:20.825,1.0047,1.0048,1.12,1.12
2017.01.18 19:41:22.773,1.00468,1.00479,1.94,1.00
2017.01.18 19:41:23.300,1.00468,1.00478,1.31,1.12
2017.01.18 19:41:24.787,1.00468,1.00478,1.12,1.31
2017.01.18 19:41:25.488,1.00467,1.00477,1.50,1.00
2017.01.18 19:41:32.696,1.00469,1.00478,1.00,1.00
2017.01.18 19:41:33.347,1.0047,1.0048,1.87,1.31
2017.01.18 19:41:33.896,1.0047,1.0048,1.00,2.44
2017.01.18 19:41:34.406,1.00469,1.00479,1.00,2.62
2017.01.18 19:41:34.909,1.00468,1.00478,1.31,1.12
2017.01.18 19:41:36.193,1.00469,1.00479,1.00,2.25
2017.01.18 19:41:36.447,1.0047,1.0048,1.00,1.31
2017.01.18 19:41:37.052,1.00469,1.0048,1.12,1.69
2017.01.18 19:41:40.262,1.00468,1.00479,1.25,2.25
2017.01.18 19:41:40.792,1.00467,1.00479,3.79,2.25
2017.01.18 19:41:41.322,1.0047,1.0048,1.87,1.31
2017.01.18 19:41:45.991,1.00471,1.0048,1.00,1.31
2017.01.18 19:41:47.332,1.00473,1.00481,1.00,1.69
2017.01.18 19:41:47.638,1.00478,1.00488,2.06,1.12
2017.01.18 19:41:48.146,1.00479,1.00489,1.12,1.12
2017.01.18 19:41:52.362,1.00479,1.00489,1.37,1.00
2017.01.18 19:41:52.868,1.0048,1.00491,1.50,2.44
2017.01.18 19:41:53.381,1.0048,1.00489,1.00,1.00
2017.01.18 19:41:57.138,1.0048,1.0049,1.50,2.06
2017.01.18 19:41:57.495,1.00482,1.0049,1.00,1.31
2017.01.18 19:41:58.002,1.00481,1.00492,2.81,2.44
2017.01.18 19:41:58.571,1.00482,1.00492,1.00,2.44
2017.01.18 19:41:59.085,1.00481,1.0049,1.00,1.00
2017.01.18 19:41:59.753,1.00482,1.00491,1.00,1.37
2017.01.18 19:42:00.006,1.0048,1.0049,1.87,1.12
2017.01.18 19:42:05.699,1.00481,1.00492,1.00,3.56
2017.01.18 19:42:05.820,1.00483,1.00491,1.00,1.37
2017.01.18 19:42:06.328,1.00481,1.00491,3.94,1.00
2017.01.18 19:42:06.992,1.00482,1.00492,1.12,1.31
2017.01.18 19:42:10.720,1.00481,1.00491,2.25,1.31
2017.01.18 19:42:10.879,1.00479,1.00491,2.06,2.81
2017.01.18 19:42:16.733,1.00481,1.00491,1.00,2.81
2017.01.18 19:42:17.307,1.0048,1.00491,1.00,2.81
2017.01.18 19:42:18.409,1.00479,1.00491,3.19,3.19
2017.01.18 19:42:27.371,1.00479,1.0049,1.69,1.50
2017.01.18 19:42:27.948,1.00479,1.00489,1.25,1.12
2017.01.18 19:42:28.269,1.00477,1.00485,1.00,2.44
2017.01.18 19:42:28.574,1.00476,1.0048,1.50,1.00
2017.01.18 19:42:28.884,1.00472,1.0048,1.00,1.00
2017.01.18 19:42:29.406,1.00471,1.00481,1.69,1.12
2017.01.18 19:42:29.835,1.00477,1.00483,1.00,1.87
2017.01.18 19:42:29.936,1.00477,1.00482,1.50,1.00
2017.01.18 19:42:30.038,1.00477,1.00486,1.50,2.25
2017.01.18 19:42:30.638,1.00477,1.00487,1.87,1.31
2017.01.18 19:42:32.151,1.00477,1.00487,1.50,1.62
2017.01.18 19:42:32.709,1.00477,1.00487,1.87,1.31
2017.01.18 19:42:37.240,1.00477,1.00487,1.00,2.06
2017.01.18 19:42:38.033,1.00476,1.00486,1.00,1.50
2017.01.18 19:42:40.362,1.00476,1.00486,1.12,1.12
2017.01.18 19:42:41.441,1.00477,1.00487,1.00,1.69
2017.01.18 19:42:42.191,1.00478,1.00487,1.12,1.25
2017.01.18 19:42:45.211,1.00479,1.00489,1.00,1.69
2017.01.18 19:42:46.482,1.00478,1.00489,1.00,1.94
2017.01.18 19:42:54.526,1.00477,1.00489,1.87,1.94
2017.01.18 19:42:55.176,1.00478,1.00488,1.50,1.69
2017.01.18 19:42:59.517,1.00477,1.00487,1.87,1.12
2017.01.18 19:43:00.020,1.00478,1.00488,1.50,1.69
2017.01.18 19:43:00.469,1.0048,1.00489,1.00,1.12
2017.01.18 19:43:00.570,1.00481,1.0049,1.00,2.25
2017.01.18 19:43:00.949,1.00479,1.0049,2.81,1.50
2017.01.18 19:43:08.682,1.00478,1.00488,1.69,1.00
2017.01.18 19:43:09.193,1.00478,1.00488,1.19,1.50
2017.01.18 19:43:09.835,1.00478,1.00488,1.00,1.69
2017.01.18 19:43:11.088,1.00479,1.0049,1.00,3.19
2017.01.18 19:43:11.615,1.00479,1.0049,1.00,2.44
2017.01.18 19:43:12.888,1.00479,1.0049,1.12,2.06
2017.01.18 19:43:19.025,1.0048,1.0049,1.00,2.06
2017.01.18 19:43:21.049,1.00481,1.00491,1.00,1.94
2017.01.18 19:43:23.143,1.0048,1.00491,1.12,1.94
2017.01.18 19:43:23.694,1.00481,1.00491,1.00,1.94
2017.01.18 19:43:24.888,1.0048,1.00491,1.12,1.94
2017.01.18 19:43:25.424,1.00481,1.00491,1.00,1.94
2017.01.18 19:43:25.931,1.00482,1.00491,1.00,1.94
2017.01.18 19:43:26.535,1.00481,1.00491,1.50,1.94
2017.01.18 19:43:27.083,1.00482,1.00491,1.00,1.94
2017.01.18 19:43:27.639,1.00481,1.00491,1.50,1.94
2017.01.18 19:43:33.419,1.00479,1.00491,3.00,1.94
2017.01.18 19:43:39.439,1.0048,1.00491,1.00,1.94
2017.01.18 19:43:40.043,1.00479,1.00491,3.00,1.94
2017.01.18 19:43:40.585,1.00479,1.0049,2.62,1.25
2017.01.18 19:43:55.186,1.00481,1.0049,1.00,1.25
2017.01.18 19:43:56.928,1.00481,1.00492,2.44,2.25
2017.01.18 19:43:57.080,1.00481,1.00492,2.44,1.12
2017.01.18 19:43:57.757,1.0048,1.00488,1.87,1.00
2017.01.18 19:43:57.808,1.0048,1.0049,1.87,1.50
2017.01.18 19:43:57.859,1.00481,1.0049,1.12,1.50
2017.01.18 19:43:58.432,1.00481,1.00491,2.44,1.00
2017.01.18 19:43:58.954,1.00481,1.00491,1.31,1.12
2017.01.18 19:44:01.177,1.00479,1.0049,4.69,1.00
2017.01.18 19:44:01.380,1.00479,1.0049,1.25,2.25
2017.01.18 19:44:01.889,1.00478,1.00489,2.81,1.00
2017.01.18 19:44:02.402,1.00479,1.00489,2.44,1.00
2017.01.18 19:44:03.057,1.0048,1.0049,1.12,1.12
2017.01.18 19:44:15.719,1.00479,1.00489,2.44,1.00
2017.01.18 19:44:16.262,1.00479,1.00489,1.69,1.50
2017.01.18 19:44:16.515,1.0048,1.0049,1.87,1.50
2017.01.18 19:44:18.090,1.00478,1.00489,2.06,1.00
2017.01.18 19:44:18.631,1.00478,1.00489,1.31,1.50
2017.01.18 19:44:20.538,1.00479,1.00489,2.81,1.12
2017.01.18 19:44:21.758,1.0048,1.0049,1.12,2.25
2017.01.18 19:44:26.586,1.00479,1.00489,2.44,1.00
2017.01.18 19:44:31.705,1.0048,1.0049,1.12,1.50
2017.01.18 19:44:37.345,1.0048,1.00492,2.81,3.56
2017.01.18 19:44:37.497,1.00481,1.00492,1.62,2.81
2017.01.18 19:44:38.236,1.00481,1.00492,1.31,2.81
2017.01.18 19:44:39.636,1.00479,1.0049,1.69,1.00
2017.01.18 19:44:39.788,1.00478,1.00489,2.44,1.50
2017.01.18 19:44:44.901,1.00479,1.00489,1.62,1.87
2017.01.18 19:44:49.941,1.00481,1.00489,1.00,1.50
2017.01.18 19:44:50.398,1.00479,1.0049,1.69,1.87
2017.01.18 19:45:00.306,1.00479,1.00489,1.25,2.62
2017.01.18 19:45:02.771,1.0048,1.00489,1.00,2.25
2017.01.18 19:45:03.370,1.00479,1.00489,1.25,1.50
2017.01.18 19:45:03.877,1.00478,1.00489,1.87,1.69
2017.01.18 19:45:03.979,1.0048,1.00489,1.00,1.50
2017.01.18 19:45:20.371,1.0048,1.00489,1.00,1.50
2017.01.18 19:45:21.077,1.0048,1.0049,1.12,1.69
2017.01.18 19:45:21.915,1.00481,1.0049,1.00,1.69
2017.01.18 19:45:22.481,1.0048,1.0049,1.87,1.31
2017.01.18 19:45:26.021,1.00479,1.00489,1.37,1.00
2017.01.18 19:45:27.575,1.00479,1.00489,1.12,1.12
2017.01.18 19:45:28.238,1.00479,1.00489,1.37,1.00
2017.01.18 19:45:31.299,1.00483,1.00491,1.00,1.00
2017.01.18 19:45:32.264,1.00482,1.00492,2.44,1.00
2017.01.18 19:45:33.341,1.00481,1.0049,1.75,1.00
2017.01.18 19:45:33.494,1.00478,1.00489,3.56,1.00
2017.01.18 19:45:50.322,1.00477,1.00488,3.56,1.12
2017.01.18 19:45:51.023,1.00477,1.00483,1.50,1.00
2017.01.18 19:45:51.226,1.00473,1.0048,1.19,1.00
2017.01.18 19:45:51.328,1.0047,1.0048,1.50,1.50
2017.01.18 19:45:51.533,1.00472,1.0048,1.00,1.00
2017.01.18 19:45:52.124,1.0047,1.0048,2.25,1.00
2017.01.18 19:45:55.417,1.00469,1.0048,1.50,1.50
2017.01.18 19:45:55.941,1.0047,1.0048,1.00,1.50
2017.01.18 19:45:59.933,1.00469,1.0048,1.12,2.25
2017.01.18 19:46:00.481,1.00469,1.0048,1.50,1.12
2017.01.18 19:46:01.416,1.00469,1.0048,1.00,3.37
2017.01.18 19:46:03.746,1.00468,1.00479,1.31,2.25
2017.01.18 19:46:08.331,1.00466,1.00475,2.81,1.00
2017.01.18 19:46:08.537,1.00463,1.00473,1.12,1.87
2017.01.18 19:46:08.743,1.00464,1.00473,1.50,1.00
2017.01.18 19:46:09.249,1.00464,1.00475,1.69,1.31
2017.01.18 19:46:10.021,1.00463,1.00474,2.06,1.50
2017.01.18 19:46:12.542,1.00466,1.00474,2.25,1.50
2017.01.18 19:46:12.593,1.00466,1.00477,2.25,2.44
2017.01.18 19:46:12.847,1.00467,1.00478,4.31,1.12
2017.01.18 19:46:17.694,1.00467,1.00475,1.12,1.00
2017.01.18 19:46:17.796,1.00466,1.00476,1.25,1.50
2017.01.18 19:46:17.999,1.00467,1.00477,3.00,1.00
2017.01.18 19:46:18.835,1.00467,1.00478,3.00,1.69
2017.01.18 19:46:20.378,1.00467,1.00478,2.62,2.06
2017.01.18 19:46:25.574,1.00468,1.00478,1.00,2.06
2017.01.18 19:46:26.087,1.00468,1.00478,2.44,1.12
2017.01.18 19:46:29.377,1.00468,1.00478,2.06,1.12
2017.01.18 19:46:37.736,1.00469,1.00479,1.00,1.87
2017.01.18 19:46:37.837,1.00471,1.00481,1.25,1.87
2017.01.18 19:46:42.042,1.00473,1.00482,1.00,1.87
2017.01.18 19:46:42.549,1.00472,1.00482,1.87,1.00
2017.01.18 19:46:43.186,1.00471,1.00481,2.44,1.00
2017.01.18 19:46:43.337,1.0047,1.0048,1.50,1.00
2017.01.18 19:46:43.859,1.0047,1.0048,1.12,1.12
2017.01.18 19:46:51.137,1.00472,1.00481,1.00,1.37
2017.01.18 19:46:51.239,1.00473,1.00482,1.00,1.12
2017.01.18 19:46:51.442,1.00471,1.0048,1.75,1.00
2017.01.18 19:46:51.544,1.0047,1.0048,2.25,1.00
2017.01.18 19:46:52.405,1.0047,1.00481,2.25,1.31
2017.01.18 19:46:54.419,1.0047,1.00481,1.12,1.69
2017.01.18 19:47:00.798,1.00469,1.00479,1.69,1.00
2017.01.18 19:47:01.331,1.00469,1.00479,1.31,1.12
2017.01.18 19:47:20.482,1.00471,1.00481,1.00,2.44
2017.01.18 19:47:20.584,1.00472,1.00481,1.00,1.69
2017.01.18 19:47:31.018,1.00469,1.0048,5.06,1.00
2017.01.18 19:47:31.120,1.00469,1.0048,3.94,1.12
2017.01.18 19:47:36.075,1.00469,1.00479,2.81,1.00
2017.01.18 19:47:40.317,1.00469,1.00479,1.00,1.00
2017.01.18 19:47:41.787,1.0047,1.00479,1.12,1.00
2017.01.18 19:47:42.309,1.00469,1.00479,2.25,1.00
2017.01.18 19:47:43.257,1.00469,1.00481,1.75,3.00
2017.01.18 19:47:51.742,1.00473,1.00481,2.62,1.50
2017.01.18 19:47:51.946,1.00473,1.00484,2.81,4.12
2017.01.18 19:47:52.474,1.00474,1.00484,1.00,3.75
2017.01.18 19:47:52.979,1.00474,1.00483,1.00,1.00
2017.01.18 19:47:57.634,1.00472,1.00484,3.75,3.75
2017.01.18 19:47:58.164,1.00473,1.00484,1.50,5.25
2017.01.18 19:48:00.403,1.00473,1.00482,1.50,1.00
2017.01.18 19:48:00.758,1.00474,1.00484,1.50,3.00
2017.01.18 19:48:10.410,1.00474,1.00484,1.50,3.75
2017.01.18 19:48:10.562,1.00472,1.00483,1.69,1.50
2017.01.18 19:48:11.659,1.00475,1.00484,1.69,4.12
2017.01.18 19:48:11.762,1.00476,1.00484,1.12,2.62
2017.01.18 19:48:12.387,1.00477,1.00484,1.00,2.62
2017.01.18 19:48:12.921,1.00476,1.00484,1.87,2.62
2017.01.18 19:48:18.190,1.00476,1.00483,1.12,2.10
2017.01.18 19:48:18.292,1.00473,1.00481,1.12,1.25
2017.01.18 19:48:18.842,1.00474,1.00482,1.00,1.12
2017.01.18 19:48:19.366,1.00472,1.00483,1.87,1.50
2017.01.18 19:48:20.628,1.00472,1.00483,1.87,1.50
2017.01.18 19:48:21.741,1.0047,1.0048,2.62,1.00
2017.01.18 19:48:22.250,1.00471,1.0048,1.12,1.00
2017.01.18 19:48:26.337,1.0047,1.00481,3.00,2.06
2017.01.18 19:48:26.863,1.00471,1.00482,1.25,1.00
2017.01.18 19:48:27.401,1.00471,1.00482,1.00,1.56
2017.01.18 19:48:28.601,1.0047,1.0048,1.87,1.00
2017.01.18 19:48:29.122,1.0047,1.0048,1.87,1.50
2017.01.18 19:48:31.642,1.00471,1.0048,1.00,1.50
2017.01.18 19:48:31.946,1.00473,1.00481,1.00,1.00
2017.01.18 19:48:32.392,1.0047,1.0048,1.50,1.50
2017.01.18 19:48:37.090,1.00468,1.00479,1.69,1.87
2017.01.18 19:48:42.225,1.00468,1.00478,1.31,1.12
2017.01.18 19:48:47.763,1.00469,1.00479,1.50,2.62
2017.01.18 19:48:48.271,1.0047,1.00479,1.00,2.25
2017.01.18 19:48:51.172,1.00469,1.00479,1.50,1.50
2017.01.18 19:48:59.057,1.00468,1.00478,1.12,1.12
2017.01.18 19:49:00.340,1.00468,1.00478,1.37,1.00
2017.01.18 19:49:02.941,1.00467,1.00478,2.81,1.00
2017.01.18 19:49:04.059,1.00469,1.00478,1.00,1.00
2017.01.18 19:49:06.082,1.00469,1.00479,1.87,1.12
2017.01.18 19:49:07.100,1.00468,1.00478,2.44,1.00
2017.01.18 19:49:10.112,1.00469,1.00479,1.12,1.12
2017.01.18 19:49:12.243,1.00469,1.0048,2.25,1.31
2017.01.18 19:49:12.766,1.00468,1.0048,2.81,1.69
2017.01.18 19:49:13.719,1.00468,1.00479,2.06,1.00
2017.01.18 19:49:14.511,1.00468,1.00479,1.12,1.19
2017.01.18 19:49:14.664,1.00467,1.00478,1.50,1.25
2017.01.18 19:49:42.497,1.00468,1.00478,1.12,2.62
2017.01.18 19:49:44.397,1.00468,1.00478,1.12,2.62
2017.01.18 19:49:52.282,1.00467,1.00477,2.25,1.00
2017.01.18 19:49:52.817,1.00467,1.00477,1.00,1.50
2017.01.18 19:49:56.353,1.00467,1.00477,1.12,1.00
2017.01.18 19:49:57.005,1.00468,1.00478,1.00,2.06
2017.01.18 19:50:04.381,1.00467,1.00478,1.12,3.19
2017.01.18 19:50:06.616,1.00468,1.00478,1.00,2.44
2017.01.18 19:50:13.435,1.00469,1.00478,1.00,1.50
2017.01.18 19:50:13.944,1.00468,1.00478,2.25,1.12
2017.01.18 19:50:14.756,1.00467,1.00477,1.75,1.00
2017.01.18 19:50:14.858,1.00467,1.00477,1.00,1.00
2017.01.18 19:50:15.401,1.00467,1.00477,1.50,1.00
2017.01.18 19:50:27.344,1.00467,1.00478,2.25,2.81
2017.01.18 19:50:27.648,1.00466,1.00477,1.31,1.50
2017.01.18 19:50:28.277,1.00466,1.00477,1.69,1.12
2017.01.18 19:50:31.572,1.00467,1.00478,2.25,2.81
2017.01.18 19:50:34.345,1.00467,1.00477,1.50,1.00
2017.01.18 19:50:34.891,1.00467,1.00477,1.00,2.62
2017.01.18 19:50:35.923,1.00464,1.00472,3.00,1.00
2017.01.18 19:50:36.126,1.00458,1.0047,2.06,2.62
2017.01.18 19:50:36.669,1.00461,1.0047,1.87,1.00
2017.01.18 19:50:37.201,1.00461,1.00471,2.62,1.12
2017.01.18 19:50:46.068,1.00461,1.00472,3.22,1.87
2017.01.18 19:50:47.399,1.00464,1.00473,1.00,1.87
2017.01.18 19:50:47.501,1.00464,1.00474,3.00,1.69
2017.01.18 19:50:47.772,1.00465,1.00475,2.06,1.12
2017.01.18 19:50:54.579,1.00464,1.00474,1.62,1.00
2017.01.18 19:50:57.009,1.00464,1.00474,1.25,1.50
2017.01.18 19:50:58.262,1.00466,1.00476,1.00,2.62
2017.01.18 19:50:58.313,1.00466,1.00476,1.12,2.25
2017.01.18 19:50:58.819,1.00464,1.00475,1.37,1.00
2017.01.18 19:51:00.316,1.00464,1.00475,1.87,1.87
2017.01.18 19:51:06.934,1.00463,1.00472,1.37,1.00
2017.01.18 19:51:07.086,1.00462,1.00472,1.31,1.12
2017.01.18 19:51:07.928,1.00463,1.00472,1.00,1.87
2017.01.18 19:51:08.434,1.00463,1.00473,2.25,1.00
2017.01.18 19:51:16.405,1.00464,1.00474,1.87,1.69
2017.01.18 19:51:19.328,1.00463,1.00473,2.25,1.00
2017.01.18 19:51:21.371,1.00466,1.00474,1.00,1.31
2017.01.18 19:51:21.616,1.00466,1.00476,1.12,1.31
2017.01.18 19:51:22.369,1.00467,1.00477,1.37,2.44
2017.01.18 19:51:23.467,1.00467,1.00477,4.54,1.12
2017.01.18 19:51:24.249,1.00468,1.00478,1.12,1.00
2017.01.18 19:51:24.853,1.00469,1.00479,1.00,1.87
2017.01.18 19:51:27.792,1.00467,1.00478,4.54,1.12
2017.01.18 19:51:31.606,1.00466,1.00476,5.25,1.00
2017.01.18 19:51:32.169,1.00467,1.00477,1.54,1.87
2017.01.18 19:51:32.703,1.00467,1.00478,2.29,1.87
2017.01.18 19:51:38.395,1.00468,1.00478,1.87,1.50
2017.01.18 19:51:40.318,1.00468,1.00478,1.00,1.69
2017.01.18 19:51:42.236,1.00467,1.00477,2.47,1.00
2017.01.18 19:51:42.832,1.00467,1.00478,2.29,2.25
2017.01.18 19:51:44.752,1.00467,1.00476,2.29,1.00
2017.01.18 19:51:44.955,1.00467,1.00478,2.10,2.06
2017.01.18 19:52:02.454,1.00467,1.00477,3.04,1.00
2017.01.18 19:52:03.030,1.00467,1.00478,3.04,2.25
2017.01.18 19:52:03.681,1.00467,1.00477,3.04,1.00
2017.01.18 19:52:04.324,1.00467,1.00478,3.04,2.25
2017.01.18 19:52:09.163,1.00466,1.00475,3.37,1.00
2017.01.18 19:52:09.432,1.00465,1.00475,1.31,1.87
2017.01.18 19:52:10.221,1.00465,1.00473,1.12,1.00
2017.01.18 19:52:10.772,1.00465,1.00474,1.12,1.00
2017.01.18 19:52:14.111,1.00465,1.00475,2.62,2.06
2017.01.18 19:52:14.663,1.00466,1.00476,1.00,3.00
2017.01.18 19:52:16.026,1.00466,1.00474,1.00,1.00
2017.01.18 19:52:16.569,1.00465,1.00475,1.31,1.12
2017.01.18 19:52:27.662,1.00466,1.00475,1.00,1.12
2017.01.18 19:52:37.393,1.00465,1.00475,2.81,1.12
2017.01.18 19:52:37.903,1.00466,1.00475,1.00,1.12
2017.01.18 19:52:40.254,1.00465,1.00475,1.31,1.12
2017.01.18 19:52:44.767,1.00466,1.00476,1.00,1.50
2017.01.18 19:52:50.948,1.00465,1.00476,2.06,2.25
2017.01.18 19:52:57.304,1.00466,1.00475,1.50,1.00
2017.01.18 19:53:00.328,1.00466,1.00476,1.00,1.87
2017.01.18 19:53:03.029,1.00467,1.00476,1.00,1.12
2017.01.18 19:53:05.485,1.00466,1.00476,2.25,1.87
2017.01.18 19:53:06.968,1.00465,1.00476,1.69,1.87
2017.01.18 19:53:08.190,1.00466,1.00476,1.00,1.12
2017.01.18 19:53:08.763,1.00467,1.00476,1.00,1.12
2017.01.18 19:53:12.171,1.00466,1.00476,1.50,1.12
2017.01.18 19:53:12.683,1.00467,1.00477,1.00,3.94
2017.01.18 19:53:26.215,1.00468,1.00477,1.00,1.50
2017.01.18 19:53:29.494,1.00466,1.00477,1.87,1.50
2017.01.18 19:53:48.318,1.00467,1.00477,1.00,2.44
2017.01.18 19:53:49.172,1.00468,1.00477,1.00,2.06
2017.01.18 19:53:49.672,1.00472,1.00478,1.27,1.75
2017.01.18 19:53:49.870,1.00471,1.00481,1.87,1.69
2017.01.18 19:53:50.379,1.00471,1.0048,1.00,1.69
2017.01.18 19:53:50.430,1.00469,1.00479,1.50,1.12
