2017.01.30 20:00:00.453,0.99512,0.99519,1.00,6.00
2017.01.30 20:00:01.144,0.9951,0.99519,1.12,6.75
2017.01.30 20:00:01.654,0.99509,0.99519,1.50,6.75
2017.01.30 20:00:01.944,0.99511,0.99519,1.00,6.00
2017.01.30 20:00:02.467,0.9951,0.99519,1.87,6.00
2017.01.30 20:00:03.536,0.99513,0.99519,1.60,2.25
2017.01.30 20:00:03.739,0.99519,0.99527,1.00,6.75
2017.01.30 20:00:04.246,0.99518,0.99527,1.12,6.00
2017.01.30 20:00:04.875,0.99517,0.99527,1.87,6.00
2017.01.30 20:00:05.029,0.99519,0.99527,1.00,6.00
2017.01.30 20:00:05.131,0.99519,0.99529,1.50,6.75
2017.01.30 20:00:05.658,0.9952,0.9953,1.00,3.75
2017.01.30 20:00:05.760,0.99522,0.9953,1.50,3.75
2017.01.30 20:00:06.014,0.99525,0.99535,1.12,1.00
2017.01.30 20:00:06.561,0.99525,0.99534,1.12,2.25
2017.01.30 20:00:06.612,0.99525,0.99532,1.12,2.25
2017.01.30 20:00:07.201,0.99524,0.99532,2.62,6.00
2017.01.30 20:00:09.315,0.99522,0.99532,1.37,6.00
2017.01.30 20:00:09.418,0.99521,0.99531,1.50,1.00
2017.01.30 20:00:09.470,0.99519,0.99529,2.62,6.00
2017.01.30 20:00:10.002,0.99521,0.99529,1.00,3.75
2017.01.30 20:00:10.459,0.99521,0.99531,1.12,1.00
2017.01.30 20:00:10.510,0.99521,0.99529,1.12,2.25
2017.01.30 20:00:12.731,0.99521,0.99531,1.50,1.00
2017.01.30 20:00:12.783,0.99523,0.99531,1.00,1.00
2017.01.30 20:00:13.297,0.99522,0.99531,1.12,1.00
2017.01.30 20:00:14.223,0.99523,0.99532,1.50,6.00
2017.01.30 20:00:14.932,0.99524,0.99532,1.50,2.25
2017.01.30 20:00:15.097,0.99525,0.99534,1.00,2.25
2017.01.30 20:00:15.603,0.99525,0.99535,1.50,6.75
2017.01.30 20:00:16.148,0.99525,0.99534,1.50,2.25
2017.01.30 20:00:17.618,0.99528,0.99535,1.00,3.75
2017.01.30 20:00:17.669,0.99528,0.99537,1.50,6.00
2017.01.30 20:00:18.076,0.99532,0.99537,1.00,2.25
2017.01.30 20:00:18.127,0.99532,0.99541,1.00,1.50
2017.01.30 20:00:18.482,0.99534,0.99542,1.00,2.25
2017.01.30 20:00:18.786,0.99537,0.99543,1.12,1.00
2017.01.30 20:00:26.836,0.99538,0.99543,1.12,1.00
2017.01.30 20:00:28.647,0.99538,0.99543,1.87,1.00
2017.01.30 20:00:29.190,0.99538,0.99543,1.12,1.00
2017.01.30 20:00:30.466,0.99539,0.99543,1.00,1.00
2017.01.30 20:00:32.444,0.99538,0.99543,1.12,1.00
2017.01.30 20:00:32.546,0.99536,0.99543,1.00,1.00
2017.01.30 20:00:33.068,0.99535,0.99542,1.50,6.00
2017.01.30 20:00:33.608,0.99531,0.99542,1.87,7.72
2017.01.30 20:00:33.659,0.99531,0.99537,1.87,3.75
2017.01.30 20:00:33.710,0.99529,0.99537,2.62,3.75
2017.01.30 20:00:34.261,0.99528,0.99537,3.00,6.00
2017.01.30 20:00:35.674,0.99528,0.99537,1.50,3.75
2017.01.30 20:00:36.034,0.99526,0.99535,1.37,1.12
2017.01.30 20:00:36.410,0.99526,0.9953,1.00,3.75
2017.01.30 20:00:36.462,0.99521,0.9953,1.87,6.00
2017.01.30 20:00:36.717,0.99522,0.9953,3.37,6.00
2017.01.30 20:00:37.332,0.99522,0.99529,1.12,2.25
2017.01.30 20:00:39.077,0.99522,0.9953,1.87,6.00
2017.01.30 20:00:39.601,0.99523,0.99529,1.00,2.25
2017.01.30 20:00:40.338,0.99523,0.9953,1.00,6.00
2017.01.30 20:00:42.372,0.99523,0.9953,1.37,6.00
2017.01.30 20:00:42.698,0.99526,0.9953,1.00,6.00
2017.01.30 20:00:43.052,0.99527,0.99534,1.50,5.62
2017.01.30 20:00:43.154,0.99529,0.99534,1.50,4.12
2017.01.30 20:00:43.205,0.99525,0.99529,1.00,6.00
2017.01.30 20:00:43.848,0.99523,0.99529,1.37,6.00
2017.01.30 20:00:45.132,0.99523,0.99529,1.00,6.00
2017.01.30 20:00:45.700,0.99523,0.9953,1.00,6.00
2017.01.30 20:00:46.226,0.99521,0.9953,1.50,6.00
2017.01.30 20:00:46.531,0.99522,0.99529,2.62,6.00
2017.01.30 20:00:46.633,0.99522,0.99529,2.25,6.00
2017.01.30 20:00:52.180,0.99521,0.99527,1.37,6.00
2017.01.30 20:00:52.233,0.99519,0.99527,1.87,6.00
2017.01.30 20:00:52.285,0.99518,0.99525,1.37,3.75
2017.01.30 20:00:52.440,0.99517,0.99524,1.50,2.25
2017.01.30 20:00:53.001,0.99517,0.99524,1.87,2.25
2017.01.30 20:00:53.561,0.99516,0.99524,2.25,2.25
2017.01.30 20:00:55.192,0.99516,0.99525,3.00,6.00
2017.01.30 20:00:55.721,0.99517,0.99524,1.37,2.25
2017.01.30 20:00:57.902,0.99518,0.99527,1.87,6.00
2017.01.30 20:00:58.359,0.9952,0.99527,1.00,6.00
2017.01.30 20:00:58.485,0.9952,0.99529,1.00,7.12
2017.01.30 20:00:58.717,0.99519,0.99527,1.12,2.25
2017.01.30 20:00:59.223,0.99517,0.99527,2.25,3.37
2017.01.30 20:01:00.476,0.99517,0.99524,1.50,2.25
2017.01.30 20:01:00.975,0.99515,0.99524,1.12,6.75
2017.01.30 20:01:01.482,0.99515,0.99522,1.00,6.00
2017.01.30 20:01:02.059,0.99514,0.99522,1.12,6.00
2017.01.30 20:01:05.026,0.99515,0.99522,1.00,6.00
2017.01.30 20:01:05.757,0.99514,0.9952,1.00,2.25
2017.01.30 20:01:06.308,0.99513,0.9952,2.25,6.00
2017.01.30 20:01:12.402,0.99513,0.99522,2.25,6.00
2017.01.30 20:01:12.554,0.99516,0.99522,1.00,3.75
2017.01.30 20:01:12.605,0.99516,0.99524,1.00,4.12
2017.01.30 20:01:13.116,0.99515,0.99524,1.50,6.37
2017.01.30 20:01:16.349,0.99514,0.99524,1.00,6.37
2017.01.30 20:01:16.400,0.99513,0.99522,1.87,6.37
2017.01.30 20:01:16.720,0.99513,0.99519,1.12,2.25
2017.01.30 20:01:17.262,0.99512,0.99519,1.00,2.25
2017.01.30 20:01:17.314,0.9951,0.99519,1.12,2.25
2017.01.30 20:01:17.918,0.99509,0.99519,1.50,3.75
2017.01.30 20:01:18.533,0.9951,0.99519,1.00,3.00
2017.01.30 20:01:20.575,0.99509,0.99519,1.87,3.00
2017.01.30 20:01:21.720,0.99508,0.99517,1.50,2.25
2017.01.30 20:01:21.822,0.99507,0.99514,1.50,6.00
2017.01.30 20:01:24.001,0.99506,0.99514,1.87,6.00
2017.01.30 20:01:28.225,0.99507,0.99517,2.25,6.75
2017.01.30 20:01:28.986,0.99505,0.99514,2.25,2.25
2017.01.30 20:01:29.037,0.99505,0.99514,1.50,6.00
2017.01.30 20:01:36.054,0.99507,0.99514,1.00,6.00
2017.01.30 20:01:36.219,0.99504,0.99512,1.75,6.00
2017.01.30 20:01:36.321,0.99504,0.99512,1.12,6.00
2017.01.30 20:01:36.422,0.99503,0.9951,1.50,6.00
2017.01.30 20:01:36.936,0.99503,0.9951,1.12,3.75
2017.01.30 20:01:37.039,0.99503,0.99512,1.87,6.00
2017.01.30 20:01:37.193,0.99505,0.99512,1.00,3.75
2017.01.30 20:01:37.244,0.99505,0.99514,1.00,7.12
2017.01.30 20:01:37.778,0.99506,0.99514,1.12,6.00
2017.01.30 20:01:40.132,0.99505,0.99512,1.50,2.25
2017.01.30 20:01:40.657,0.99505,0.99512,1.12,6.00
2017.01.30 20:01:43.356,0.99502,0.99511,3.37,1.00
2017.01.30 20:01:43.559,0.99498,0.99507,1.00,7.12
2017.01.30 20:01:44.080,0.99498,0.99507,1.00,7.50
2017.01.30 20:01:45.159,0.99498,0.99507,1.00,7.12
2017.01.30 20:01:45.615,0.995,0.99509,1.00,3.37
2017.01.30 20:01:46.236,0.99498,0.99507,1.75,6.00
2017.01.30 20:01:46.439,0.99499,0.99509,1.50,6.00
2017.01.30 20:01:46.847,0.99505,0.99509,1.00,2.25
2017.01.30 20:01:46.948,0.99507,0.99513,1.50,1.12
2017.01.30 20:01:47.701,0.99507,0.99514,1.50,6.00
2017.01.30 20:01:48.270,0.99507,0.99515,1.50,6.00
2017.01.30 20:01:54.388,0.99511,0.99515,1.00,3.75
2017.01.30 20:01:54.439,0.99511,0.9952,1.00,1.37
2017.01.30 20:01:54.491,0.99514,0.9952,1.00,1.37
2017.01.30 20:01:54.543,0.99514,0.99522,1.50,7.50
2017.01.30 20:01:55.081,0.99514,0.99522,2.25,1.00
2017.01.30 20:01:55.991,0.99514,0.99525,2.25,1.50
2017.01.30 20:01:56.516,0.99515,0.99525,1.00,1.50
2017.01.30 20:02:02.661,0.99513,0.99521,1.37,1.00
2017.01.30 20:02:02.762,0.9951,0.9952,2.25,1.00
2017.01.30 20:02:02.864,0.9951,0.9952,1.12,1.12
2017.01.30 20:02:04.181,0.99511,0.99521,1.00,1.50
2017.01.30 20:02:04.787,0.99512,0.99521,1.00,1.00
2017.01.30 20:02:05.312,0.99512,0.99522,2.25,1.37
2017.01.30 20:02:09.882,0.99512,0.99523,1.87,1.87
2017.01.30 20:02:13.004,0.99515,0.99523,1.00,1.12
2017.01.30 20:02:13.620,0.99514,0.99524,1.87,1.50
2017.01.30 20:02:14.475,0.99511,0.99523,3.75,1.50
2017.01.30 20:02:15.017,0.99513,0.99523,2.25,1.37
2017.01.30 20:02:15.528,0.99514,0.99524,1.87,2.25
2017.01.30 20:02:18.985,0.99514,0.99524,1.87,3.00
2017.01.30 20:02:20.314,0.99513,0.99523,1.00,2.62
2017.01.30 20:02:20.862,0.99513,0.99522,1.00,1.00
2017.01.30 20:02:21.684,0.99512,0.99522,1.87,1.00
2017.01.30 20:02:22.832,0.99512,0.99522,1.87,1.50
2017.01.30 20:02:25.136,0.99511,0.99521,2.62,1.37
2017.01.30 20:02:26.492,0.99511,0.99521,2.25,1.87
2017.01.30 20:02:28.505,0.9951,0.9952,1.00,1.87
2017.01.30 20:02:29.502,0.99511,0.9952,1.50,1.87
2017.01.30 20:02:33.459,0.99507,0.99512,3.37,1.50
2017.01.30 20:02:33.559,0.99501,0.99508,3.00,1.87
2017.01.30 20:02:33.610,0.995,0.99508,1.00,1.37
2017.01.30 20:02:34.116,0.995,0.99508,1.00,1.00
2017.01.30 20:02:34.660,0.99501,0.99509,1.50,1.00
2017.01.30 20:02:39.203,0.99501,0.99511,3.37,1.12
2017.01.30 20:02:43.172,0.99502,0.99511,1.00,1.12
2017.01.30 20:02:45.957,0.99501,0.99511,3.37,1.12
2017.01.30 20:02:46.463,0.99501,0.9951,1.87,1.00
2017.01.30 20:02:47.022,0.99501,0.99511,3.37,1.12
2017.01.30 20:02:47.723,0.99504,0.99512,1.00,1.50
2017.01.30 20:02:48.029,0.99504,0.99513,1.12,1.00
2017.01.30 20:02:48.544,0.99505,0.99512,1.00,6.00
2017.01.30 20:02:50.370,0.99504,0.99514,2.25,1.12
2017.01.30 20:02:50.726,0.99503,0.99512,1.50,6.00
2017.01.30 20:02:51.304,0.99505,0.99512,1.00,6.00
2017.01.30 20:02:51.457,0.99505,0.99514,1.00,6.37
2017.01.30 20:02:51.813,0.99503,0.99514,1.12,9.37
2017.01.30 20:02:52.319,0.99502,0.99512,1.50,4.50
2017.01.30 20:02:52.422,0.99505,0.99512,1.00,6.00
2017.01.30 20:02:52.675,0.99503,0.99514,1.87,7.12
2017.01.30 20:02:52.957,0.99504,0.99512,1.37,6.00
2017.01.30 20:02:53.110,0.99503,0.99512,1.12,6.00
2017.01.30 20:02:53.212,0.99505,0.99513,1.00,1.87
2017.01.30 20:02:53.313,0.99504,0.99514,1.50,1.12
2017.01.30 20:02:55.357,0.99506,0.99514,1.00,3.75
2017.01.30 20:02:55.458,0.99506,0.99516,1.50,1.12
2017.01.30 20:02:56.378,0.99507,0.99517,1.00,7.87
2017.01.30 20:02:59.465,0.99509,0.99517,1.35,4.87
2017.01.30 20:02:59.617,0.99509,0.9952,1.37,1.87
2017.01.30 20:02:59.668,0.99509,0.9952,1.75,4.50
2017.01.30 20:02:59.770,0.99509,0.99519,2.62,2.62
2017.01.30 20:02:59.871,0.99512,0.9952,1.00,7.50
2017.01.30 20:03:00.176,0.99516,0.99525,1.87,1.00
2017.01.30 20:03:00.720,0.99516,0.99526,1.12,1.50
2017.01.30 20:03:01.651,0.99517,0.99526,1.00,1.00
2017.01.30 20:03:02.159,0.99517,0.99527,1.87,1.12
2017.01.30 20:03:03.220,0.99516,0.99526,1.50,1.00
2017.01.30 20:03:03.271,0.99515,0.99524,1.75,1.00
2017.01.30 20:03:03.372,0.99514,0.99524,1.87,7.50
2017.01.30 20:03:07.502,0.99515,0.99524,1.35,4.12
2017.01.30 20:03:07.654,0.99514,0.99522,1.12,3.75
2017.01.30 20:03:08.097,0.99516,0.99522,1.00,6.00
2017.01.30 20:03:08.149,0.99516,0.99525,1.00,6.37
2017.01.30 20:03:08.658,0.99516,0.99525,1.50,6.37
2017.01.30 20:03:09.688,0.99517,0.99525,1.00,6.37
2017.01.30 20:03:14.248,0.99515,0.99522,1.37,4.50
2017.01.30 20:03:14.299,0.99515,0.99522,1.12,3.75
2017.01.30 20:03:14.350,0.99515,0.9952,1.12,3.75
2017.01.30 20:03:14.402,0.99513,0.9952,1.12,6.00
2017.01.30 20:03:14.687,0.99511,0.9952,2.25,6.00
2017.01.30 20:03:14.991,0.99512,0.9952,1.50,3.75
2017.01.30 20:03:17.232,0.99512,0.9952,1.00,6.00
2017.01.30 20:03:17.789,0.99512,0.9952,1.50,6.00
2017.01.30 20:03:18.406,0.99511,0.9952,1.87,6.00
2017.01.30 20:03:18.508,0.9951,0.99517,1.50,2.25
2017.01.30 20:03:18.862,0.99511,0.9952,1.50,2.25
2017.01.30 20:03:19.410,0.99512,0.9952,2.25,2.25
2017.01.30 20:03:21.497,0.99513,0.99521,1.12,6.00
2017.01.30 20:03:21.924,0.99509,0.99517,3.37,2.25
2017.01.30 20:03:22.027,0.99508,0.99515,2.25,6.00
2017.01.30 20:03:22.197,0.99508,0.99515,1.87,3.75
2017.01.30 20:03:22.739,0.99509,0.99515,1.00,6.00
2017.01.30 20:03:23.290,0.99508,0.99515,1.87,6.00
2017.01.30 20:03:25.106,0.99508,0.99515,2.25,6.00
2017.01.30 20:03:26.302,0.99506,0.99514,1.75,1.12
2017.01.30 20:03:26.354,0.99506,0.9951,1.50,3.75
2017.01.30 20:03:26.405,0.99506,0.99511,1.50,6.75
2017.01.30 20:03:26.508,0.99505,0.99511,1.50,2.25
2017.01.30 20:03:26.721,0.99505,0.99515,1.50,4.50
2017.01.30 20:03:26.772,0.99505,0.99513,1.50,3.75
2017.01.30 20:03:27.326,0.99505,0.99513,1.50,3.75
2017.01.30 20:03:29.397,0.99505,0.99515,2.25,6.75
2017.01.30 20:03:29.925,0.99506,0.99515,2.25,6.00
2017.01.30 20:03:32.115,0.99505,0.99515,2.25,6.75
2017.01.30 20:03:46.337,0.99504,0.99512,3.00,2.25
2017.01.30 20:03:49.711,0.99504,0.99511,1.00,1.00
2017.01.30 20:03:49.965,0.99501,0.9951,1.00,3.00
2017.01.30 20:03:50.017,0.99501,0.99507,1.00,3.75
2017.01.30 20:03:50.169,0.99499,0.99507,1.87,6.00
2017.01.30 20:03:52.857,0.99501,0.99507,1.00,3.75
2017.01.30 20:03:53.360,0.995,0.9951,1.00,7.50
2017.01.30 20:03:54.486,0.99499,0.99507,1.00,6.00
2017.01.30 20:03:56.167,0.995,0.99507,1.00,6.00
2017.01.30 20:04:02.714,0.99503,0.9951,1.00,4.12
2017.01.30 20:04:02.867,0.99504,0.99512,1.50,6.37
2017.01.30 20:04:02.918,0.99504,0.99512,1.50,6.00
2017.01.30 20:04:03.429,0.99505,0.99513,1.00,4.12
2017.01.30 20:04:05.818,0.99505,0.99515,1.50,7.50
2017.01.30 20:04:05.970,0.99505,0.99513,1.00,2.25
2017.01.30 20:04:06.274,0.99499,0.99505,1.37,6.00
2017.01.30 20:04:06.325,0.99498,0.99505,1.87,6.00
2017.01.30 20:04:06.875,0.99498,0.99507,1.50,6.37
2017.01.30 20:04:07.129,0.995,0.99505,1.50,3.75
2017.01.30 20:04:07.231,0.995,0.99507,1.50,6.00
2017.01.30 20:04:07.333,0.995,0.99505,1.50,3.75
2017.01.30 20:04:07.614,0.995,0.99507,1.50,6.00
2017.01.30 20:04:08.261,0.99499,0.99505,1.00,2.25
2017.01.30 20:04:08.616,0.99497,0.99505,2.62,6.00
2017.01.30 20:04:08.768,0.99499,0.99505,1.50,3.75
2017.01.30 20:04:08.909,0.99499,0.99507,1.50,6.37
2017.01.30 20:04:09.418,0.99499,0.99505,1.00,6.00
2017.01.30 20:04:09.787,0.99499,0.99507,1.00,6.37
2017.01.30 20:04:10.453,0.99498,0.99507,2.25,4.12
2017.01.30 20:04:11.894,0.99498,0.99505,1.00,6.00
2017.01.30 20:04:12.249,0.99499,0.99507,1.00,6.00
2017.01.30 20:04:12.300,0.99498,0.99505,1.87,6.00
2017.01.30 20:04:12.603,0.99498,0.99507,1.87,3.75
2017.01.30 20:04:12.809,0.99498,0.99505,1.87,6.00
2017.01.30 20:04:13.294,0.99499,0.99507,1.00,6.00
2017.01.30 20:04:13.858,0.99497,0.99507,1.50,6.75
2017.01.30 20:04:13.910,0.99496,0.99505,2.25,6.00
2017.01.30 20:04:14.062,0.99496,0.99505,1.87,6.00
2017.01.30 20:04:14.571,0.99497,0.99505,1.00,6.00
2017.01.30 20:04:16.411,0.99496,0.99505,2.62,6.00
2017.01.30 20:04:22.058,0.99489,0.99493,18.00,2.25
2017.01.30 20:04:22.161,0.9949,0.99495,1.50,6.75
2017.01.30 20:04:22.263,0.99484,0.99492,1.50,1.00
2017.01.30 20:04:22.315,0.99483,0.99494,2.62,1.87
2017.01.30 20:04:22.935,0.99484,0.99494,1.12,1.87
2017.01.30 20:04:23.154,0.99486,0.99495,1.00,6.75
2017.01.30 20:04:23.463,0.99492,0.99497,1.00,5.25
2017.01.30 20:04:23.515,0.99492,0.99499,1.00,1.50
2017.01.30 20:04:24.021,0.99493,0.99499,1.00,1.50
2017.01.30 20:04:24.699,0.99492,0.99499,1.12,1.50
2017.01.30 20:04:26.737,0.99495,0.99499,1.00,1.00
2017.01.30 20:04:26.840,0.99497,0.99502,1.50,1.50
2017.01.30 20:04:26.984,0.99497,0.99505,1.87,1.50
2017.01.30 20:04:27.037,0.99493,0.99498,4.12,1.50
2017.01.30 20:04:27.139,0.99494,0.99498,1.50,1.50
2017.01.30 20:04:27.241,0.99495,0.99499,1.00,1.00
2017.01.30 20:04:27.394,0.99493,0.99499,2.25,1.50
2017.01.30 20:04:27.496,0.99493,0.99497,1.00,1.00
2017.01.30 20:04:27.548,0.99491,0.99496,1.50,1.50
2017.01.30 20:04:27.700,0.99487,0.99495,1.60,1.87
2017.01.30 20:04:27.751,0.99487,0.99497,1.00,2.25
2017.01.30 20:04:31.735,0.99485,0.99496,3.37,2.62
2017.01.30 20:04:31.786,0.99485,0.99493,2.62,1.00
2017.01.30 20:04:31.939,0.99483,0.99492,2.62,1.12
2017.01.30 20:04:32.142,0.99486,0.99492,1.00,1.00
2017.01.30 20:04:32.327,0.99486,0.99494,1.00,1.12
2017.01.30 20:04:32.883,0.99487,0.99495,1.00,3.00
2017.01.30 20:04:34.780,0.99486,0.99495,1.87,3.00
2017.01.30 20:04:35.545,0.99487,0.99495,1.00,3.00
2017.01.30 20:04:36.916,0.99488,0.99495,1.00,3.00
2017.01.30 20:04:37.018,0.99489,0.99497,1.00,1.12
2017.01.30 20:04:38.655,0.99488,0.99497,1.50,1.00
2017.01.30 20:04:38.706,0.99487,0.99495,2.25,1.50
2017.01.30 20:04:39.217,0.99486,0.99495,1.12,3.00
2017.01.30 20:04:41.360,0.99486,0.99498,1.12,4.12
2017.01.30 20:04:41.671,0.99488,0.99497,1.00,1.50
2017.01.30 20:04:41.942,0.99486,0.99496,1.12,1.12
2017.01.30 20:04:43.191,0.99487,0.99497,1.50,1.37
2017.01.30 20:04:43.696,0.99488,0.99498,1.00,2.62
2017.01.30 20:04:44.215,0.99489,0.99499,1.50,1.75
2017.01.30 20:04:45.153,0.99493,0.99498,1.00,1.00
2017.01.30 20:04:45.205,0.99491,0.99501,1.00,2.25
2017.01.30 20:04:45.307,0.99491,0.995,1.00,1.12
2017.01.30 20:04:46.121,0.99492,0.995,1.00,2.25
2017.01.30 20:04:46.801,0.99491,0.99501,1.50,1.37
2017.01.30 20:04:47.645,0.99492,0.99501,1.00,1.37
2017.01.30 20:04:48.174,0.99493,0.99501,1.00,1.37
2017.01.30 20:04:48.276,0.99493,0.99502,1.00,2.62
2017.01.30 20:04:48.791,0.99491,0.99502,2.25,2.62
2017.01.30 20:04:50.151,0.99491,0.99501,2.25,1.00
2017.01.30 20:04:51.627,0.99492,0.99502,1.87,2.62
2017.01.30 20:04:52.786,0.99493,0.99502,1.00,1.87
2017.01.30 20:04:52.888,0.99495,0.99502,1.00,1.87
2017.01.30 20:04:53.072,0.99495,0.99505,1.12,3.00
2017.01.30 20:04:53.600,0.99496,0.99505,1.00,1.87
2017.01.30 20:04:54.583,0.99494,0.99505,3.00,1.87
2017.01.30 20:04:54.848,0.99494,0.99502,2.25,1.00
2017.01.30 20:04:55.103,0.99493,0.99502,1.00,1.87
2017.01.30 20:04:55.154,0.99492,0.99499,2.25,1.00
2017.01.30 20:04:55.661,0.99491,0.99499,1.87,1.50
2017.01.30 20:04:56.060,0.9949,0.99497,1.87,1.00
2017.01.30 20:04:56.381,0.99491,0.99499,1.12,1.00
2017.01.30 20:04:57.399,0.99492,0.99499,1.50,1.00
2017.01.30 20:04:57.601,0.99493,0.99499,1.50,1.50
2017.01.30 20:04:58.132,0.99492,0.99499,1.12,1.50
2017.01.30 20:04:59.045,0.9949,0.99497,1.75,1.50
2017.01.30 20:04:59.096,0.9949,0.99497,1.12,1.00
2017.01.30 20:04:59.147,0.99491,0.99499,1.00,1.50
2017.01.30 20:04:59.607,0.99494,0.99499,1.00,1.50
2017.01.30 20:05:00.385,0.99496,0.99504,1.00,1.87
2017.01.30 20:05:00.589,0.99496,0.99506,1.12,3.37
2017.01.30 20:05:01.201,0.99496,0.99506,2.25,1.50
2017.01.30 20:05:02.902,0.99497,0.99507,1.12,1.31
2017.01.30 20:05:05.210,0.99498,0.99507,1.00,2.62
2017.01.30 20:05:06.384,0.99499,0.99508,1.00,4.12
2017.01.30 20:05:06.892,0.995,0.99508,1.50,1.00
2017.01.30 20:05:07.459,0.995,0.9951,1.50,1.50
2017.01.30 20:05:09.132,0.99501,0.99511,1.00,1.75
2017.01.30 20:05:09.437,0.99502,0.99512,1.87,2.62
2017.01.30 20:05:11.747,0.99503,0.99513,1.50,1.50
2017.01.30 20:05:12.153,0.99503,0.99514,1.50,2.25
2017.01.30 20:05:12.709,0.99504,0.99514,1.00,1.87
2017.01.30 20:05:13.098,0.99503,0.99511,1.00,1.00
2017.01.30 20:05:13.200,0.99501,0.99511,1.00,1.12
2017.01.30 20:05:13.736,0.995,0.99511,3.37,1.50
2017.01.30 20:05:14.296,0.99501,0.99511,1.00,1.50
2017.01.30 20:05:14.849,0.995,0.99511,3.00,1.75
2017.01.30 20:05:17.727,0.99502,0.99511,1.00,1.75
2017.01.30 20:05:17.829,0.99501,0.99511,1.50,1.50
2017.01.30 20:05:17.931,0.99501,0.99511,1.50,1.75
2017.01.30 20:05:18.134,0.99501,0.99511,1.87,1.12
2017.01.30 20:05:18.696,0.99501,0.99511,1.50,1.50
2017.01.30 20:05:19.223,0.995,0.99511,3.37,1.50
2017.01.30 20:05:21.737,0.99501,0.99512,1.00,3.15
2017.01.30 20:05:22.642,0.99501,0.99512,1.12,1.80
2017.01.30 20:05:25.218,0.99501,0.99512,1.00,2.17
2017.01.30 20:05:25.631,0.99503,0.99512,1.00,2.17
2017.01.30 20:05:26.139,0.99502,0.99512,1.50,2.17
2017.01.30 20:05:26.646,0.99503,0.99513,1.50,1.75
2017.01.30 20:05:28.791,0.99504,0.99514,1.87,1.75
2017.01.30 20:05:29.099,0.99506,0.99516,2.62,1.50
2017.01.30 20:05:29.606,0.99505,0.99515,1.37,1.00
2017.01.30 20:05:29.708,0.99504,0.99515,3.00,1.50
2017.01.30 20:05:29.861,0.99505,0.99515,1.50,1.00
2017.01.30 20:05:32.881,0.99506,0.99516,1.12,1.12
2017.01.30 20:05:38.393,0.99505,0.99515,2.25,1.00
2017.01.30 20:05:38.954,0.99507,0.99517,1.00,2.25
2017.01.30 20:05:40.080,0.99506,0.99515,1.12,1.00
2017.01.30 20:05:40.386,0.995,0.9951,3.94,1.12
2017.01.30 20:05:40.910,0.99502,0.99512,1.00,1.87
2017.01.30 20:05:41.554,0.99503,0.99512,1.00,1.87
2017.01.30 20:05:41.837,0.995,0.99511,3.19,1.12
2017.01.30 20:05:41.989,0.995,0.99511,1.19,2.25
2017.01.30 20:05:42.584,0.995,0.9951,1.50,1.50
2017.01.30 20:05:43.169,0.99499,0.99509,1.12,1.12
2017.01.30 20:05:43.478,0.99501,0.99509,1.00,1.50
2017.01.30 20:05:43.979,0.995,0.9951,3.37,1.50
2017.01.30 20:05:45.264,0.995,0.9951,3.00,1.00
2017.01.30 20:05:48.109,0.99501,0.99511,1.00,1.50
2017.01.30 20:05:49.134,0.99502,0.99512,1.00,1.75
2017.01.30 20:05:49.439,0.99506,0.99514,1.00,1.87
2017.01.30 20:05:49.491,0.99505,0.99514,1.50,1.37
2017.01.30 20:05:50.018,0.99505,0.99515,1.87,1.12
2017.01.30 20:05:51.176,0.99506,0.99516,1.00,1.50
2017.01.30 20:05:51.279,0.99507,0.99517,1.12,3.37
2017.01.30 20:05:51.850,0.99506,0.99516,2.25,1.00
2017.01.30 20:05:53.669,0.99507,0.99517,1.12,2.62
2017.01.30 20:05:54.265,0.99508,0.99517,1.00,2.62
2017.01.30 20:05:54.801,0.99507,0.99517,1.87,2.62
2017.01.30 20:05:55.416,0.99508,0.99517,1.00,2.62
2017.01.30 20:05:56.677,0.99507,0.99517,1.87,1.12
2017.01.30 20:05:57.087,0.99505,0.99514,1.12,1.35
2017.01.30 20:05:57.293,0.99503,0.99513,1.12,3.22
2017.01.30 20:05:57.807,0.99504,0.99513,1.00,1.12
2017.01.30 20:06:01.127,0.99505,0.99514,1.00,1.12
2017.01.30 20:06:01.178,0.99507,0.99516,1.00,2.25
2017.01.30 20:06:01.432,0.99507,0.99517,1.50,2.25
2017.01.30 20:06:01.948,0.99508,0.99517,2.25,1.50
2017.01.30 20:06:05.103,0.99508,0.99518,1.50,1.50
2017.01.30 20:06:06.937,0.99507,0.99518,1.87,1.87
2017.01.30 20:06:10.609,0.99506,0.99517,3.75,1.50
2017.01.30 20:06:10.661,0.99506,0.99514,1.50,1.00
2017.01.30 20:06:10.898,0.99501,0.99512,1.00,1.50
2017.01.30 20:06:11.451,0.995,0.99512,2.25,1.75
2017.01.30 20:06:12.051,0.99501,0.99511,1.00,1.50
2017.01.30 20:06:12.103,0.99503,0.99512,1.00,1.75
2017.01.30 20:06:12.255,0.99504,0.99513,1.00,2.25
2017.01.30 20:06:13.591,0.99503,0.99513,1.00,3.00
2017.01.30 20:06:13.642,0.99505,0.99513,1.37,2.25
2017.01.30 20:06:13.846,0.99507,0.99516,1.00,3.00
2017.01.30 20:06:14.150,0.99508,0.99519,1.50,2.25
2017.01.30 20:06:17.484,0.99509,0.99519,1.00,2.25
2017.01.30 20:06:17.985,0.9951,0.99519,1.00,1.50
2017.01.30 20:06:20.292,0.99509,0.99519,1.50,2.25
2017.01.30 20:06:22.380,0.9951,0.99519,1.00,2.25
2017.01.30 20:06:22.543,0.99512,0.99519,1.12,1.50
2017.01.30 20:06:22.696,0.99513,0.99522,1.87,2.25
2017.01.30 20:06:23.217,0.99513,0.99522,1.00,3.22
2017.01.30 20:06:23.747,0.99512,0.99522,1.12,3.97
2017.01.30 20:06:24.841,0.99512,0.99521,1.12,1.50
2017.01.30 20:06:27.020,0.99513,0.99521,1.00,1.50
2017.01.30 20:06:28.231,0.99512,0.99522,2.62,2.10
2017.01.30 20:06:28.843,0.99511,0.99522,1.50,3.22
2017.01.30 20:06:30.120,0.99511,0.9952,1.00,1.12
2017.01.30 20:06:30.273,0.99509,0.99519,2.62,1.12
2017.01.30 20:06:34.975,0.99508,0.99519,2.25,2.25
2017.01.30 20:06:35.510,0.99509,0.99519,1.00,2.25
2017.01.30 20:06:41.519,0.99509,0.99518,1.00,1.00
2017.01.30 20:06:42.103,0.9951,0.99519,1.00,1.12
2017.01.30 20:06:44.169,0.99511,0.9952,1.00,1.37
2017.01.30 20:06:44.698,0.9951,0.9952,2.62,1.37
2017.01.30 20:06:45.004,0.99509,0.99519,2.62,3.37
2017.01.30 20:06:45.107,0.99511,0.9952,1.87,1.50
2017.01.30 20:06:45.641,0.99511,0.99521,2.25,1.50
2017.01.30 20:06:46.149,0.99511,0.99521,1.00,1.87
2017.01.30 20:06:46.604,0.99513,0.99522,1.00,2.25
2017.01.30 20:06:46.808,0.99512,0.99522,1.87,3.00
2017.01.30 20:06:46.909,0.99512,0.99522,1.50,2.62
2017.01.30 20:06:49.349,0.99511,0.99521,2.62,1.00
2017.01.30 20:06:49.866,0.99511,0.99521,1.87,1.50
2017.01.30 20:06:50.537,0.99511,0.99521,2.62,1.87
2017.01.30 20:06:55.179,0.99511,0.99521,1.87,1.50
2017.01.30 20:06:56.783,0.99511,0.99521,2.62,1.50
2017.01.30 20:06:57.834,0.99511,0.99521,1.87,1.50
2017.01.30 20:06:59.176,0.99511,0.99521,2.62,1.50
2017.01.30 20:07:05.119,0.99511,0.99521,2.62,1.00
2017.01.30 20:07:07.029,0.99512,0.99522,1.50,2.85
2017.01.30 20:07:07.284,0.99514,0.99522,1.00,2.85
2017.01.30 20:07:07.831,0.99513,0.99522,1.87,2.85
2017.01.30 20:07:08.921,0.99514,0.99522,1.00,2.25
2017.01.30 20:07:09.093,0.99514,0.99524,4.12,1.12
2017.01.30 20:07:09.755,0.99513,0.99523,4.50,1.00
2017.01.30 20:07:10.377,0.99514,0.99523,1.50,1.00
2017.01.30 20:07:11.195,0.99514,0.99522,1.00,1.00
2017.01.30 20:07:13.082,0.99514,0.99523,1.00,1.00
2017.01.30 20:07:13.948,0.99514,0.99522,1.00,1.00
2017.01.30 20:07:29.815,0.99514,0.99523,1.12,1.12
2017.01.30 20:07:37.778,0.99513,0.99522,1.50,1.00
2017.01.30 20:07:45.107,0.99513,0.99523,1.50,2.25
2017.01.30 20:07:46.177,0.99513,0.99522,1.50,1.00
2017.01.30 20:07:47.382,0.99513,0.99522,1.00,1.00
2017.01.30 20:07:47.885,0.99513,0.99522,1.50,1.00
2017.01.30 20:07:49.810,0.99513,0.99522,1.37,1.37
2017.01.30 20:07:52.632,0.99512,0.99522,1.87,1.87
2017.01.30 20:07:52.683,0.99512,0.99519,1.37,1.00
2017.01.30 20:07:52.735,0.99511,0.99519,1.50,2.62
2017.01.30 20:07:52.901,0.99509,0.99517,1.12,1.50
2017.01.30 20:07:53.408,0.99508,0.99518,1.50,1.75
2017.01.30 20:07:53.479,0.99508,0.99518,1.87,1.12
2017.01.30 20:07:54.650,0.99508,0.99517,1.12,1.37
2017.01.30 20:07:54.701,0.99506,0.99516,1.50,1.72
2017.01.30 20:07:54.752,0.99505,0.99513,3.37,1.00
2017.01.30 20:07:55.108,0.99506,0.99515,1.12,1.12
2017.01.30 20:07:55.570,0.99507,0.99516,3.37,1.50
2017.01.30 20:07:56.084,0.99508,0.99519,1.87,3.37
2017.01.30 20:07:56.594,0.99508,0.99519,2.62,2.62
2017.01.30 20:07:58.742,0.9951,0.99519,1.50,1.75
2017.01.30 20:07:58.896,0.99511,0.9952,1.12,1.50
2017.01.30 20:07:59.405,0.99509,0.9952,3.75,1.00
2017.01.30 20:07:59.936,0.9951,0.99521,1.87,1.12
2017.01.30 20:08:01.831,0.99511,0.9952,1.50,1.50
2017.01.30 20:08:06.350,0.99511,0.99521,2.25,1.72
2017.01.30 20:08:06.726,0.99509,0.99519,2.25,1.12
2017.01.30 20:08:07.257,0.99509,0.99518,1.00,1.00
2017.01.30 20:08:07.778,0.99509,0.99519,1.50,1.12
2017.01.30 20:08:16.884,0.99511,0.9952,1.00,1.50
2017.01.30 20:08:17.393,0.9951,0.9952,1.87,3.00
2017.01.30 20:08:17.918,0.99511,0.99521,1.87,1.75
2017.01.30 20:08:18.472,0.99512,0.99522,1.00,3.75
2017.01.30 20:08:24.320,0.99512,0.99522,3.00,1.75
2017.01.30 20:08:24.422,0.99513,0.99523,1.87,2.25
2017.01.30 20:08:24.542,0.99514,0.99523,1.00,1.00
2017.01.30 20:08:24.795,0.99513,0.99522,1.50,1.72
2017.01.30 20:08:25.328,0.99512,0.99521,1.12,1.50
2017.01.30 20:08:30.007,0.99512,0.99522,2.25,1.12
2017.01.30 20:08:37.450,0.99513,0.99522,1.00,1.12
2017.01.30 20:08:37.975,0.99514,0.99523,1.12,1.35
2017.01.30 20:08:38.915,0.99514,0.99523,1.00,1.60
2017.01.30 20:08:39.417,0.99514,0.99523,1.50,1.00
2017.01.30 20:08:40.777,0.99514,0.99523,1.50,1.60
2017.01.30 20:08:44.702,0.99514,0.99523,1.50,1.35
2017.01.30 20:08:45.048,0.99513,0.99521,1.37,1.35
2017.01.30 20:08:45.149,0.99512,0.99521,1.00,1.12
2017.01.30 20:08:45.965,0.99512,0.99522,2.25,1.12
2017.01.30 20:08:50.241,0.99512,0.99521,1.00,1.00
2017.01.30 20:08:50.292,0.99512,0.99519,1.00,1.00
2017.01.30 20:08:50.395,0.9951,0.99519,1.12,1.87
2017.01.30 20:08:50.931,0.99508,0.99519,3.37,1.87
2017.01.30 20:08:56.562,0.99509,0.99519,2.25,1.50
2017.01.30 20:08:57.082,0.99509,0.99519,2.25,1.12
2017.01.30 20:09:00.851,0.99509,0.99518,1.00,1.12
2017.01.30 20:09:00.902,0.99508,0.99517,1.37,1.60
2017.01.30 20:09:01.309,0.99507,0.99516,1.50,2.10
2017.01.30 20:09:01.462,0.99508,0.99516,1.37,1.50
2017.01.30 20:09:01.871,0.99508,0.99518,1.50,1.00
2017.01.30 20:09:02.562,0.99509,0.99519,2.25,1.12
2017.01.30 20:09:05.155,0.99509,0.99519,1.12,1.50
2017.01.30 20:09:06.108,0.99508,0.99518,1.50,5.29
2017.01.30 20:09:06.161,0.99507,0.99513,1.00,1.00
2017.01.30 20:09:06.263,0.99502,0.99511,3.00,1.00
2017.01.30 20:09:06.929,0.99502,0.99511,2.25,1.00
2017.01.30 20:09:07.184,0.99504,0.99513,1.00,1.50
2017.01.30 20:09:07.929,0.99502,0.99513,1.87,1.50
2017.01.30 20:09:08.183,0.995,0.99511,2.25,1.50
2017.01.30 20:09:08.727,0.99502,0.99511,1.00,1.50
2017.01.30 20:09:09.271,0.99503,0.99512,1.00,1.12
2017.01.30 20:09:09.566,0.99504,0.99514,1.50,1.12
2017.01.30 20:09:09.970,0.99507,0.99516,1.00,2.25
2017.01.30 20:09:10.073,0.99506,0.99516,2.62,1.12
2017.01.30 20:09:10.592,0.99507,0.99518,1.50,1.50
2017.01.30 20:09:11.274,0.99509,0.99518,1.00,1.00
2017.01.30 20:09:11.801,0.99508,0.99518,2.62,2.25
2017.01.30 20:09:12.004,0.99508,0.9952,3.75,3.00
2017.01.30 20:09:12.297,0.99508,0.99518,2.62,1.00
2017.01.30 20:09:12.878,0.99508,0.99518,1.00,1.87
2017.01.30 20:09:13.431,0.99507,0.99518,1.50,1.50
2017.01.30 20:09:13.948,0.99508,0.99518,1.50,1.50
2017.01.30 20:09:15.428,0.99508,0.99518,2.62,1.50
2017.01.30 20:09:16.608,0.99508,0.99518,1.00,3.00
2017.01.30 20:09:17.317,0.99508,0.99518,1.87,1.50
2017.01.30 20:09:17.924,0.99509,0.99519,3.00,1.12
2017.01.30 20:09:25.956,0.99512,0.9952,1.00,1.50
2017.01.30 20:09:26.209,0.99512,0.99521,1.00,1.12
2017.01.30 20:09:26.887,0.99511,0.99521,2.25,1.12
2017.01.30 20:09:27.457,0.99512,0.99521,1.00,1.12
2017.01.30 20:09:29.132,0.99511,0.99522,2.25,1.87
2017.01.30 20:09:32.303,0.9951,0.99519,1.87,1.00
2017.01.30 20:09:32.404,0.99509,0.99518,1.00,1.00
2017.01.30 20:09:32.910,0.99509,0.99519,2.25,1.12
2017.01.30 20:09:33.772,0.99511,0.9952,1.00,1.37
2017.01.30 20:09:34.276,0.99511,0.99521,1.87,1.37
2017.01.30 20:09:34.812,0.99512,0.99521,1.00,1.37
2017.01.30 20:09:35.495,0.99511,0.99521,1.87,1.37
2017.01.30 20:09:35.998,0.9951,0.9952,1.87,1.50
2017.01.30 20:09:45.156,0.9951,0.9952,1.87,1.12
2017.01.30 20:09:45.721,0.9951,0.9952,3.00,1.12
2017.01.30 20:09:46.433,0.9951,0.9952,2.62,1.12
2017.01.30 20:09:52.190,0.9951,0.99518,2.25,1.00
2017.01.30 20:09:52.703,0.99509,0.99517,1.00,1.12
2017.01.30 20:10:01.510,0.99509,0.99516,1.00,1.50
2017.01.30 20:10:01.644,0.99507,0.99515,2.25,1.00
2017.01.30 20:10:02.058,0.99509,0.99517,1.00,2.25
2017.01.30 20:10:02.174,0.99509,0.99517,1.00,1.12
2017.01.30 20:10:05.054,0.99509,0.99519,2.62,1.50
2017.01.30 20:10:09.751,0.9951,0.99519,1.00,1.50
2017.01.30 20:10:11.039,0.99509,0.99519,4.12,1.50
2017.01.30 20:10:11.090,0.99511,0.99521,1.00,3.75
2017.01.30 20:10:11.404,0.99514,0.99522,1.00,1.12
2017.01.30 20:10:12.244,0.99514,0.99522,1.00,3.22
2017.01.30 20:10:13.056,0.99514,0.99522,1.00,3.22
2017.01.30 20:10:13.977,0.99514,0.99522,1.00,2.47
2017.01.30 20:10:14.482,0.99512,0.99522,1.50,2.47
2017.01.30 20:10:24.089,0.9951,0.99519,1.00,1.00
2017.01.30 20:10:24.394,0.99508,0.99516,1.00,1.00
2017.01.30 20:10:24.901,0.99507,0.99516,1.50,1.00
2017.01.30 20:10:26.151,0.99508,0.99516,1.00,1.00
2017.01.30 20:10:26.202,0.99508,0.99518,1.37,1.00
2017.01.30 20:10:26.709,0.99508,0.99518,1.50,1.00
2017.01.30 20:10:28.273,0.99509,0.99518,1.00,1.12
2017.01.30 20:10:28.782,0.9951,0.9952,2.62,1.37
2017.01.30 20:10:28.833,0.9951,0.9952,3.75,1.12
2017.01.30 20:10:31.390,0.99512,0.99521,1.00,1.50
2017.01.30 20:10:34.685,0.99513,0.99522,1.00,1.50
2017.01.30 20:10:34.879,0.99514,0.99522,1.00,1.50
2017.01.30 20:10:35.395,0.99514,0.99521,1.00,1.12
2017.01.30 20:10:37.985,0.99512,0.99521,1.00,1.00
2017.01.30 20:10:38.299,0.99512,0.9952,1.00,1.37
2017.01.30 20:10:38.454,0.99512,0.99521,1.50,1.50
2017.01.30 20:10:41.398,0.99512,0.9952,1.12,1.00
2017.01.30 20:10:41.550,0.9951,0.9952,2.62,1.00
2017.01.30 20:10:42.087,0.9951,0.99521,3.37,1.12
2017.01.30 20:10:42.604,0.99511,0.99521,1.87,1.12
2017.01.30 20:10:45.105,0.99511,0.99521,1.87,1.37
2017.01.30 20:10:45.715,0.99511,0.99521,1.87,1.12
2017.01.30 20:10:50.873,0.9951,0.99521,3.37,1.87
2017.01.30 20:10:51.385,0.99511,0.99521,1.12,1.87
2017.01.30 20:10:57.447,0.99512,0.99522,1.50,1.75
2017.01.30 20:10:57.964,0.99513,0.99521,1.00,1.87
2017.01.30 20:10:59.578,0.99513,0.99521,1.00,1.12
2017.01.30 20:11:03.920,0.99513,0.99521,1.00,1.50
2017.01.30 20:11:05.036,0.99513,0.99521,1.50,1.00
2017.01.30 20:11:07.822,0.99514,0.99521,1.00,1.00
2017.01.30 20:11:08.327,0.99513,0.99521,2.62,1.00
2017.01.30 20:11:13.793,0.99512,0.99521,1.12,1.50
2017.01.30 20:11:18.525,0.99512,0.9952,1.12,1.37
2017.01.30 20:11:18.628,0.99509,0.99519,3.75,1.87
2017.01.30 20:11:19.260,0.99509,0.99519,2.62,2.25
2017.01.30 20:11:29.166,0.99508,0.99518,1.00,1.50
2017.01.30 20:11:29.970,0.99508,0.99517,1.00,1.12
2017.01.30 20:11:30.021,0.99507,0.99515,1.87,1.00
2017.01.30 20:11:30.275,0.99507,0.99517,2.62,1.12
2017.01.30 20:11:31.043,0.99507,0.99516,1.00,1.00
2017.01.30 20:11:33.247,0.99507,0.99517,3.00,1.12
2017.01.30 20:11:33.833,0.99507,0.99517,3.00,1.50
2017.01.30 20:11:36.940,0.99507,0.99517,2.25,1.50
2017.01.30 20:11:38.214,0.99508,0.99517,1.00,1.12
2017.01.30 20:11:43.459,0.99507,0.99516,2.25,1.37
2017.01.30 20:11:43.642,0.99506,0.99514,1.00,1.12
2017.01.30 20:11:43.694,0.99506,0.99512,1.12,1.50
2017.01.30 20:11:43.897,0.99508,0.99516,1.00,1.12
2017.01.30 20:11:45.113,0.99508,0.99517,1.12,1.50
2017.01.30 20:11:45.639,0.99508,0.99517,1.12,1.87
2017.01.30 20:11:46.146,0.99508,0.99515,1.00,2.25
2017.01.30 20:11:46.608,0.99508,0.99518,1.12,1.12
2017.01.30 20:11:47.092,0.9951,0.99518,1.00,1.00
2017.01.30 20:11:50.987,0.9951,0.99519,1.00,1.50
2017.01.30 20:11:58.674,0.99512,0.9952,1.00,1.87
2017.01.30 20:11:58.827,0.99513,0.99521,1.00,1.12
2017.01.30 20:11:59.334,0.99513,0.9952,1.00,1.87
2017.01.30 20:11:59.677,0.99511,0.9952,1.12,1.87
2017.01.30 20:12:02.410,0.99511,0.99519,1.00,1.00
2017.01.30 20:12:02.613,0.99509,0.99519,2.25,1.12
2017.01.30 20:12:03.298,0.99509,0.99517,1.50,1.87
2017.01.30 20:12:03.400,0.99507,0.99516,1.00,1.12
2017.01.30 20:12:03.662,0.99509,0.99518,1.00,1.50
2017.01.30 20:12:04.187,0.99509,0.99518,1.12,1.00
2017.01.30 20:12:05.984,0.99509,0.99519,1.12,1.50
2017.01.30 20:12:12.662,0.99509,0.99519,1.12,3.00
2017.01.30 20:12:13.196,0.99509,0.99517,1.12,1.12
2017.01.30 20:12:17.302,0.99509,0.99518,1.12,1.12
2017.01.30 20:12:21.299,0.99507,0.99514,1.12,3.00
2017.01.30 20:12:21.584,0.99503,0.99512,1.00,1.50
2017.01.30 20:12:27.250,0.99504,0.99512,1.00,1.00
2017.01.30 20:12:27.808,0.99503,0.99512,1.00,1.00
2017.01.30 20:12:29.597,0.99504,0.99512,1.00,1.00
2017.01.30 20:12:30.144,0.99504,0.99513,1.12,1.12
2017.01.30 20:12:34.478,0.99504,0.99513,1.12,1.37
2017.01.30 20:12:35.867,0.99503,0.99513,1.87,1.12
2017.01.30 20:12:36.343,0.99507,0.99516,1.00,1.50
2017.01.30 20:12:36.445,0.99508,0.99518,1.00,2.25
2017.01.30 20:12:36.547,0.99509,0.99518,1.12,1.87
2017.01.30 20:12:39.348,0.9951,0.9952,1.00,7.12
2017.01.30 20:12:40.998,0.9951,0.99519,1.00,1.00
2017.01.30 20:12:45.155,0.9951,0.99519,1.50,1.37
2017.01.30 20:12:54.745,0.9951,0.99516,1.00,1.00
2017.01.30 20:12:54.948,0.99504,0.99512,1.50,1.00
2017.01.30 20:12:55.815,0.99504,0.99513,1.50,1.12
2017.01.30 20:12:56.069,0.99506,0.99516,1.00,2.62
2017.01.30 20:12:56.373,0.99508,0.99516,1.00,1.12
2017.01.30 20:12:56.475,0.99508,0.99518,1.50,1.50
2017.01.30 20:12:56.982,0.99508,0.99519,2.62,1.12
2017.01.30 20:12:59.766,0.99508,0.99518,1.87,1.00
2017.01.30 20:13:00.697,0.99508,0.99518,1.12,1.87
2017.01.30 20:13:02.518,0.99509,0.99518,1.00,1.50
2017.01.30 20:13:03.111,0.99508,0.99518,1.12,1.50
2017.01.30 20:13:03.621,0.99507,0.99516,1.00,3.00
2017.01.30 20:13:04.134,0.99507,0.99516,1.00,3.37
2017.01.30 20:13:07.714,0.99506,0.99515,1.00,1.12
2017.01.30 20:13:16.516,0.99507,0.99516,1.00,1.37
2017.01.30 20:13:17.022,0.99506,0.99516,2.25,1.37
2017.01.30 20:13:17.656,0.99507,0.99517,2.25,1.75
2017.01.30 20:13:17.708,0.99509,0.99517,1.00,1.75
2017.01.30 20:13:17.810,0.99509,0.99517,1.00,1.12
2017.01.30 20:13:18.319,0.99509,0.99519,2.25,1.50
2017.01.30 20:13:19.758,0.99508,0.99517,1.00,3.37
2017.01.30 20:13:20.113,0.99509,0.99518,1.00,1.50
2017.01.30 20:13:20.669,0.99508,0.99518,3.75,1.50
2017.01.30 20:13:23.424,0.99509,0.99518,1.00,1.00
2017.01.30 20:13:27.208,0.9951,0.99519,1.00,1.87
2017.01.30 20:13:51.048,0.99508,0.99517,1.12,1.12
2017.01.30 20:13:53.485,0.99508,0.99518,1.12,1.50
2017.01.30 20:14:14.167,0.99508,0.99517,1.87,1.00
2017.01.30 20:14:19.119,0.99508,0.99519,1.87,3.37
2017.01.30 20:14:19.646,0.99508,0.99519,2.62,3.00
2017.01.30 20:14:20.267,0.99508,0.99519,1.87,4.87
2017.01.30 20:14:22.778,0.99508,0.99519,1.50,4.87
2017.01.30 20:14:25.344,0.99508,0.99519,1.50,7.12
2017.01.30 20:14:28.874,0.99508,0.99519,1.50,4.87
2017.01.30 20:14:32.804,0.9951,0.99519,1.00,4.50
2017.01.30 20:14:37.216,0.99512,0.9952,1.00,1.50
2017.01.30 20:14:42.431,0.9951,0.9952,1.00,1.87
2017.01.30 20:14:46.118,0.99512,0.9952,1.00,1.50
2017.01.30 20:14:47.774,0.99511,0.99519,1.00,1.12
2017.01.30 20:14:48.485,0.9951,0.9952,1.87,1.50
2017.01.30 20:14:48.789,0.99512,0.99521,1.00,1.69
2017.01.30 20:14:51.201,0.99512,0.99519,1.00,1.00
2017.01.30 20:14:51.253,0.99509,0.99519,1.87,2.62
2017.01.30 20:14:51.811,0.99509,0.99519,1.12,1.12
2017.01.30 20:14:53.011,0.9951,0.9952,1.00,1.50
2017.01.30 20:14:53.621,0.99511,0.9952,1.00,1.50
2017.01.30 20:14:58.436,0.99509,0.99519,2.62,1.50
2017.01.30 20:14:58.946,0.99509,0.99517,1.12,1.00
2017.01.30 20:14:59.149,0.99506,0.99515,1.00,1.12
2017.01.30 20:14:59.453,0.99508,0.99518,1.00,2.62
2017.01.30 20:15:00.030,0.99507,0.99518,2.62,2.62
2017.01.30 20:15:05.205,0.99507,0.99517,3.00,1.00
2017.01.30 20:15:05.679,0.99507,0.99515,1.50,3.37
2017.01.30 20:15:06.207,0.99507,0.99515,1.00,1.87
2017.01.30 20:15:06.782,0.99507,0.99517,1.50,1.87
2017.01.30 20:15:08.296,0.99507,0.99515,1.00,3.37
2017.01.30 20:15:08.820,0.99507,0.99517,2.25,1.50
2017.01.30 20:15:09.364,0.99507,0.99517,2.25,1.00
2017.01.30 20:15:09.905,0.99507,0.99518,2.25,4.87
2017.01.30 20:15:10.504,0.99509,0.99519,2.25,1.50
2017.01.30 20:15:11.011,0.99509,0.99519,2.62,1.12
2017.01.30 20:15:12.718,0.9951,0.9952,1.50,4.87
2017.01.30 20:15:13.652,0.99509,0.99519,3.00,1.12
2017.01.30 20:15:18.383,0.9951,0.99519,1.00,1.12
2017.01.30 20:15:19.001,0.99509,0.9952,3.37,1.50
2017.01.30 20:15:19.879,0.9951,0.9952,1.00,1.50
2017.01.30 20:15:20.524,0.99511,0.9952,1.00,1.50
2017.01.30 20:15:36.905,0.99509,0.99519,1.12,1.87
2017.01.30 20:15:37.007,0.99507,0.99517,2.25,1.12
2017.01.30 20:15:37.101,0.99507,0.99517,2.25,1.87
2017.01.30 20:15:37.616,0.99507,0.99518,3.00,1.12
2017.01.30 20:15:38.122,0.99508,0.99519,1.50,1.87
2017.01.30 20:15:38.883,0.99508,0.99518,1.00,1.50
2017.01.30 20:15:39.390,0.99509,0.99519,1.50,1.50
2017.01.30 20:15:43.932,0.9951,0.9952,1.00,3.75
2017.01.30 20:15:44.455,0.99511,0.99521,1.00,1.87
2017.01.30 20:15:47.531,0.99511,0.99518,1.00,1.87
2017.01.30 20:15:47.583,0.99509,0.99518,1.12,5.62
2017.01.30 20:15:47.740,0.99507,0.99517,1.00,1.37
2017.01.30 20:15:51.089,0.99508,0.99518,1.00,3.75
2017.01.30 20:15:51.242,0.99508,0.99518,1.87,1.00
2017.01.30 20:15:51.497,0.9951,0.9952,1.00,5.25
2017.01.30 20:15:52.049,0.9951,0.9952,1.50,4.12
2017.01.30 20:16:04.143,0.99511,0.99521,1.12,1.75
2017.01.30 20:16:04.447,0.99512,0.99522,4.87,3.00
2017.01.30 20:16:04.599,0.99512,0.99522,1.50,3.00
2017.01.30 20:16:11.406,0.99512,0.99521,1.00,1.50
2017.01.30 20:16:11.559,0.99512,0.99521,1.00,1.12
2017.01.30 20:16:12.091,0.99512,0.9952,1.00,3.37
2017.01.30 20:16:16.151,0.9951,0.9952,2.25,3.37
2017.01.30 20:16:16.762,0.9951,0.9952,1.50,4.12
2017.01.30 20:16:17.286,0.9951,0.99518,1.00,3.75
2017.01.30 20:16:17.490,0.99512,0.9952,1.50,3.75
2017.01.30 20:16:17.541,0.99512,0.99521,3.37,1.50
2017.01.30 20:16:17.693,0.99511,0.99521,2.62,1.12
2017.01.30 20:16:20.809,0.99511,0.9952,1.12,1.12
2017.01.30 20:16:27.037,0.9951,0.99514,1.87,1.00
2017.01.30 20:16:27.342,0.99506,0.9951,3.00,2.62
2017.01.30 20:16:27.651,0.99504,0.9951,3.00,3.75
2017.01.30 20:16:28.523,0.99504,0.99509,3.00,1.12
2017.01.30 20:16:29.334,0.99503,0.99508,3.00,1.50
2017.01.30 20:16:30.710,0.99501,0.99508,1.00,3.00
2017.01.30 20:16:40.072,0.99498,0.99508,4.87,3.00
2017.01.30 20:16:40.327,0.995,0.99509,1.00,1.00
2017.01.30 20:16:40.828,0.995,0.9951,1.50,1.50
2017.01.30 20:16:41.449,0.99499,0.99509,1.00,1.00
2017.01.30 20:16:41.955,0.99499,0.99508,1.50,3.00
2017.01.30 20:16:43.035,0.995,0.99508,1.00,3.00
2017.01.30 20:16:43.640,0.99499,0.99508,1.50,3.00
2017.01.30 20:16:44.209,0.99499,0.99509,1.50,1.00
2017.01.30 20:16:45.152,0.99499,0.99509,1.87,1.00
2017.01.30 20:16:46.330,0.995,0.9951,1.12,4.87
2017.01.30 20:16:47.759,0.99501,0.9951,1.00,4.87
2017.01.30 20:16:48.064,0.99503,0.9951,1.00,1.00
2017.01.30 20:16:48.166,0.99501,0.9951,1.12,2.25
2017.01.30 20:16:55.800,0.99499,0.99508,2.25,3.37
2017.01.30 20:17:05.105,0.99499,0.99508,3.00,3.37
2017.01.30 20:17:11.081,0.99501,0.99508,1.00,1.87
2017.01.30 20:17:11.201,0.99503,0.99511,1.50,1.00
2017.01.30 20:17:11.556,0.99505,0.99512,1.00,2.25
2017.01.30 20:17:11.936,0.99507,0.99515,1.37,4.12
2017.01.30 20:17:12.089,0.99508,0.99518,1.50,2.25
2017.01.30 20:17:16.002,0.99509,0.99518,1.50,1.50
2017.01.30 20:17:20.096,0.9951,0.99519,1.00,1.87
2017.01.30 20:17:20.198,0.99512,0.9952,1.12,4.87
2017.01.30 20:17:20.402,0.9951,0.99518,1.12,3.75
2017.01.30 20:17:29.230,0.9951,0.99519,2.25,1.00
2017.01.30 20:17:29.738,0.99511,0.9952,1.00,1.50
2017.01.30 20:17:33.279,0.9951,0.9952,1.50,1.50
2017.01.30 20:17:36.545,0.99511,0.9952,1.00,1.50
2017.01.30 20:17:37.784,0.9951,0.99518,1.37,2.62
2017.01.30 20:17:37.836,0.99509,0.99517,1.00,1.00
2017.01.30 20:17:38.343,0.99509,0.99518,1.00,4.50
2017.01.30 20:17:47.079,0.99509,0.99519,3.00,1.00
2017.01.30 20:17:47.603,0.99509,0.9952,3.00,4.50
2017.01.30 20:17:52.434,0.9951,0.99518,1.12,3.37
2017.01.30 20:18:04.320,0.9951,0.99518,3.75,3.37
2017.01.30 20:18:04.373,0.9951,0.9952,3.37,3.75
2017.01.30 20:18:14.447,0.9951,0.99518,3.00,3.37
2017.01.30 20:18:14.549,0.99513,0.99521,1.00,1.12
2017.01.30 20:18:15.082,0.99512,0.99521,1.50,1.12
2017.01.30 20:18:22.516,0.99512,0.99522,2.25,3.00
2017.01.30 20:18:48.094,0.99512,0.99522,1.00,4.12
2017.01.30 20:18:55.307,0.99512,0.99521,1.00,1.50
2017.01.30 20:19:08.125,0.99512,0.99522,1.00,3.00
2017.01.30 20:19:12.450,0.99512,0.99522,1.00,3.75
2017.01.30 20:19:12.961,0.99512,0.99521,1.00,1.50
2017.01.30 20:19:14.096,0.9951,0.99514,2.25,1.50
2017.01.30 20:19:14.249,0.99508,0.99512,1.00,2.62
2017.01.30 20:19:14.300,0.99504,0.99512,1.50,2.62
2017.01.30 20:19:14.352,0.99504,0.99511,1.00,1.50
2017.01.30 20:19:14.556,0.99502,0.9951,1.00,2.25
2017.01.30 20:19:15.106,0.99502,0.99511,1.00,1.87
2017.01.30 20:19:34.288,0.99502,0.99511,1.00,1.12
2017.01.30 20:20:00.293,0.99502,0.9951,1.00,1.00
2017.01.30 20:20:00.825,0.99502,0.99511,1.00,1.12
2017.01.30 20:20:05.157,0.99502,0.99511,1.00,1.50
2017.01.30 20:20:05.969,0.99503,0.99512,1.87,2.25
2017.01.30 20:20:06.020,0.99505,0.99512,1.00,1.12
2017.01.30 20:20:06.122,0.99506,0.99516,2.62,1.75
2017.01.30 20:20:06.224,0.99506,0.99517,3.00,2.62
2017.01.30 20:20:07.317,0.99508,0.99517,1.00,1.87
2017.01.30 20:20:07.940,0.99508,0.99517,1.87,1.00
2017.01.30 20:20:09.906,0.99508,0.99516,1.12,1.00
2017.01.30 20:20:11.623,0.99506,0.99514,1.87,1.50
2017.01.30 20:20:11.776,0.99504,0.99512,1.50,1.12
2017.01.30 20:20:12.283,0.99504,0.99512,1.00,1.00
2017.01.30 20:20:13.129,0.99504,0.99512,1.00,1.50
2017.01.30 20:20:20.796,0.99502,0.99512,1.00,1.87
2017.01.30 20:20:21.426,0.99502,0.9951,1.00,1.12
2017.01.30 20:20:22.442,0.99504,0.99513,1.12,3.00
2017.01.30 20:20:22.544,0.99505,0.99513,1.00,1.87
2017.01.30 20:20:23.442,0.99505,0.99513,1.12,3.37
2017.01.30 20:20:23.544,0.99503,0.99511,1.50,1.37
2017.01.30 20:20:23.645,0.99501,0.99511,1.00,1.87
2017.01.30 20:20:26.334,0.99502,0.99512,1.00,1.75
2017.01.30 20:20:26.486,0.99503,0.99512,1.00,1.12
2017.01.30 20:20:27.010,0.99502,0.99512,1.37,1.12
2017.01.30 20:20:27.061,0.99502,0.99512,1.00,1.50
2017.01.30 20:20:27.844,0.99501,0.99511,1.12,1.72
2017.01.30 20:20:27.947,0.99502,0.99509,1.00,1.50
2017.01.30 20:20:30.387,0.99502,0.99511,1.00,1.12
2017.01.30 20:20:39.568,0.99502,0.99512,1.00,1.87
2017.01.30 20:20:43.295,0.99503,0.99511,1.00,1.87
2017.01.30 20:20:43.396,0.99505,0.99513,1.00,2.62
2017.01.30 20:20:43.955,0.99505,0.99513,1.87,1.50
2017.01.30 20:20:45.111,0.99505,0.99513,2.62,1.50
2017.01.30 20:20:46.060,0.99506,0.99513,2.25,1.50
2017.01.30 20:20:46.161,0.99508,0.99516,1.00,1.12
2017.01.30 20:20:46.673,0.99507,0.99516,1.87,1.00
2017.01.30 20:20:47.374,0.99507,0.99517,1.87,1.50
2017.01.30 20:20:52.710,0.99508,0.99518,2.62,1.00
2017.01.30 20:20:56.710,0.99507,0.99517,2.25,1.00
2017.01.30 20:20:57.288,0.99509,0.99518,1.12,1.00
2017.01.30 20:20:57.825,0.99509,0.99517,1.00,1.00
2017.01.30 20:20:58.337,0.99509,0.99519,1.50,1.50
2017.01.30 20:20:58.870,0.99509,0.99519,2.25,1.50
2017.01.30 20:20:59.590,0.99509,0.99517,1.50,1.00
2017.01.30 20:21:00.293,0.99509,0.99518,1.50,2.25
2017.01.30 20:21:00.344,0.99509,0.9952,1.50,5.62
2017.01.30 20:21:03.135,0.99509,0.99516,1.50,1.00
2017.01.30 20:21:03.412,0.99505,0.99512,1.00,1.00
2017.01.30 20:21:04.146,0.99504,0.99512,1.12,1.00
2017.01.30 20:21:04.683,0.99504,0.99513,1.37,2.62
2017.01.30 20:21:05.417,0.99504,0.99513,1.12,2.62
2017.01.30 20:21:16.939,0.99504,0.99512,1.12,1.00
2017.01.30 20:21:17.582,0.99504,0.99511,1.00,1.37
2017.01.30 20:21:17.684,0.99502,0.99509,1.12,1.87
2017.01.30 20:21:17.736,0.99499,0.99509,1.12,2.25
2017.01.30 20:21:18.433,0.995,0.99509,1.00,1.12
2017.01.30 20:21:19.587,0.99499,0.99509,2.62,1.12
2017.01.30 20:21:22.372,0.995,0.99509,1.00,1.12
2017.01.30 20:21:23.840,0.99501,0.9951,1.00,1.50
2017.01.30 20:21:25.053,0.99501,0.9951,1.00,1.50
2017.01.30 20:21:31.024,0.99501,0.99509,1.00,1.12
2017.01.30 20:21:31.075,0.99499,0.99508,2.62,1.00
2017.01.30 20:21:32.023,0.99499,0.99509,1.87,1.12
2017.01.30 20:21:35.716,0.99502,0.99509,1.00,1.12
2017.01.30 20:21:35.852,0.99502,0.99511,1.00,1.50
2017.01.30 20:21:39.733,0.995,0.9951,1.37,1.50
2017.01.30 20:21:39.834,0.99498,0.99508,2.62,1.12
2017.01.30 20:21:39.936,0.99498,0.99508,2.62,1.12
2017.01.30 20:21:40.749,0.99499,0.99509,2.25,1.12
2017.01.30 20:21:46.332,0.99498,0.99508,3.75,1.00
2017.01.30 20:21:51.332,0.99498,0.99504,1.37,1.00
2017.01.30 20:21:51.485,0.99497,0.99504,1.12,1.50
2017.01.30 20:21:52.221,0.99497,0.99503,1.12,1.00
2017.01.30 20:21:52.396,0.99493,0.995,1.37,1.12
2017.01.30 20:21:52.448,0.99492,0.995,1.00,1.12
2017.01.30 20:21:52.753,0.99492,0.99502,1.12,1.12
2017.01.30 20:21:56.961,0.99494,0.99503,1.50,1.87
2017.01.30 20:21:57.063,0.99495,0.99505,1.12,1.12
2017.01.30 20:21:57.569,0.99496,0.99506,1.87,1.12
2017.01.30 20:22:20.483,0.99496,0.99504,1.12,1.00
2017.01.30 20:22:20.788,0.99493,0.995,1.00,1.00
2017.01.30 20:22:20.941,0.9949,0.995,1.87,3.37
2017.01.30 20:22:21.043,0.99492,0.995,1.00,1.87
2017.01.30 20:22:21.585,0.99492,0.99501,1.00,1.12
2017.01.30 20:22:22.001,0.99492,0.99499,1.00,1.12
2017.01.30 20:22:22.052,0.9949,0.99499,1.12,2.25
2017.01.30 20:22:24.715,0.99491,0.99501,1.50,2.25
2017.01.30 20:22:24.767,0.99492,0.99501,1.00,1.50
2017.01.30 20:22:37.537,0.99491,0.995,1.37,1.00
2017.01.30 20:22:38.169,0.99491,0.995,1.00,1.12
2017.01.30 20:22:45.924,0.99489,0.99499,1.87,1.50
2017.01.30 20:22:48.138,0.99489,0.99498,1.37,1.00
2017.01.30 20:22:48.839,0.99489,0.99498,1.00,1.12
2017.01.30 20:22:49.443,0.99489,0.995,2.62,1.50
2017.01.30 20:22:50.150,0.99489,0.995,3.00,1.12
2017.01.30 20:22:52.390,0.99491,0.99502,1.50,1.87
2017.01.30 20:22:52.441,0.99493,0.99502,1.00,1.87
2017.01.30 20:22:52.965,0.99493,0.99502,1.12,1.00
2017.01.30 20:22:58.282,0.99493,0.99501,1.12,1.87
2017.01.30 20:22:58.703,0.99489,0.99499,1.75,1.00
2017.01.30 20:22:59.161,0.99491,0.99501,1.12,1.50
2017.01.30 20:23:00.667,0.99491,0.995,1.12,1.00
2017.01.30 20:23:03.201,0.99491,0.99501,1.12,1.87
2017.01.30 20:23:05.153,0.99491,0.99501,1.50,1.50
2017.01.30 20:23:05.357,0.99493,0.99502,1.12,1.00
2017.01.30 20:23:05.662,0.99493,0.99502,1.00,1.75
2017.01.30 20:23:10.344,0.99491,0.99501,1.00,2.25
2017.01.30 20:23:11.829,0.99494,0.99502,1.00,1.50
2017.01.30 20:23:19.670,0.99493,0.99501,1.00,1.12
2017.01.30 20:23:19.822,0.9949,0.99501,1.87,1.87
2017.01.30 20:23:24.652,0.9949,0.99499,1.12,1.00
2017.01.30 20:23:28.064,0.99488,0.99498,1.50,2.25
2017.01.30 20:23:28.579,0.99488,0.99497,1.12,1.00
2017.01.30 20:23:30.924,0.99488,0.99498,2.62,1.12
2017.01.30 20:23:34.209,0.99488,0.99497,1.12,1.00
2017.01.30 20:23:36.320,0.99489,0.99498,1.00,1.12
2017.01.30 20:23:36.421,0.99489,0.995,2.62,1.50
2017.01.30 20:23:36.928,0.9949,0.995,1.50,1.00
2017.01.30 20:23:37.608,0.99491,0.99501,1.12,1.12
2017.01.30 20:23:38.889,0.99492,0.99501,1.00,1.12
2017.01.30 20:23:46.320,0.99492,0.99502,1.87,1.12
2017.01.30 20:23:54.991,0.99491,0.99501,1.50,1.50
2017.01.30 20:23:55.515,0.99491,0.995,1.00,1.12
2017.01.30 20:24:11.083,0.99493,0.99501,1.00,1.50
2017.01.30 20:24:11.185,0.99493,0.99502,1.50,1.50
2017.01.30 20:24:25.126,0.99493,0.99503,2.25,1.02
2017.01.30 20:24:26.090,0.99493,0.99502,1.00,1.00
2017.01.30 20:24:26.611,0.99493,0.99503,2.25,1.02
2017.01.30 20:24:31.278,0.99493,0.99502,1.00,1.00
2017.01.30 20:24:31.829,0.99493,0.99503,1.50,1.02
2017.01.30 20:24:34.218,0.99493,0.99502,1.00,1.00
2017.01.30 20:24:34.747,0.99493,0.99503,1.00,1.02
2017.01.30 20:24:34.849,0.99493,0.99501,1.00,1.00
2017.01.30 20:25:10.480,0.99493,0.99502,1.12,1.50
2017.01.30 20:25:11.198,0.99489,0.99502,4.12,1.87
2017.01.30 20:25:13.051,0.9949,0.99499,1.37,1.00
2017.01.30 20:25:15.411,0.99488,0.99497,1.75,1.00
2017.01.30 20:25:15.563,0.99488,0.99496,1.50,1.00
2017.01.30 20:25:16.074,0.99488,0.99496,1.00,1.00
2017.01.30 20:25:21.528,0.99488,0.99497,1.00,1.12
2017.01.30 20:25:40.790,0.9949,0.99499,1.00,2.25
2017.01.30 20:25:40.892,0.99491,0.995,1.00,2.25
2017.01.30 20:25:41.410,0.99492,0.995,1.00,1.00
2017.01.30 20:25:42.033,0.99492,0.99501,1.00,1.12
2017.01.30 20:25:42.555,0.99493,0.99501,1.00,1.12
2017.01.30 20:25:45.758,0.9949,0.995,2.25,1.00
2017.01.30 20:25:45.910,0.9949,0.995,1.87,1.12
2017.01.30 20:25:46.655,0.9949,0.995,1.50,1.50
2017.01.30 20:25:47.354,0.99493,0.99501,1.50,1.37
2017.01.30 20:25:47.405,0.99493,0.99501,1.50,1.12
2017.01.30 20:25:49.523,0.99493,0.99502,1.00,1.12
2017.01.30 20:25:50.165,0.99493,0.99501,1.00,1.00
2017.01.30 20:25:50.786,0.99494,0.99504,1.00,1.87
2017.01.30 20:25:50.837,0.99496,0.99505,1.00,2.25
2017.01.30 20:25:50.888,0.99496,0.99506,1.50,1.50
2017.01.30 20:25:51.432,0.99496,0.99506,2.25,1.00
2017.01.30 20:25:51.935,0.99498,0.99505,1.00,1.00
2017.01.30 20:25:54.691,0.99498,0.99507,1.00,1.12
2017.01.30 20:25:54.844,0.99499,0.9951,1.12,2.44
2017.01.30 20:25:55.712,0.99501,0.9951,1.00,1.12
2017.01.30 20:25:56.235,0.995,0.9951,1.12,1.12
2017.01.30 20:25:56.751,0.995,0.99509,1.12,1.00
2017.01.30 20:25:57.600,0.99501,0.9951,1.00,1.12
2017.01.30 20:25:58.017,0.99503,0.99512,1.00,1.75
2017.01.30 20:25:58.192,0.99503,0.99512,1.00,1.12
2017.01.30 20:25:59.046,0.995,0.99509,1.87,1.50
2017.01.30 20:25:59.097,0.995,0.99509,1.00,1.00
2017.01.30 20:25:59.603,0.99498,0.99509,2.25,1.12
2017.01.30 20:26:05.127,0.99498,0.99505,1.50,1.00
2017.01.30 20:26:05.330,0.99494,0.99502,1.12,1.12
2017.01.30 20:26:05.431,0.99494,0.99502,1.00,1.50
2017.01.30 20:26:05.533,0.99492,0.99502,1.50,3.00
2017.01.30 20:26:07.917,0.9949,0.995,2.62,1.12
2017.01.30 20:26:12.916,0.99492,0.99501,1.00,1.50
2017.01.30 20:26:13.423,0.99492,0.99501,1.00,1.12
2017.01.30 20:26:37.101,0.99495,0.99504,1.00,1.75
2017.01.30 20:26:37.252,0.99495,0.99505,1.00,1.75
2017.01.30 20:26:37.353,0.99496,0.99505,1.00,1.12
2017.01.30 20:26:37.898,0.99495,0.99506,1.87,1.50
2017.01.30 20:26:42.756,0.99496,0.99506,1.00,1.50
2017.01.30 20:26:42.867,0.99496,0.99507,1.12,1.12
2017.01.30 20:26:44.453,0.99497,0.99508,1.00,2.25
2017.01.30 20:26:49.237,0.99497,0.99507,1.50,1.00
2017.01.30 20:26:55.362,0.99495,0.99504,1.00,1.87
2017.01.30 20:26:55.871,0.99494,0.99504,1.00,2.25
2017.01.30 20:27:00.599,0.99494,0.99504,2.62,1.00
2017.01.30 20:27:00.903,0.99496,0.99506,1.50,1.00
2017.01.30 20:27:01.421,0.99497,0.99507,1.00,1.50
2017.01.30 20:27:04.808,0.99499,0.99507,1.50,1.00
2017.01.30 20:27:05.214,0.99497,0.99506,1.12,1.12
2017.01.30 20:27:05.315,0.99495,0.99506,2.62,1.37
2017.01.30 20:27:05.850,0.99496,0.99506,1.00,1.50
2017.01.30 20:27:06.526,0.99496,0.99507,2.62,1.50
2017.01.30 20:27:07.179,0.99496,0.99507,3.00,1.12
2017.01.30 20:27:08.726,0.99498,0.99509,1.00,2.62
2017.01.30 20:27:09.248,0.99496,0.99508,1.87,1.50
2017.01.30 20:27:12.317,0.99498,0.99509,1.37,2.62
2017.01.30 20:27:12.855,0.99499,0.99509,1.50,1.00
2017.01.30 20:27:13.160,0.99496,0.99507,2.25,1.87
2017.01.30 20:27:13.350,0.99496,0.99507,1.87,1.12
2017.01.30 20:27:13.566,0.99498,0.99509,1.87,1.87
2017.01.30 20:27:14.169,0.99498,0.99508,1.50,1.12
2017.01.30 20:27:14.703,0.99498,0.99508,1.00,1.00
2017.01.30 20:27:15.795,0.99498,0.99509,2.25,2.62
2017.01.30 20:27:15.998,0.995,0.99509,1.00,1.00
2017.01.30 20:27:16.545,0.99498,0.99509,1.50,6.00
2017.01.30 20:27:17.088,0.995,0.99511,1.00,4.69
2017.01.30 20:27:17.647,0.99499,0.9951,1.12,1.50
2017.01.30 20:27:18.542,0.995,0.9951,1.00,1.37
2017.01.30 20:27:19.201,0.995,0.99509,1.00,6.75
2017.01.30 20:27:19.657,0.99498,0.99508,1.50,1.12
2017.01.30 20:27:21.639,0.99499,0.9951,1.00,3.75
2017.01.30 20:27:22.157,0.995,0.9951,1.00,1.87
2017.01.30 20:27:23.165,0.99501,0.99512,1.00,7.12
2017.01.30 20:27:25.106,0.995,0.99511,2.62,2.25
2017.01.30 20:28:21.748,0.99498,0.99508,1.87,1.12
2017.01.30 20:28:21.799,0.99498,0.99508,1.50,1.12
2017.01.30 20:28:22.421,0.995,0.9951,1.12,1.87
2017.01.30 20:28:23.017,0.995,0.99511,2.25,1.87
2017.01.30 20:28:46.391,0.99501,0.99511,1.00,1.50
2017.01.30 20:29:20.566,0.99501,0.9951,1.00,1.50
2017.01.30 20:29:21.076,0.99499,0.99509,2.25,1.00
2017.01.30 20:29:21.610,0.99499,0.9951,3.00,1.12
2017.01.30 20:29:22.962,0.99499,0.99509,2.25,1.50
2017.01.30 20:29:23.469,0.995,0.99511,1.87,1.87
2017.01.30 20:29:27.616,0.99499,0.99509,1.37,2.25
2017.01.30 20:29:28.126,0.99501,0.9951,1.00,1.12
2017.01.30 20:29:30.177,0.99501,0.99511,1.50,1.00
2017.01.30 20:29:32.731,0.99501,0.99512,2.25,1.12
2017.01.30 20:29:33.243,0.99502,0.99512,1.50,1.00
2017.01.30 20:29:37.352,0.99502,0.99511,1.50,1.00
2017.01.30 20:29:37.877,0.99502,0.99511,1.00,1.50
2017.01.30 20:29:38.697,0.99501,0.99511,1.12,1.50
2017.01.30 20:29:42.435,0.99502,0.99512,1.12,1.12
2017.01.30 20:29:53.308,0.99502,0.99512,1.12,3.00
2017.01.30 20:29:54.395,0.995,0.99512,2.25,1.00
2017.01.30 20:29:56.003,0.99502,0.99513,1.00,2.06
2017.01.30 20:29:59.160,0.99506,0.99513,1.00,1.50
2017.01.30 20:29:59.213,0.99506,0.99515,1.87,1.00
2017.01.30 20:29:59.265,0.99506,0.99519,1.87,3.19
2017.01.30 20:29:59.519,0.99508,0.99519,1.00,1.25
2017.01.30 20:30:00.028,0.99509,0.99519,1.50,1.50
2017.01.30 20:30:00.621,0.99509,0.9952,1.00,1.12
2017.01.30 20:30:01.123,0.99509,0.99521,1.50,1.00
2017.01.30 20:30:01.657,0.99509,0.99522,1.00,5.85
2017.01.30 20:30:02.199,0.99509,0.99521,1.50,1.00
2017.01.30 20:30:02.718,0.99509,0.99522,1.50,4.87
2017.01.30 20:30:03.326,0.99509,0.99521,1.50,1.00
2017.01.30 20:30:03.890,0.99509,0.99522,1.50,5.62
2017.01.30 20:30:05.488,0.9951,0.99522,1.00,2.25
2017.01.30 20:30:09.316,0.9951,0.99521,1.50,1.00
2017.01.30 20:30:14.588,0.99512,0.99521,1.00,1.00
2017.01.30 20:30:30.203,0.99512,0.99521,1.00,1.50
2017.01.30 20:30:31.329,0.99512,0.99519,1.00,1.00
2017.01.30 20:30:31.380,0.9951,0.99519,1.12,1.50
2017.01.30 20:30:31.946,0.9951,0.99519,1.00,1.50
2017.01.30 20:30:45.156,0.9951,0.9952,1.00,1.50
2017.01.30 20:30:45.769,0.9951,0.9952,1.87,1.12
2017.01.30 20:30:49.248,0.99511,0.9952,1.00,1.12
2017.01.30 20:30:57.564,0.99512,0.99522,1.00,1.50
2017.01.30 20:30:57.974,0.99511,0.99521,1.00,1.75
2017.01.30 20:31:06.479,0.99511,0.99522,2.62,1.87
2017.01.30 20:31:06.969,0.99513,0.99523,2.10,1.12
2017.01.30 20:31:07.239,0.99517,0.99527,1.50,1.37
2017.01.30 20:31:07.747,0.99517,0.99528,2.62,2.06
2017.01.30 20:31:09.384,0.99517,0.99527,1.00,1.50
2017.01.30 20:31:09.537,0.99517,0.99527,1.00,3.19
2017.01.30 20:31:09.791,0.99512,0.99522,1.75,1.00
2017.01.30 20:31:09.893,0.99512,0.99522,1.50,1.50
2017.01.30 20:31:14.492,0.99512,0.99522,1.00,2.06
2017.01.30 20:31:15.026,0.99512,0.99522,1.50,1.87
2017.01.30 20:31:15.522,0.99514,0.99523,1.00,1.75
2017.01.30 20:31:15.624,0.99514,0.99524,1.50,3.19
2017.01.30 20:31:16.458,0.99516,0.99525,1.00,4.31
2017.01.30 20:31:16.510,0.99516,0.99526,1.00,1.50
2017.01.30 20:31:16.815,0.99518,0.99527,1.00,1.12
2017.01.30 20:31:30.277,0.99519,0.9953,1.50,2.44
2017.01.30 20:31:30.430,0.99519,0.9953,1.50,1.50
2017.01.30 20:31:31.435,0.9952,0.9953,1.00,1.50
2017.01.30 20:31:36.242,0.99519,0.9953,1.00,1.50
2017.01.30 20:31:45.017,0.9952,0.9953,1.00,1.50
2017.01.30 20:31:46.537,0.9952,0.99529,1.00,2.10
2017.01.30 20:31:46.748,0.99518,0.99528,1.12,2.10
2017.01.30 20:31:47.833,0.99519,0.99529,1.00,3.97
2017.01.30 20:31:47.885,0.99522,0.99529,1.00,1.50
2017.01.30 20:31:47.987,0.99522,0.99531,1.00,1.50
2017.01.30 20:31:48.038,0.99522,0.99532,1.87,1.12
2017.01.30 20:31:52.528,0.99522,0.99531,1.12,1.00
2017.01.30 20:31:53.057,0.99522,0.99533,2.62,2.47
2017.01.30 20:32:07.997,0.9952,0.99531,1.50,1.50
2017.01.30 20:32:09.145,0.99519,0.9953,3.37,1.00
2017.01.30 20:32:12.505,0.9952,0.99531,1.12,1.00
2017.01.30 20:32:15.021,0.99519,0.9953,1.50,1.12
2017.01.30 20:32:15.274,0.99522,0.99532,1.12,1.87
2017.01.30 20:32:15.427,0.99524,0.99534,1.50,1.00
2017.01.30 20:32:15.949,0.99524,0.99535,1.50,3.00
2017.01.30 20:32:16.153,0.99523,0.99533,2.62,1.00
2017.01.30 20:32:16.307,0.99522,0.99533,2.62,1.00
2017.01.30 20:32:25.105,0.99522,0.99533,2.25,1.00
2017.01.30 20:32:28.061,0.99524,0.99534,1.12,1.12
2017.01.30 20:32:28.214,0.99524,0.99535,5.62,2.62
2017.01.30 20:32:28.519,0.99529,0.99537,1.00,1.00
2017.01.30 20:32:28.772,0.99528,0.99539,1.50,1.87
2017.01.30 20:32:28.874,0.99528,0.99537,1.37,1.00
2017.01.30 20:32:29.489,0.99527,0.99538,1.87,2.25
2017.01.30 20:32:32.209,0.99526,0.99536,1.75,1.00
2017.01.30 20:32:32.621,0.99522,0.99532,1.00,1.50
2017.01.30 20:32:33.175,0.99522,0.99532,1.00,1.00
2017.01.30 20:32:33.327,0.99521,0.99531,1.00,3.75
2017.01.30 20:32:33.835,0.9952,0.9953,1.00,1.37
2017.01.30 20:32:36.626,0.99519,0.99531,1.50,1.87
2017.01.30 20:32:36.930,0.99522,0.99531,1.00,1.12
2017.01.30 20:32:37.726,0.99519,0.9953,3.37,1.00
2017.01.30 20:32:37.980,0.99518,0.99529,1.50,3.75
2017.01.30 20:32:47.043,0.99517,0.99527,3.00,1.00
2017.01.30 20:32:47.979,0.99517,0.99527,1.50,1.00
2017.01.30 20:32:52.938,0.99518,0.99528,2.25,1.00
2017.01.30 20:32:53.039,0.99522,0.99531,1.00,5.62
2017.01.30 20:32:53.294,0.99521,0.99531,2.25,1.00
2017.01.30 20:32:56.033,0.99519,0.99529,2.25,1.00
2017.01.30 20:32:56.236,0.99519,0.99529,1.50,1.50
2017.01.30 20:32:57.584,0.99521,0.9953,1.00,1.12
2017.01.30 20:32:57.787,0.99522,0.99531,1.37,1.00
2017.01.30 20:32:58.719,0.9952,0.9953,3.37,1.50
2017.01.30 20:32:58.944,0.99519,0.99529,1.50,1.00
2017.01.30 20:33:02.757,0.99517,0.99526,3.75,1.50
2017.01.30 20:33:03.012,0.9951,0.99522,6.94,1.00
2017.01.30 20:33:03.327,0.99515,0.99525,1.00,1.37
2017.01.30 20:33:03.378,0.99516,0.99525,1.37,1.00
2017.01.30 20:33:03.749,0.99514,0.99523,1.87,1.00
2017.01.30 20:33:03.851,0.99513,0.99523,2.62,1.00
2017.01.30 20:33:08.615,0.99515,0.99525,1.50,1.00
2017.01.30 20:33:10.513,0.99516,0.99526,1.12,1.12
2017.01.30 20:33:10.615,0.99516,0.99527,2.25,1.12
2017.01.30 20:33:11.146,0.99516,0.99527,1.50,2.47
2017.01.30 20:33:11.661,0.99518,0.99528,1.00,1.00
2017.01.30 20:33:12.135,0.99519,0.9953,1.87,3.00
2017.01.30 20:33:12.186,0.99521,0.9953,1.00,1.50
2017.01.30 20:33:12.472,0.99524,0.99534,1.12,1.50
2017.01.30 20:33:13.170,0.99523,0.99533,2.25,1.00
2017.01.30 20:33:13.760,0.99522,0.99532,1.50,1.50
2017.01.30 20:33:17.712,0.99522,0.99532,1.12,1.12
2017.01.30 20:33:18.254,0.99521,0.99531,1.50,1.00
2017.01.30 20:33:20.305,0.99521,0.99531,1.12,1.37
2017.01.30 20:33:20.508,0.99519,0.9953,1.87,2.85
2017.01.30 20:33:21.650,0.99521,0.9953,1.00,1.12
2017.01.30 20:33:22.178,0.99521,0.99531,2.25,1.00
2017.01.30 20:33:27.268,0.99523,0.99531,1.00,1.00
2017.01.30 20:33:27.472,0.99524,0.99535,4.72,1.50
2017.01.30 20:33:27.573,0.99525,0.99536,2.25,1.00
2017.01.30 20:33:32.451,0.99525,0.99536,2.62,1.00
2017.01.30 20:33:40.177,0.9953,0.99539,1.00,1.87
2017.01.30 20:33:41.446,0.99529,0.99538,1.00,1.12
2017.01.30 20:33:42.942,0.99528,0.99538,1.87,1.12
2017.01.30 20:33:44.694,0.99529,0.99539,1.00,1.50
2017.01.30 20:33:45.206,0.99528,0.99538,1.12,1.12
2017.01.30 20:33:49.703,0.99526,0.99537,2.62,1.00
2017.01.30 20:33:49.855,0.99525,0.99535,1.50,1.12
2017.01.30 20:34:03.374,0.99527,0.99536,3.00,1.50
2017.01.30 20:34:03.723,0.99529,0.99539,1.37,1.37
2017.01.30 20:34:04.152,0.9953,0.9954,1.87,1.87
2017.01.30 20:34:05.056,0.99529,0.99539,2.62,1.00
2017.01.30 20:34:05.567,0.99529,0.99539,2.25,1.12
2017.01.30 20:34:10.443,0.9953,0.9954,1.12,1.50
2017.01.30 20:34:10.545,0.99531,0.99541,1.50,1.50
2017.01.30 20:34:11.104,0.99532,0.99541,1.00,1.12
2017.01.30 20:34:18.367,0.99532,0.99542,3.37,2.25
2017.01.30 20:34:18.907,0.99532,0.99542,2.25,1.50
2017.01.30 20:34:19.441,0.99532,0.99541,1.12,1.00
2017.01.30 20:34:20.060,0.9953,0.9954,1.87,1.00
2017.01.30 20:34:20.162,0.9953,0.9954,1.12,1.87
2017.01.30 20:34:20.672,0.99529,0.99539,1.87,1.00
2017.01.30 20:34:34.521,0.99531,0.9954,1.00,1.00
2017.01.30 20:34:34.623,0.99532,0.99541,1.87,1.00
2017.01.30 20:34:35.131,0.99532,0.99542,1.37,3.60
2017.01.30 20:34:38.699,0.99532,0.99541,1.37,1.00
2017.01.30 20:34:42.655,0.99534,0.99542,1.87,1.50
2017.01.30 20:34:42.964,0.99538,0.99542,1.12,1.00
2017.01.30 20:34:43.580,0.99538,0.99548,1.12,1.12
2017.01.30 20:34:45.201,0.99538,0.99548,1.00,1.50
2017.01.30 20:34:50.183,0.99537,0.99548,1.12,1.50
2017.01.30 20:34:51.290,0.99537,0.99548,1.31,1.50
2017.01.30 20:34:52.230,0.99537,0.99548,1.12,1.50
2017.01.30 20:34:52.741,0.99537,0.99548,1.31,1.50
2017.01.30 20:34:53.376,0.99537,0.99548,1.12,1.50
2017.01.30 20:34:56.437,0.99536,0.99546,2.62,1.00
2017.01.30 20:34:56.955,0.99535,0.99542,1.00,1.00
2017.01.30 20:34:57.107,0.99532,0.99542,1.00,1.00
2017.01.30 20:34:58.121,0.99531,0.99536,1.00,3.00
2017.01.30 20:34:58.530,0.99527,0.99531,1.00,5.29
2017.01.30 20:34:58.581,0.99517,0.99528,1.37,2.25
2017.01.30 20:34:59.457,0.99517,0.99527,1.50,1.00
2017.01.30 20:35:00.143,0.99518,0.99526,1.12,1.00
2017.01.30 20:35:00.720,0.99516,0.99526,2.62,2.62
2017.01.30 20:35:01.238,0.99516,0.99525,1.12,1.50
2017.01.30 20:35:04.148,0.99516,0.99526,1.12,2.62
2017.01.30 20:35:04.900,0.99516,0.99525,1.12,1.00
2017.01.30 20:35:05.601,0.99514,0.99524,2.62,1.12
2017.01.30 20:35:05.703,0.99513,0.99522,4.12,1.50
2017.01.30 20:35:11.857,0.99516,0.99522,1.00,1.50
2017.01.30 20:35:11.908,0.99516,0.99525,1.12,1.87
2017.01.30 20:35:12.162,0.99518,0.99526,1.00,1.12
2017.01.30 20:35:12.752,0.99518,0.99525,1.00,1.50
2017.01.30 20:35:16.015,0.99516,0.99525,2.62,1.50
2017.01.30 20:35:16.324,0.99513,0.99523,2.25,1.00
2017.01.30 20:35:17.263,0.99515,0.99523,1.00,1.50
2017.01.30 20:35:17.364,0.99516,0.99526,1.12,3.75
2017.01.30 20:35:17.871,0.99516,0.99525,1.12,1.50
2017.01.30 20:35:27.084,0.99516,0.99525,3.00,1.50
2017.01.30 20:35:27.236,0.99518,0.99527,1.12,1.00
2017.01.30 20:35:28.146,0.99518,0.99528,1.12,2.62
2017.01.30 20:35:29.510,0.99516,0.99524,1.50,1.00
2017.01.30 20:35:29.663,0.99514,0.99522,1.37,2.25
2017.01.30 20:35:29.715,0.99512,0.99522,2.62,2.25
2017.01.30 20:35:30.149,0.9951,0.9952,1.87,1.87
2017.01.30 20:35:30.885,0.99509,0.99519,2.25,1.00
2017.01.30 20:35:32.635,0.99509,0.99518,1.37,1.50
2017.01.30 20:35:36.717,0.99509,0.99516,1.87,1.00
2017.01.30 20:35:36.768,0.99506,0.99515,1.12,1.12
2017.01.30 20:35:36.819,0.99504,0.99513,2.62,1.12
2017.01.30 20:35:36.972,0.99501,0.99511,1.37,1.37
2017.01.30 20:35:37.124,0.99501,0.99511,1.50,1.50
2017.01.30 20:35:37.643,0.99502,0.99511,1.00,1.50
2017.01.30 20:35:40.074,0.99501,0.99511,1.50,1.87
2017.01.30 20:35:40.227,0.99499,0.99508,4.12,1.12
2017.01.30 20:35:40.797,0.99499,0.99508,1.12,1.50
2017.01.30 20:35:41.797,0.995,0.99508,1.00,1.50
2017.01.30 20:35:42.101,0.99502,0.99512,1.50,2.25
2017.01.30 20:35:42.635,0.99503,0.99512,1.50,1.50
2017.01.30 20:35:43.126,0.995,0.9951,4.12,1.00
2017.01.30 20:35:43.381,0.99499,0.99508,2.25,1.50
2017.01.30 20:35:55.191,0.99498,0.99508,1.37,1.87
2017.01.30 20:35:55.699,0.99496,0.99507,3.56,1.00
2017.01.30 20:35:56.727,0.99497,0.99508,2.25,2.62
2017.01.30 20:36:12.498,0.99497,0.99507,2.25,1.00
2017.01.30 20:36:13.454,0.99496,0.99502,1.12,1.00
2017.01.30 20:36:13.653,0.99495,0.99502,1.12,1.50
2017.01.30 20:36:14.178,0.99494,0.99502,1.12,1.50
2017.01.30 20:36:15.117,0.99493,0.99502,1.50,1.50
2017.01.30 20:36:17.115,0.99494,0.99502,1.00,1.50
2017.01.30 20:36:19.403,0.99493,0.99502,1.12,1.50
2017.01.30 20:36:20.266,0.99492,0.995,1.50,1.00
2017.01.30 20:36:20.523,0.99487,0.99498,1.75,2.25
2017.01.30 20:36:20.626,0.99491,0.99498,1.00,1.87
2017.01.30 20:36:20.728,0.9949,0.995,1.12,1.12
2017.01.30 20:36:20.779,0.99489,0.99498,2.62,1.00
2017.01.30 20:36:20.932,0.99488,0.99498,1.00,2.25
2017.01.30 20:36:21.616,0.99487,0.99498,1.87,3.00
2017.01.30 20:36:22.124,0.99488,0.99498,1.00,3.00
2017.01.30 20:36:23.353,0.99489,0.99498,1.50,2.25
2017.01.30 20:36:27.086,0.99488,0.99498,1.50,3.00
2017.01.30 20:36:27.591,0.99488,0.99498,1.50,3.00
2017.01.30 20:36:29.657,0.99488,0.99498,1.87,1.87
2017.01.30 20:36:29.759,0.9949,0.99498,1.00,1.87
2017.01.30 20:36:32.128,0.99489,0.99498,1.00,1.12
2017.01.30 20:36:32.637,0.99488,0.99498,1.87,2.62
2017.01.30 20:36:39.340,0.99487,0.99497,2.25,1.00
2017.01.30 20:36:39.866,0.99487,0.99497,1.87,1.12
2017.01.30 20:36:40.582,0.99488,0.99497,1.00,1.12
2017.01.30 20:36:41.132,0.99487,0.99497,1.87,1.12
2017.01.30 20:36:41.674,0.99488,0.99498,1.00,3.00
2017.01.30 20:36:42.847,0.99487,0.99497,1.87,1.12
2017.01.30 20:36:43.453,0.99487,0.99497,1.50,1.50
2017.01.30 20:36:43.973,0.99487,0.99497,1.87,1.12
2017.01.30 20:36:44.485,0.99488,0.99498,1.00,3.00
2017.01.30 20:36:45.181,0.99488,0.99498,1.12,2.62
2017.01.30 20:36:46.164,0.99489,0.99498,1.00,1.12
2017.01.30 20:36:46.749,0.99488,0.99498,1.87,1.12
2017.01.30 20:36:47.344,0.99489,0.99499,1.00,1.50
2017.01.30 20:36:47.883,0.99488,0.99499,1.12,1.50
2017.01.30 20:36:48.457,0.99489,0.99498,1.00,1.87
2017.01.30 20:36:49.053,0.99488,0.99498,1.12,1.87
2017.01.30 20:36:49.563,0.99489,0.99498,1.00,2.62
2017.01.30 20:36:50.093,0.99488,0.99498,1.12,2.62
2017.01.30 20:36:53.213,0.99487,0.99498,1.12,3.00
2017.01.30 20:36:55.015,0.99488,0.99498,1.00,3.00
2017.01.30 20:36:57.950,0.99487,0.99498,1.87,3.00
2017.01.30 20:36:58.280,0.99489,0.99498,1.00,3.00
2017.01.30 20:37:01.900,0.99488,0.99498,1.00,3.00
2017.01.30 20:37:02.613,0.99487,0.99498,1.87,3.00
2017.01.30 20:37:08.010,0.99488,0.99497,1.00,1.12
2017.01.30 20:37:08.532,0.99487,0.99497,1.87,1.12
2017.01.30 20:37:11.136,0.99488,0.99498,1.00,3.00
2017.01.30 20:37:11.646,0.99489,0.99498,1.00,2.62
2017.01.30 20:37:21.546,0.99488,0.99498,1.87,2.62
2017.01.30 20:37:27.853,0.99489,0.99498,1.00,1.12
2017.01.30 20:37:28.791,0.99488,0.99498,1.87,1.12
2017.01.30 20:37:34.131,0.99488,0.99498,2.25,1.12
2017.01.30 20:37:34.636,0.99488,0.99498,2.25,1.00
2017.01.30 20:37:37.329,0.99489,0.99499,1.50,1.00
2017.01.30 20:37:37.836,0.99488,0.99498,2.25,1.00
2017.01.30 20:37:38.467,0.99489,0.99499,1.50,1.00
2017.01.30 20:37:45.206,0.99489,0.99499,1.75,1.00
2017.01.30 20:37:58.721,0.99489,0.99499,1.87,1.12
2017.01.30 20:38:04.514,0.99491,0.995,1.00,1.50
2017.01.30 20:38:04.818,0.99491,0.99501,1.12,1.12
2017.01.30 20:38:05.233,0.99493,0.99501,1.00,1.00
2017.01.30 20:38:05.761,0.99492,0.99502,1.00,1.00
2017.01.30 20:38:07.004,0.99491,0.99502,2.62,1.00
2017.01.30 20:38:07.430,0.99494,0.99503,1.00,1.00
2017.01.30 20:38:07.878,0.99497,0.99506,1.00,1.75
2017.01.30 20:38:08.032,0.99497,0.99507,1.12,1.12
2017.01.30 20:38:08.541,0.99496,0.99506,1.00,1.50
2017.01.30 20:38:08.856,0.99497,0.99507,1.12,1.12
2017.01.30 20:38:10.557,0.99498,0.99507,1.50,1.12
2017.01.30 20:38:10.710,0.99499,0.99509,1.12,1.50
2017.01.30 20:38:11.137,0.99497,0.99507,1.50,1.12
2017.01.30 20:38:11.671,0.99496,0.99506,1.37,1.00
2017.01.30 20:38:13.112,0.99496,0.99507,1.37,1.87
2017.01.30 20:38:14.667,0.99498,0.99508,1.50,1.37
2017.01.30 20:38:15.175,0.99498,0.99508,2.25,1.00
2017.01.30 20:38:15.683,0.99499,0.99509,2.25,1.00
2017.01.30 20:38:16.661,0.99499,0.99509,1.00,2.25
2017.01.30 20:38:17.168,0.99498,0.99509,1.12,2.25
2017.01.30 20:38:17.787,0.99499,0.99509,1.00,2.25
2017.01.30 20:38:24.131,0.99498,0.99509,1.87,1.50
2017.01.30 20:38:25.153,0.99498,0.99508,1.00,1.50
2017.01.30 20:38:41.455,0.99499,0.99509,1.00,1.75
2017.01.30 20:38:45.170,0.99499,0.99509,1.00,1.50
2017.01.30 20:38:54.193,0.995,0.9951,1.00,3.00
2017.01.30 20:38:54.548,0.99502,0.99511,1.00,1.87
2017.01.30 20:38:54.599,0.99502,0.99511,1.00,1.50
2017.01.30 20:38:54.903,0.995,0.99511,1.12,3.00
2017.01.30 20:38:55.312,0.99498,0.99508,3.00,1.00
2017.01.30 20:38:56.040,0.99499,0.9951,1.12,1.50
2017.01.30 20:38:57.689,0.995,0.9951,1.50,2.25
2017.01.30 20:38:58.090,0.995,0.99511,2.25,1.50
2017.01.30 20:38:58.597,0.995,0.9951,1.50,1.50
2017.01.30 20:38:59.123,0.99501,0.99511,1.12,1.12
2017.01.30 20:39:00.489,0.995,0.9951,2.25,1.00
2017.01.30 20:39:01.005,0.995,0.9951,1.00,1.50
2017.01.30 20:39:11.541,0.99499,0.99511,1.12,3.00
2017.01.30 20:39:24.251,0.995,0.9951,1.00,1.50
2017.01.30 20:39:25.274,0.995,0.9951,1.12,1.12
2017.01.30 20:39:31.710,0.99502,0.99512,1.00,1.75
2017.01.30 20:39:31.965,0.995,0.9951,1.12,1.12
2017.01.30 20:39:36.241,0.99501,0.9951,1.00,1.12
2017.01.30 20:39:36.292,0.99503,0.99512,1.00,1.75
2017.01.30 20:39:36.394,0.99503,0.99512,1.50,1.00
2017.01.30 20:39:39.353,0.99501,0.99509,1.87,1.50
2017.01.30 20:39:39.404,0.99498,0.99508,2.25,1.00
2017.01.30 20:39:39.506,0.99498,0.99508,1.50,1.00
2017.01.30 20:39:41.715,0.99498,0.99509,2.25,1.12
2017.01.30 20:40:01.648,0.99498,0.99508,1.50,1.50
2017.01.30 20:40:02.219,0.99499,0.99509,1.50,1.00
2017.01.30 20:40:05.101,0.99499,0.99509,1.87,1.00
2017.01.30 20:40:15.236,0.995,0.9951,2.62,1.12
2017.01.30 20:40:15.796,0.99501,0.9951,1.00,1.12
2017.01.30 20:40:16.925,0.99499,0.99509,1.87,1.00
2017.01.30 20:40:17.179,0.99498,0.99508,2.25,1.12
2017.01.30 20:40:21.125,0.99498,0.99509,1.87,1.12
2017.01.30 20:40:36.470,0.995,0.99509,1.00,1.00
2017.01.30 20:40:40.440,0.995,0.9951,1.00,1.50
2017.01.30 20:40:40.491,0.99502,0.9951,1.00,1.00
2017.01.30 20:40:40.796,0.99509,0.99515,1.00,2.25
2017.01.30 20:40:41.241,0.99507,0.99518,1.75,1.00
2017.01.30 20:40:41.752,0.99509,0.99519,1.50,1.12
2017.01.30 20:40:44.598,0.99508,0.99518,1.50,1.00
2017.01.30 20:40:44.761,0.99506,0.99517,1.50,1.87
2017.01.30 20:40:45.269,0.99506,0.99517,2.25,1.00
2017.01.30 20:40:45.779,0.99506,0.99516,1.75,1.00
2017.01.30 20:40:50.475,0.99507,0.99517,1.50,1.00
2017.01.30 20:40:53.198,0.99506,0.99516,2.62,1.00
2017.01.30 20:40:53.705,0.99507,0.99517,2.25,1.00
2017.01.30 20:40:56.201,0.99507,0.99518,2.25,1.12
2017.01.30 20:40:58.535,0.99509,0.99518,1.00,1.12
2017.01.30 20:40:59.079,0.99508,0.99518,1.12,1.12
2017.01.30 20:40:59.687,0.99509,0.99518,1.00,1.12
2017.01.30 20:41:00.348,0.99508,0.99518,1.87,1.12
2017.01.30 20:41:04.341,0.99509,0.99519,1.00,1.50
2017.01.30 20:41:06.333,0.99508,0.99518,1.87,1.12
2017.01.30 20:41:07.654,0.99509,0.99518,1.00,1.12
2017.01.30 20:41:08.298,0.99508,0.99518,1.87,1.12
2017.01.30 20:41:10.096,0.99509,0.99518,1.00,1.12
2017.01.30 20:41:11.039,0.99508,0.99518,1.87,1.12
2017.01.30 20:41:13.643,0.99509,0.99519,1.50,1.50
2017.01.30 20:41:19.202,0.99509,0.9952,1.12,1.50
2017.01.30 20:41:19.727,0.99509,0.99519,1.00,1.37
2017.01.30 20:41:20.235,0.99509,0.99519,1.12,1.50
2017.01.30 20:41:21.261,0.99507,0.99518,2.62,1.00
2017.01.30 20:41:21.465,0.99506,0.99518,1.87,1.87
2017.01.30 20:41:21.719,0.99506,0.99516,2.25,1.00
2017.01.30 20:41:22.283,0.99506,0.99517,2.25,1.00
2017.01.30 20:41:22.799,0.99506,0.99517,2.62,1.00
2017.01.30 20:41:23.308,0.99507,0.99518,1.50,1.12
2017.01.30 20:41:25.665,0.99506,0.99517,1.87,1.00
2017.01.30 20:41:26.211,0.99506,0.99518,1.87,2.25
2017.01.30 20:41:26.988,0.99507,0.99516,1.12,1.00
2017.01.30 20:41:27.496,0.99507,0.99517,1.87,1.12
2017.01.30 20:41:28.099,0.99506,0.99516,2.25,1.00
2017.01.30 20:41:42.558,0.99505,0.99516,2.25,1.50
2017.01.30 20:41:44.222,0.99507,0.99517,1.50,1.75
2017.01.30 20:41:44.749,0.99507,0.99517,1.00,1.50
2017.01.30 20:41:45.269,0.99505,0.99515,1.87,1.00
2017.01.30 20:41:45.576,0.99498,0.99509,3.37,1.50
2017.01.30 20:41:45.953,0.99502,0.99511,1.00,1.75
2017.01.30 20:41:46.019,0.99504,0.99513,1.12,1.00
2017.01.30 20:41:46.297,0.99506,0.99516,1.00,1.75
2017.01.30 20:41:46.449,0.99506,0.99517,2.25,1.50
2017.01.30 20:41:46.952,0.99507,0.99517,1.00,1.50
2017.01.30 20:41:49.468,0.99508,0.99518,1.87,1.50
2017.01.30 20:41:49.970,0.99508,0.99518,1.87,1.12
2017.01.30 20:41:51.700,0.99508,0.99518,1.00,1.37
2017.01.30 20:41:52.213,0.99506,0.99517,3.00,1.12
2017.01.30 20:41:52.734,0.99508,0.99518,1.87,1.12
2017.01.30 20:41:53.768,0.99509,0.99519,1.00,1.87
2017.01.30 20:41:57.074,0.99508,0.99519,2.25,1.50
2017.01.30 20:42:01.662,0.99509,0.99519,1.50,1.50
2017.01.30 20:42:02.308,0.99509,0.99519,1.87,1.12
2017.01.30 20:42:06.547,0.99509,0.9952,1.00,1.87
2017.01.30 20:42:07.142,0.99508,0.99518,1.12,1.12
2017.01.30 20:42:07.669,0.99508,0.99518,2.62,1.00
2017.01.30 20:42:08.176,0.99508,0.99519,1.50,1.50
2017.01.30 20:42:08.719,0.99508,0.99518,1.50,1.00
2017.01.30 20:42:12.249,0.99509,0.99518,1.00,1.00
2017.01.30 20:42:12.805,0.9951,0.99518,1.00,1.00
2017.01.30 20:42:14.088,0.99509,0.99518,1.12,1.00
2017.01.30 20:42:14.744,0.99509,0.99518,1.37,1.00
2017.01.30 20:42:15.384,0.99509,0.99519,1.50,1.00
2017.01.30 20:42:15.485,0.99508,0.99518,1.12,1.87
2017.01.30 20:42:15.638,0.99508,0.99518,1.00,1.50
2017.01.30 20:42:18.398,0.99506,0.99517,1.75,1.00
2017.01.30 20:42:18.500,0.99505,0.99515,1.75,1.37
2017.01.30 20:42:18.691,0.99503,0.99512,1.12,1.87
2017.01.30 20:42:19.230,0.99504,0.99513,1.12,1.00
2017.01.30 20:42:20.051,0.99502,0.99513,3.75,1.12
2017.01.30 20:42:21.666,0.99503,0.99513,2.25,1.00
2017.01.30 20:42:22.677,0.99504,0.99515,1.87,1.50
2017.01.30 20:42:22.854,0.99507,0.99517,1.12,2.25
2017.01.30 20:42:27.585,0.99506,0.99516,2.25,1.00
2017.01.30 20:42:28.133,0.99505,0.99515,2.25,1.00
2017.01.30 20:42:28.798,0.99506,0.99516,1.12,1.12
2017.01.30 20:42:29.104,0.99506,0.99517,2.62,1.00
2017.01.30 20:42:38.022,0.99508,0.99518,1.87,1.12
2017.01.30 20:42:38.528,0.99509,0.99519,1.12,1.12
2017.01.30 20:42:40.382,0.9951,0.9952,1.00,1.50
2017.01.30 20:42:40.908,0.99511,0.9952,1.00,1.12
2017.01.30 20:42:41.647,0.99513,0.99523,1.87,2.25
2017.01.30 20:42:41.698,0.99513,0.99523,2.62,1.00
2017.01.30 20:42:41.901,0.99516,0.99526,1.00,2.25
2017.01.30 20:42:42.003,0.99516,0.99526,1.87,1.12
2017.01.30 20:42:43.267,0.99517,0.99526,1.00,1.12
2017.01.30 20:42:43.782,0.99514,0.99522,3.37,1.00
2017.01.30 20:42:43.884,0.99514,0.99522,1.00,1.12
2017.01.30 20:42:44.424,0.99513,0.99522,1.00,1.00
2017.01.30 20:42:44.995,0.99513,0.99523,1.00,1.50
2017.01.30 20:42:45.315,0.99511,0.99521,3.75,1.00
2017.01.30 20:42:45.823,0.99512,0.99521,1.00,1.00
2017.01.30 20:42:51.405,0.9951,0.9952,2.25,1.12
2017.01.30 20:42:51.507,0.99509,0.9952,3.00,1.50
2017.01.30 20:42:53.318,0.99507,0.99517,3.00,1.12
2017.01.30 20:42:53.825,0.99508,0.99518,1.87,1.12
2017.01.30 20:42:58.626,0.99509,0.99519,1.00,1.50
2017.01.30 20:42:59.912,0.99507,0.99518,1.87,1.50
2017.01.30 20:43:00.219,0.99507,0.99519,1.12,2.62
2017.01.30 20:43:00.846,0.99505,0.99516,2.06,1.00
2017.01.30 20:43:01.182,0.99509,0.99518,1.00,1.75
2017.01.30 20:43:01.233,0.99509,0.99518,1.00,1.50
2017.01.30 20:43:01.807,0.99508,0.99518,2.25,1.12
2017.01.30 20:43:08.960,0.99509,0.99519,1.50,1.37
2017.01.30 20:43:15.810,0.99508,0.99518,1.12,1.87
2017.01.30 20:43:25.031,0.99507,0.99518,1.50,1.50
2017.01.30 20:43:30.962,0.99507,0.99516,1.12,1.00
2017.01.30 20:43:31.468,0.99506,0.99516,1.87,1.12
2017.01.30 20:43:32.884,0.99505,0.99516,1.50,2.62
2017.01.30 20:43:33.188,0.99506,0.99516,1.12,1.12
2017.01.30 20:43:33.696,0.99507,0.99517,1.00,1.50
2017.01.30 20:43:56.082,0.99506,0.99516,1.50,1.12
2017.01.30 20:43:56.162,0.99505,0.99513,1.37,3.37
2017.01.30 20:43:56.416,0.99501,0.99511,1.50,1.75
2017.01.30 20:43:56.578,0.99503,0.99511,1.00,1.75
2017.01.30 20:43:56.782,0.99503,0.99511,1.00,1.12
2017.01.30 20:43:57.088,0.99504,0.99514,1.00,1.50
2017.01.30 20:43:57.828,0.99505,0.99514,1.00,1.50
2017.01.30 20:43:57.981,0.99506,0.99515,1.00,1.12
2017.01.30 20:43:58.487,0.99506,0.99516,1.87,1.87
2017.01.30 20:44:00.867,0.99508,0.99516,1.00,1.12
2017.01.30 20:44:01.374,0.99509,0.99517,1.00,1.12
2017.01.30 20:44:01.906,0.99508,0.99518,1.00,1.50
2017.01.30 20:44:03.449,0.99509,0.99518,1.00,1.50
2017.01.30 20:44:04.789,0.99508,0.99519,1.00,1.75
2017.01.30 20:44:05.295,0.99507,0.99517,1.12,1.12
2017.01.30 20:44:10.858,0.99508,0.99517,1.00,1.12
2017.01.30 20:44:11.366,0.99507,0.99517,1.12,1.12
2017.01.30 20:44:11.940,0.99508,0.99517,1.00,1.12
2017.01.30 20:44:13.504,0.99509,0.99519,1.50,1.75
2017.01.30 20:44:16.012,0.99507,0.99518,1.50,2.25
2017.01.30 20:44:16.114,0.99505,0.99515,1.75,1.00
2017.01.30 20:44:16.434,0.99503,0.99511,1.00,1.12
2017.01.30 20:44:16.536,0.99501,0.99511,1.50,1.12
2017.01.30 20:44:17.037,0.99502,0.99511,1.00,1.12
2017.01.30 20:44:19.804,0.99503,0.99512,1.00,1.50
2017.01.30 20:44:19.906,0.99505,0.99513,1.00,1.75
2017.01.30 20:44:20.008,0.99505,0.99514,1.87,1.50
2017.01.30 20:44:20.525,0.99506,0.99514,1.50,1.00
2017.01.30 20:44:21.047,0.99506,0.99517,1.50,2.25
2017.01.30 20:44:25.161,0.99506,0.99516,1.12,1.12
2017.01.30 20:44:25.317,0.99505,0.99515,1.37,1.50
2017.01.30 20:44:25.522,0.99501,0.99511,1.00,1.50
2017.01.30 20:44:26.040,0.99501,0.99511,1.50,1.75
2017.01.30 20:44:30.000,0.995,0.99511,1.25,1.87
2017.01.30 20:44:30.127,0.99504,0.99512,1.60,1.31
2017.01.30 20:44:30.229,0.99508,0.99519,1.60,1.87
2017.01.30 20:44:30.780,0.99512,0.9952,1.50,3.00
2017.01.30 20:44:31.089,0.9952,0.99527,1.00,2.62
2017.01.30 20:44:31.637,0.99519,0.99527,1.87,1.00
2017.01.30 20:44:31.789,0.99519,0.99529,1.87,1.00
2017.01.30 20:44:38.818,0.99521,0.99529,1.00,1.00
2017.01.30 20:44:39.147,0.99526,0.99537,1.50,1.87
2017.01.30 20:44:39.249,0.99526,0.99537,1.87,1.50
2017.01.30 20:44:49.678,0.99528,0.99538,1.00,1.50
2017.01.30 20:44:50.185,0.99528,0.99538,1.12,1.50
2017.01.30 20:44:50.708,0.99526,0.99538,3.37,1.87
2017.01.30 20:44:53.088,0.99528,0.99539,1.00,1.87
2017.01.30 20:44:53.609,0.99527,0.99539,1.12,1.87
2017.01.30 20:44:59.242,0.9953,0.99539,1.00,1.75
2017.01.30 20:44:59.344,0.9953,0.99539,1.00,1.12
2017.01.30 20:45:01.725,0.99532,0.99541,1.37,2.44
2017.01.30 20:45:02.052,0.99538,0.99544,1.00,1.12
2017.01.30 20:45:02.103,0.99538,0.99547,1.12,1.00
2017.01.30 20:45:02.730,0.99538,0.99549,1.87,1.50
2017.01.30 20:45:03.314,0.99539,0.99549,1.00,1.50
2017.01.30 20:45:04.053,0.99538,0.99549,1.12,1.50
2017.01.30 20:45:04.662,0.99539,0.99549,1.00,1.50
2017.01.30 20:45:05.789,0.99537,0.99549,2.25,1.87
2017.01.30 20:45:06.195,0.99536,0.99546,1.50,1.00
2017.01.30 20:45:07.188,0.99536,0.99547,1.50,1.12
2017.01.30 20:45:09.139,0.99536,0.99546,1.50,1.00
2017.01.30 20:45:09.342,0.99533,0.99544,2.25,1.12
2017.01.30 20:45:10.204,0.99533,0.99543,1.50,1.00
2017.01.30 20:45:11.170,0.99533,0.99544,2.25,1.12
2017.01.30 20:45:15.512,0.99532,0.99542,2.06,1.00
2017.01.30 20:45:15.740,0.99529,0.99539,1.00,1.50
2017.01.30 20:45:17.012,0.99529,0.9954,1.50,1.75
2017.01.30 20:45:17.541,0.9953,0.9954,1.50,1.50
2017.01.30 20:45:18.061,0.99531,0.99541,1.50,1.75
2017.01.30 20:45:18.163,0.9953,0.99541,2.25,1.12
2017.01.30 20:45:24.383,0.99532,0.99542,1.00,1.50
2017.01.30 20:45:25.106,0.99532,0.99542,1.00,1.50
2017.01.30 20:45:25.157,0.99535,0.99543,1.12,1.75
2017.01.30 20:45:25.259,0.99535,0.99545,1.12,1.75
2017.01.30 20:45:25.310,0.99533,0.99545,2.62,1.50
2017.01.30 20:45:25.846,0.99533,0.99545,3.37,1.12
2017.01.30 20:45:26.425,0.99535,0.99545,1.00,1.50
2017.01.30 20:45:26.717,0.99538,0.99548,1.00,5.25
2017.01.30 20:45:26.920,0.99538,0.99549,1.00,2.62
2017.01.30 20:45:27.228,0.99538,0.99548,1.12,4.12
2017.01.30 20:45:27.380,0.99537,0.99546,1.00,1.12
2017.01.30 20:45:27.909,0.99538,0.99549,1.00,2.25
2017.01.30 20:45:28.009,0.99538,0.99549,1.12,1.37
2017.01.30 20:45:28.517,0.99539,0.99549,1.87,1.12
2017.01.30 20:45:28.773,0.9954,0.9955,2.62,1.50
2017.01.30 20:45:29.032,0.99541,0.99552,1.75,1.12
2017.01.30 20:45:29.539,0.99541,0.99552,2.62,1.12
2017.01.30 20:45:30.320,0.99541,0.99551,2.25,1.00
2017.01.30 20:45:30.474,0.99544,0.99554,1.12,2.62
2017.01.30 20:45:30.783,0.99544,0.99553,2.62,1.00
2017.01.30 20:45:30.885,0.99543,0.99553,3.00,1.00
2017.01.30 20:45:31.240,0.99547,0.99557,1.12,1.75
2017.01.30 20:45:31.342,0.99547,0.99557,1.12,1.12
2017.01.30 20:45:31.887,0.99546,0.99556,2.62,1.00
2017.01.30 20:45:32.401,0.99546,0.99558,3.00,1.87
2017.01.30 20:45:32.503,0.9955,0.9956,1.87,3.75
2017.01.30 20:45:32.808,0.99553,0.99563,1.37,1.00
2017.01.30 20:45:33.316,0.99553,0.99563,1.12,1.12
2017.01.30 20:45:33.368,0.99554,0.99564,1.50,1.50
2017.01.30 20:45:33.672,0.99552,0.99562,2.25,1.00
2017.01.30 20:45:34.071,0.99558,0.99567,1.00,2.25
2017.01.30 20:45:34.528,0.99555,0.99566,1.50,1.00
2017.01.30 20:45:35.288,0.99555,0.99565,1.87,1.00
2017.01.30 20:45:36.684,0.99555,0.99562,1.00,1.35
2017.01.30 20:45:36.836,0.99553,0.99563,1.50,1.37
2017.01.30 20:45:37.039,0.99555,0.99564,1.00,1.00
2017.01.30 20:45:37.313,0.99558,0.99568,1.12,1.12
2017.01.30 20:45:39.497,0.99557,0.99567,1.50,1.00
2017.01.30 20:45:39.650,0.99556,0.99567,1.50,2.10
2017.01.30 20:45:40.341,0.99555,0.99566,1.50,1.37
2017.01.30 20:45:40.493,0.99553,0.99563,1.37,1.12
2017.01.30 20:45:40.697,0.9955,0.9956,1.12,1.50
2017.01.30 20:45:40.849,0.99553,0.9956,1.50,1.00
2017.01.30 20:45:41.154,0.99557,0.99563,1.12,1.00
2017.01.30 20:45:41.440,0.99557,0.99567,1.12,1.12
2017.01.30 20:45:41.736,0.99557,0.99567,1.50,1.12
2017.01.30 20:45:41.888,0.99559,0.99569,1.00,1.12
2017.01.30 20:45:42.274,0.99558,0.99568,1.12,1.37
2017.01.30 20:45:42.821,0.99557,0.99567,1.12,1.12
2017.01.30 20:45:47.608,0.99558,0.99569,1.00,1.75
2017.01.30 20:45:48.645,0.99556,0.99566,2.25,1.00
2017.01.30 20:45:49.175,0.99556,0.99566,1.12,1.12
2017.01.30 20:45:49.668,0.99557,0.99568,2.25,1.87
2017.01.30 20:45:49.973,0.99556,0.99566,2.25,1.12
2017.01.30 20:45:50.560,0.99556,0.99566,1.12,1.12
2017.01.30 20:45:51.108,0.99557,0.99567,1.12,1.50
2017.01.30 20:45:52.098,0.99556,0.99567,1.12,1.87
2017.01.30 20:45:52.728,0.99557,0.99567,1.12,1.50
2017.01.30 20:45:53.049,0.99553,0.99564,1.75,3.37
2017.01.30 20:45:53.355,0.99551,0.99561,1.50,1.00
2017.01.30 20:45:53.886,0.99551,0.99561,1.87,1.50
2017.01.30 20:45:54.810,0.99549,0.99559,1.75,1.00
2017.01.30 20:45:54.912,0.99549,0.99559,1.12,1.12
2017.01.30 20:46:00.473,0.99548,0.99558,1.50,1.00
2017.01.30 20:46:00.524,0.99547,0.99558,2.62,1.87
2017.01.30 20:46:00.779,0.9955,0.9956,1.00,2.25
2017.01.30 20:46:01.332,0.9955,0.9956,1.00,1.75
2017.01.30 20:46:02.283,0.99548,0.99559,1.50,1.87
2017.01.30 20:46:03.932,0.99548,0.99559,1.00,1.87
2017.01.30 20:46:05.605,0.99556,0.99562,1.30,3.37
2017.01.30 20:46:05.759,0.99558,0.99569,2.10,1.75
2017.01.30 20:46:06.265,0.99558,0.99569,1.35,1.75
2017.01.30 20:46:06.772,0.99559,0.99569,1.00,1.75
2017.01.30 20:46:07.858,0.99559,0.99569,1.60,1.75
2017.01.30 20:46:08.385,0.99559,0.99569,1.00,1.75
2017.01.30 20:46:12.610,0.99564,0.99568,1.00,1.00
2017.01.30 20:46:12.712,0.99565,0.99572,1.37,1.50
2017.01.30 20:46:12.815,0.99564,0.99573,1.00,1.12
2017.01.30 20:46:12.917,0.99562,0.99572,1.00,1.87
2017.01.30 20:46:13.284,0.99565,0.99576,1.00,3.00
2017.01.30 20:46:13.335,0.99565,0.99576,1.12,1.37
2017.01.30 20:46:14.309,0.99564,0.99574,1.37,1.00
2017.01.30 20:46:14.360,0.99562,0.99573,3.37,3.37
2017.01.30 20:46:14.565,0.99559,0.99569,1.50,1.50
2017.01.30 20:46:15.936,0.9956,0.99571,1.50,4.50
2017.01.30 20:46:16.466,0.99561,0.99571,1.00,2.25
2017.01.30 20:46:17.232,0.9956,0.99571,1.00,2.25
2017.01.30 20:46:18.945,0.99559,0.99569,1.00,1.50
2017.01.30 20:46:19.151,0.99558,0.99569,1.00,3.00
2017.01.30 20:46:20.004,0.9956,0.99569,1.50,1.75
2017.01.30 20:46:20.157,0.99561,0.99572,1.12,2.62
2017.01.30 20:46:20.260,0.99563,0.99574,1.00,1.87
2017.01.30 20:46:20.773,0.99563,0.99574,1.87,1.50
2017.01.30 20:46:24.365,0.99562,0.99572,1.37,1.00
2017.01.30 20:46:24.466,0.99559,0.9957,4.12,1.37
2017.01.30 20:46:24.568,0.99559,0.99569,1.50,1.00
2017.01.30 20:46:25.375,0.9956,0.99569,1.00,1.00
2017.01.30 20:46:25.893,0.99559,0.99569,1.00,1.00
2017.01.30 20:46:26.400,0.9956,0.99569,1.00,1.00
2017.01.30 20:46:27.117,0.99559,0.99569,2.62,1.00
2017.01.30 20:46:27.538,0.99562,0.99572,1.00,2.62
2017.01.30 20:46:27.793,0.99564,0.99574,1.50,1.50
2017.01.30 20:46:30.973,0.99563,0.99574,1.50,4.12
2017.01.30 20:46:31.075,0.99562,0.99572,1.87,1.50
2017.01.30 20:46:31.601,0.99562,0.99572,1.00,1.87
2017.01.30 20:46:32.155,0.99561,0.99572,1.00,1.87
2017.01.30 20:46:33.966,0.9956,0.9957,1.87,1.12
2017.01.30 20:46:34.271,0.9956,0.9957,1.00,1.75
2017.01.30 20:46:34.938,0.99559,0.9957,1.00,1.75
2017.01.30 20:46:40.211,0.9956,0.9957,1.00,1.75
2017.01.30 20:46:40.751,0.99559,0.9957,1.00,1.50
2017.01.30 20:46:41.056,0.99557,0.99567,1.00,1.50
2017.01.30 20:46:41.107,0.99557,0.99567,1.00,1.50
2017.01.30 20:46:47.387,0.99555,0.99564,1.87,1.00
2017.01.30 20:46:47.489,0.99554,0.99564,1.12,1.12
2017.01.30 20:46:47.591,0.99554,0.99564,1.00,1.75
2017.01.30 20:46:58.539,0.99552,0.99562,4.12,1.12
2017.01.30 20:46:58.643,0.9955,0.99559,1.75,1.12
2017.01.30 20:46:58.974,0.99547,0.99558,1.00,1.75
2017.01.30 20:47:00.328,0.99545,0.99558,2.62,1.87
2017.01.30 20:47:01.087,0.99547,0.99557,1.00,1.50
2017.01.30 20:47:01.595,0.99546,0.99557,1.50,1.50
2017.01.30 20:47:02.136,0.99546,0.99557,1.12,1.75
2017.01.30 20:47:03.846,0.99547,0.99557,1.00,1.75
2017.01.30 20:47:04.465,0.99546,0.99557,1.87,1.75
2017.01.30 20:47:04.516,0.99548,0.99558,1.00,1.75
2017.01.30 20:47:07.946,0.99546,0.99553,1.50,1.12
2017.01.30 20:47:08.151,0.99539,0.99549,1.50,1.12
2017.01.30 20:47:08.253,0.99541,0.99549,1.00,1.37
2017.01.30 20:47:09.387,0.9954,0.99549,1.00,1.37
2017.01.30 20:47:12.881,0.99541,0.99551,1.00,1.75
2017.01.30 20:47:13.228,0.99543,0.99553,1.50,1.75
2017.01.30 20:47:13.754,0.99544,0.99554,1.50,1.50
2017.01.30 20:47:13.907,0.99546,0.99556,1.00,1.75
2017.01.30 20:47:14.060,0.99547,0.99558,1.00,1.87
2017.01.30 20:47:15.591,0.99548,0.99558,1.00,1.50
2017.01.30 20:47:16.202,0.99547,0.99558,1.50,1.87
2017.01.30 20:47:16.304,0.99549,0.99558,1.00,1.50
2017.01.30 20:47:16.520,0.9955,0.99561,1.50,1.75
2017.01.30 20:47:16.629,0.9955,0.99561,1.12,1.50
2017.01.30 20:47:17.162,0.99549,0.99559,1.37,1.00
2017.01.30 20:47:17.213,0.99548,0.99558,1.50,1.00
2017.01.30 20:47:17.264,0.99548,0.99558,1.50,1.75
2017.01.30 20:47:17.467,0.99546,0.99556,1.50,1.50
2017.01.30 20:47:17.994,0.99547,0.99558,1.00,1.75
2017.01.30 20:47:20.408,0.99548,0.99558,1.00,1.75
2017.01.30 20:47:22.055,0.99547,0.99558,1.50,1.75
2017.01.30 20:47:22.579,0.99545,0.99555,1.12,1.50
2017.01.30 20:47:23.087,0.99546,0.99556,1.00,1.75
2017.01.30 20:47:25.011,0.99545,0.99556,1.50,1.75
2017.01.30 20:47:27.205,0.99543,0.99551,2.62,1.37
2017.01.30 20:47:27.524,0.99537,0.99547,1.37,1.50
2017.01.30 20:47:27.577,0.99536,0.99546,1.50,1.12
2017.01.30 20:47:30.626,0.99537,0.99547,1.00,2.62
2017.01.30 20:47:31.145,0.99536,0.99546,1.00,1.75
2017.01.30 20:47:31.484,0.99536,0.99547,1.87,1.50
2017.01.30 20:47:31.704,0.99538,0.99548,1.00,1.75
2017.01.30 20:47:31.907,0.99539,0.99548,1.00,1.12
2017.01.30 20:47:32.425,0.99538,0.99548,1.87,1.12
2017.01.30 20:47:33.235,0.99536,0.99546,2.25,1.00
2017.01.30 20:47:33.286,0.99536,0.99546,1.87,1.12
2017.01.30 20:47:33.797,0.99536,0.99546,1.50,1.50
2017.01.30 20:47:36.185,0.99537,0.99546,1.00,1.50
2017.01.30 20:47:38.627,0.99537,0.99547,1.87,1.12
2017.01.30 20:47:40.361,0.99538,0.99548,1.50,1.50
2017.01.30 20:47:40.514,0.99536,0.99546,3.37,1.30
2017.01.30 20:47:40.718,0.99534,0.99546,1.50,1.87
2017.01.30 20:47:41.232,0.99535,0.99546,1.00,1.87
2017.01.30 20:47:41.753,0.99537,0.99546,1.00,1.75
2017.01.30 20:47:41.805,0.99537,0.99546,1.00,1.12
2017.01.30 20:47:42.436,0.99537,0.99547,1.87,1.12
2017.01.30 20:47:43.013,0.99538,0.99548,1.00,1.50
2017.01.30 20:47:44.157,0.99535,0.99546,1.75,1.12
2017.01.30 20:47:44.309,0.99535,0.99546,1.00,3.37
2017.01.30 20:47:44.850,0.99535,0.99546,1.00,1.87
2017.01.30 20:47:45.254,0.99537,0.99546,1.00,1.50
2017.01.30 20:47:45.507,0.99537,0.99548,1.12,1.87
2017.01.30 20:47:46.342,0.99538,0.99548,1.50,1.50
2017.01.30 20:47:46.393,0.99541,0.99549,1.00,1.12
2017.01.30 20:47:46.599,0.99541,0.99551,1.87,1.37
2017.01.30 20:47:46.731,0.99539,0.9955,2.25,1.00
2017.01.30 20:47:47.920,0.9954,0.9955,1.50,1.00
2017.01.30 20:47:47.971,0.99543,0.9955,1.00,1.00
2017.01.30 20:47:48.023,0.99543,0.99552,1.00,1.12
2017.01.30 20:47:48.635,0.99543,0.99553,1.87,1.12
2017.01.30 20:47:51.570,0.99544,0.99554,1.50,1.50
2017.01.30 20:47:51.672,0.99546,0.99556,1.00,2.25
2017.01.30 20:47:51.960,0.99546,0.99556,1.87,1.12
2017.01.30 20:47:52.366,0.99544,0.99555,1.87,1.50
2017.01.30 20:47:53.407,0.99543,0.99553,1.50,1.00
2017.01.30 20:47:53.713,0.9954,0.9955,1.87,1.12
2017.01.30 20:47:53.975,0.99542,0.9955,1.00,1.12
2017.01.30 20:47:54.521,0.99541,0.99551,1.00,1.37
2017.01.30 20:47:57.717,0.9954,0.99551,1.12,1.37
2017.01.30 20:47:58.617,0.99541,0.99551,1.00,1.37
2017.01.30 20:48:00.043,0.9954,0.99551,1.87,1.37
2017.01.30 20:48:00.347,0.99539,0.99549,1.50,1.50
2017.01.30 20:48:01.565,0.9954,0.99549,1.00,1.50
2017.01.30 20:48:08.586,0.99539,0.99549,1.50,1.50
2017.01.30 20:48:09.104,0.99538,0.9955,1.12,1.87
2017.01.30 20:48:12.180,0.99537,0.99547,1.50,1.50
2017.01.30 20:48:12.484,0.99535,0.99546,3.00,1.50
2017.01.30 20:48:12.767,0.99537,0.99547,1.00,1.50
2017.01.30 20:48:13.092,0.99539,0.9955,1.35,2.25
2017.01.30 20:48:15.524,0.9954,0.9955,1.00,1.75
2017.01.30 20:48:19.030,0.99539,0.9955,1.50,1.75
2017.01.30 20:48:20.068,0.99538,0.99549,1.12,1.50
2017.01.30 20:48:21.915,0.99538,0.99547,1.00,1.00
2017.01.30 20:48:22.440,0.99537,0.99547,1.00,1.50
2017.01.30 20:48:24.306,0.99536,0.99546,1.00,1.00
2017.01.30 20:48:24.836,0.99535,0.99546,2.62,1.50
2017.01.30 20:48:25.343,0.99536,0.99547,1.12,1.50
2017.01.30 20:48:25.881,0.99537,0.99547,1.00,1.50
2017.01.30 20:48:27.150,0.99536,0.99547,1.87,1.50
2017.01.30 20:48:27.689,0.99537,0.99547,1.00,1.50
2017.01.30 20:48:29.639,0.99534,0.99542,3.00,1.00
2017.01.30 20:48:29.937,0.9953,0.9954,1.12,1.87
2017.01.30 20:48:30.090,0.99532,0.9954,1.00,1.12
2017.01.30 20:48:30.294,0.99529,0.9954,1.37,2.25
2017.01.30 20:48:30.396,0.99527,0.99539,1.50,1.87
2017.01.30 20:48:30.448,0.99527,0.99538,1.50,1.12
2017.01.30 20:48:31.022,0.99528,0.99537,1.00,1.50
2017.01.30 20:48:41.844,0.99527,0.99537,1.50,1.50
2017.01.30 20:48:42.395,0.99528,0.99537,1.00,1.12
2017.01.30 20:48:45.400,0.99529,0.99539,1.00,1.87
2017.01.30 20:48:45.925,0.9953,0.9954,1.00,2.81
2017.01.30 20:48:50.112,0.99528,0.99539,1.50,1.50
2017.01.30 20:48:50.620,0.99529,0.99539,1.00,1.50
2017.01.30 20:48:51.707,0.99528,0.99539,1.00,1.50
2017.01.30 20:48:52.216,0.99531,0.99539,1.00,1.50
2017.01.30 20:48:52.759,0.99531,0.99539,1.00,1.50
2017.01.30 20:48:54.277,0.99534,0.99541,1.00,1.75
2017.01.30 20:48:54.432,0.99534,0.99542,1.00,1.75
2017.01.30 20:48:54.535,0.99534,0.99544,1.00,2.25
2017.01.30 20:48:54.940,0.99536,0.99545,1.00,1.50
2017.01.30 20:48:55.194,0.99537,0.99546,1.00,1.00
2017.01.30 20:48:55.736,0.99536,0.99547,1.87,1.50
2017.01.30 20:48:56.345,0.99537,0.99547,1.00,1.50
2017.01.30 20:48:57.096,0.99538,0.99548,1.00,1.75
2017.01.30 20:48:57.602,0.99537,0.99547,1.12,1.12
2017.01.30 20:49:04.465,0.99535,0.99546,3.00,1.00
2017.01.30 20:49:04.991,0.99536,0.99546,1.00,1.50
2017.01.30 20:49:05.526,0.99536,0.99546,1.12,1.12
2017.01.30 20:49:05.678,0.99535,0.99546,2.62,1.37
2017.01.30 20:49:08.270,0.99537,0.99547,1.00,2.25
2017.01.30 20:49:08.372,0.99537,0.99547,1.00,1.50
2017.01.30 20:49:08.626,0.99535,0.99547,1.12,1.50
2017.01.30 20:49:09.132,0.99536,0.99547,1.00,1.87
2017.01.30 20:49:09.670,0.99537,0.99547,1.00,1.87
2017.01.30 20:49:11.076,0.99534,0.99545,3.00,1.00
2017.01.30 20:49:11.584,0.99534,0.99544,2.62,1.12
2017.01.30 20:49:12.619,0.99532,0.9954,1.75,1.00
2017.01.30 20:49:12.771,0.99531,0.99538,1.12,1.00
2017.01.30 20:49:12.822,0.99529,0.99538,1.12,1.37
2017.01.30 20:49:12.925,0.99527,0.99537,1.12,1.12
2017.01.30 20:49:13.129,0.99529,0.99537,1.00,1.12
2017.01.30 20:49:13.564,0.99531,0.99539,1.00,1.75
2017.01.30 20:49:19.726,0.9953,0.99539,1.00,1.75
2017.01.30 20:49:20.735,0.99532,0.9954,1.00,2.81
2017.01.30 20:49:21.039,0.99531,0.99541,1.87,1.12
2017.01.30 20:49:21.091,0.99529,0.99539,2.62,1.12
2017.01.30 20:49:21.193,0.99528,0.99538,1.50,1.00
2017.01.30 20:49:21.244,0.99528,0.99538,1.12,1.37
2017.01.30 20:49:21.746,0.99529,0.99538,1.00,1.75
2017.01.30 20:49:25.070,0.99527,0.99538,1.50,1.75
2017.01.30 20:49:25.594,0.99527,0.99537,1.87,1.12
2017.01.30 20:49:26.337,0.99528,0.99537,1.00,1.12
2017.01.30 20:49:26.918,0.99525,0.99536,1.87,1.00
2017.01.30 20:49:26.971,0.99525,0.99533,1.12,2.47
2017.01.30 20:49:27.124,0.99521,0.99531,1.00,1.87
2017.01.30 20:49:27.921,0.99523,0.9953,1.00,1.12
2017.01.30 20:49:28.023,0.99521,0.9953,1.00,1.12
2017.01.30 20:49:28.625,0.99521,0.99531,1.00,1.87
2017.01.30 20:49:29.208,0.99523,0.99531,1.00,1.75
2017.01.30 20:49:29.309,0.99524,0.99532,1.00,1.50
2017.01.30 20:49:29.835,0.99525,0.99532,1.00,1.12
2017.01.30 20:49:31.349,0.99524,0.99533,1.00,1.87
2017.01.30 20:49:35.308,0.99523,0.99533,1.00,1.87
2017.01.30 20:49:42.448,0.9952,0.99531,1.87,2.25
2017.01.30 20:49:42.752,0.99523,0.99532,1.00,1.75
2017.01.30 20:49:43.300,0.99522,0.99531,1.00,1.50
2017.01.30 20:49:45.424,0.99521,0.99531,1.00,1.50
2017.01.30 20:49:45.936,0.9952,0.9953,3.00,1.12
2017.01.30 20:49:48.216,0.99521,0.99531,1.00,1.50
2017.01.30 20:49:48.867,0.99522,0.99531,1.00,1.50
2017.01.30 20:49:56.773,0.9952,0.9953,2.25,1.50
2017.01.30 20:50:00.279,0.99522,0.99531,1.00,1.50
2017.01.30 20:50:02.218,0.9952,0.9953,1.50,1.12
2017.01.30 20:50:02.723,0.99521,0.9953,1.00,1.12
2017.01.30 20:50:04.079,0.99522,0.99531,1.00,1.50
2017.01.30 20:50:05.958,0.99523,0.99532,1.00,1.87
2017.01.30 20:50:06.010,0.99523,0.99532,1.00,1.50
2017.01.30 20:50:06.663,0.99522,0.99532,1.87,1.12
2017.01.30 20:50:08.344,0.99524,0.99534,1.00,4.87
2017.01.30 20:50:08.862,0.99524,0.99533,1.00,1.12
2017.01.30 20:50:09.434,0.99523,0.99533,1.87,1.12
2017.01.30 20:50:12.079,0.99525,0.99534,1.37,1.50
2017.01.30 20:50:12.367,0.99528,0.99539,1.37,2.25
2017.01.30 20:50:12.419,0.99528,0.99539,1.50,1.37
2017.01.30 20:50:12.724,0.9953,0.99539,1.00,1.50
2017.01.30 20:50:13.266,0.99529,0.9954,1.50,1.87
2017.01.30 20:50:13.834,0.99528,0.99538,1.50,1.50
2017.01.30 20:50:14.165,0.9953,0.99539,1.00,1.75
2017.01.30 20:50:14.706,0.99528,0.99538,1.50,1.50
2017.01.30 20:50:15.080,0.99526,0.99536,2.62,2.25
2017.01.30 20:50:15.582,0.99526,0.99536,1.87,1.12
2017.01.30 20:50:16.126,0.99527,0.99537,1.00,1.50
2017.01.30 20:50:16.985,0.99529,0.99537,1.00,1.50
2017.01.30 20:50:17.207,0.9953,0.99538,1.00,1.12
2017.01.30 20:50:23.039,0.99528,0.99538,2.25,1.12
2017.01.30 20:50:23.568,0.99529,0.99539,1.00,1.00
2017.01.30 20:50:26.252,0.99528,0.99539,2.25,1.00
2017.01.30 20:50:26.861,0.99529,0.99539,1.50,1.00
2017.01.30 20:50:27.996,0.99528,0.99539,1.50,1.00
2017.01.30 20:50:31.526,0.9953,0.9954,1.00,1.50
2017.01.30 20:50:32.047,0.99531,0.9954,1.00,1.50
2017.01.30 20:50:32.560,0.99529,0.99541,2.62,2.06
2017.01.30 20:50:33.735,0.99533,0.99542,1.00,2.25
2017.01.30 20:50:34.040,0.9954,0.99544,1.00,1.00
2017.01.30 20:50:34.142,0.99539,0.99548,1.00,1.12
2017.01.30 20:50:34.675,0.99538,0.99548,1.12,1.12
2017.01.30 20:50:35.336,0.99539,0.9955,1.00,1.75
2017.01.30 20:50:36.474,0.99538,0.99549,1.12,1.50
2017.01.30 20:50:36.729,0.99536,0.99547,1.87,1.87
2017.01.30 20:50:36.832,0.99536,0.99547,1.00,1.87
2017.01.30 20:50:37.137,0.99535,0.99542,1.00,1.00
2017.01.30 20:50:37.358,0.99531,0.99541,1.00,1.12
2017.01.30 20:50:37.888,0.99532,0.99541,1.00,1.12
2017.01.30 20:50:44.641,0.99529,0.9954,3.00,1.50
2017.01.30 20:50:44.793,0.99528,0.99538,1.50,1.37
2017.01.30 20:50:45.318,0.99529,0.99539,1.00,1.75
2017.01.30 20:50:45.821,0.99531,0.9954,1.00,1.75
2017.01.30 20:50:45.974,0.99531,0.9954,1.00,1.50
2017.01.30 20:50:46.339,0.99529,0.99538,1.12,1.00
2017.01.30 20:50:46.846,0.99528,0.99539,1.00,1.87
2017.01.30 20:50:46.948,0.99531,0.99539,1.00,1.75
2017.01.30 20:50:47.051,0.99531,0.9954,1.00,1.50
2017.01.30 20:50:47.438,0.99532,0.9954,1.37,1.50
2017.01.30 20:50:47.541,0.99537,0.99547,1.50,1.50
2017.01.30 20:50:48.082,0.99537,0.99547,1.87,1.12
2017.01.30 20:50:53.088,0.99536,0.99546,2.25,1.00
2017.01.30 20:50:57.714,0.99534,0.99544,3.37,1.19
2017.01.30 20:50:57.816,0.99534,0.99544,1.50,1.00
2017.01.30 20:50:58.343,0.99534,0.99544,1.87,1.12
2017.01.30 20:51:05.808,0.99536,0.99546,1.00,1.87
2017.01.30 20:51:06.012,0.99537,0.99548,1.12,2.25
2017.01.30 20:51:07.763,0.99535,0.99545,1.87,1.12
2017.01.30 20:51:07.917,0.99535,0.99545,1.12,1.12
2017.01.30 20:51:09.801,0.99536,0.99546,1.00,1.50
2017.01.30 20:51:09.852,0.99538,0.99547,1.00,1.75
2017.01.30 20:51:10.005,0.99538,0.99549,1.12,1.87
2017.01.30 20:51:13.975,0.99537,0.99547,2.25,1.00
2017.01.30 20:51:17.599,0.99538,0.99548,1.12,1.12
2017.01.30 20:51:17.650,0.9954,0.99548,1.00,1.12
2017.01.30 20:51:17.955,0.99536,0.99546,1.75,1.00
2017.01.30 20:51:18.006,0.99536,0.99546,1.50,1.50
2017.01.30 20:51:21.460,0.99535,0.99546,1.12,1.50
2017.01.30 20:51:21.511,0.99532,0.99542,3.75,1.00
2017.01.30 20:51:21.714,0.99531,0.99541,1.00,1.87
2017.01.30 20:51:23.559,0.9953,0.9954,2.25,1.12
2017.01.30 20:51:24.196,0.99529,0.9954,1.87,1.50
2017.01.30 20:51:25.257,0.99529,0.99539,1.00,1.50
2017.01.30 20:51:26.962,0.9953,0.99539,1.00,1.50
2017.01.30 20:51:27.476,0.99531,0.99539,1.00,1.50
2017.01.30 20:51:28.063,0.9953,0.99541,1.00,1.87
2017.01.30 20:51:28.954,0.99531,0.9954,1.00,1.50
2017.01.30 20:51:32.950,0.9953,0.9954,1.00,1.50
2017.01.30 20:51:33.466,0.99529,0.99539,1.87,1.12
2017.01.30 20:51:34.808,0.9953,0.9954,1.00,1.50
2017.01.30 20:51:45.164,0.9953,0.9954,1.00,1.75
2017.01.30 20:51:45.469,0.99532,0.99541,1.00,2.25
2017.01.30 20:51:46.021,0.99535,0.99539,1.50,1.00
2017.01.30 20:51:46.149,0.99535,0.99541,2.25,1.00
2017.01.30 20:51:46.201,0.99538,0.99547,1.00,3.00
2017.01.30 20:51:46.254,0.99538,0.99548,1.00,3.00
2017.01.30 20:51:46.779,0.99538,0.99549,1.87,1.75
2017.01.30 20:51:47.453,0.99539,0.99549,1.50,1.75
2017.01.30 20:51:49.423,0.99538,0.99548,1.87,1.87
2017.01.30 20:51:49.527,0.99537,0.99542,1.12,2.85
2017.01.30 20:51:49.680,0.99531,0.99539,2.62,1.50
2017.01.30 20:51:49.783,0.99528,0.99538,1.12,1.12
2017.01.30 20:51:49.835,0.99529,0.99538,1.00,1.50
2017.01.30 20:51:50.365,0.9953,0.9954,1.00,2.25
2017.01.30 20:51:53.113,0.99528,0.99538,1.50,1.37
2017.01.30 20:51:53.517,0.99531,0.99539,1.00,1.50
2017.01.30 20:51:53.670,0.99531,0.99541,1.00,1.75
2017.01.30 20:51:54.911,0.99532,0.99541,1.00,1.75
2017.01.30 20:51:55.389,0.99529,0.99539,2.25,1.12
2017.01.30 20:51:55.490,0.99529,0.99539,1.50,1.75
2017.01.30 20:51:55.831,0.99531,0.99541,1.50,1.75
2017.01.30 20:51:56.368,0.99531,0.99541,1.50,1.75
2017.01.30 20:52:00.183,0.99533,0.99542,1.00,1.75
2017.01.30 20:52:00.285,0.99533,0.99542,1.00,1.50
2017.01.30 20:52:00.642,0.99531,0.99541,1.12,1.12
2017.01.30 20:52:00.795,0.99531,0.99541,1.50,1.75
2017.01.30 20:52:01.099,0.99533,0.99541,1.00,1.75
2017.01.30 20:52:01.468,0.99531,0.99541,2.25,1.00
2017.01.30 20:52:01.671,0.99532,0.99541,1.00,1.75
2017.01.30 20:52:01.975,0.99535,0.99542,1.00,1.75
2017.01.30 20:52:02.179,0.9954,0.9955,1.00,1.87
2017.01.30 20:52:02.696,0.99539,0.9955,2.25,1.75
2017.01.30 20:52:05.555,0.9954,0.9955,1.00,1.75
2017.01.30 20:52:06.064,0.99541,0.9955,1.00,1.50
2017.01.30 20:52:06.600,0.99541,0.9955,1.00,1.50
2017.01.30 20:52:07.470,0.99544,0.99552,1.35,1.12
2017.01.30 20:52:07.775,0.99547,0.99553,1.00,1.00
2017.01.30 20:52:07.927,0.99547,0.99557,1.50,1.50
2017.01.30 20:52:09.454,0.99545,0.99556,3.00,1.12
2017.01.30 20:52:09.957,0.99545,0.99556,2.62,1.50
2017.01.30 20:52:12.943,0.99547,0.99558,1.50,3.75
2017.01.30 20:52:13.198,0.9955,0.99563,2.62,3.75
2017.01.30 20:52:13.728,0.99551,0.99563,1.50,3.75
2017.01.30 20:52:14.489,0.99552,0.99562,1.00,1.75
2017.01.30 20:52:15.048,0.99552,0.99563,1.00,1.12
2017.01.30 20:52:15.201,0.99551,0.99563,1.87,3.00
