2013.06.03 16:00:00.256,0.94417,0.94437,3.00,2.40
2013.06.03 16:00:00.375,0.94419,0.94436,1.13,1.50
2013.06.03 16:00:00.677,0.9442,0.94439,1.50,1.50
2013.06.03 16:00:00.805,0.9442,0.94442,4.50,1.43
2013.06.03 16:00:00.929,0.94424,0.94443,1.13,1.05
2013.06.03 16:00:01.234,0.94429,0.94445,2.25,1.50
2013.06.03 16:00:01.595,0.94432,0.9445,1.50,2.20
2013.06.03 16:00:01.658,0.94433,0.94451,1.13,1.45
2013.06.03 16:00:01.785,0.94433,0.94453,1.88,1.50
2013.06.03 16:00:02.143,0.94437,0.94458,1.50,2.33
2013.06.03 16:00:02.384,0.94438,0.94458,1.13,1.58
2013.06.03 16:00:02.924,0.94438,0.94459,1.50,1.58
2013.06.03 16:00:03.044,0.9444,0.94459,1.50,1.50
2013.06.03 16:00:03.105,0.94441,0.94461,1.50,1.13
2013.06.03 16:00:03.164,0.94444,0.94462,1.50,1.50
2013.06.03 16:00:03.283,0.94443,0.94464,1.50,1.50
2013.06.03 16:00:03.345,0.94444,0.94466,1.50,1.50
2013.06.03 16:00:03.963,0.94444,0.94467,1.50,1.50
2013.06.03 16:00:04.504,0.94444,0.94467,3.00,1.50
2013.06.03 16:00:05.056,0.94446,0.94467,1.13,1.50
2013.06.03 16:00:05.513,0.94447,0.94469,1.50,2.25
2013.06.03 16:00:06.054,0.94448,0.9447,2.25,2.25
2013.06.03 16:00:06.294,0.94449,0.9447,2.25,1.88
2013.06.03 16:00:06.415,0.94449,0.94468,3.00,1.50
2013.06.03 16:00:06.594,0.9445,0.94471,1.50,3.08
2013.06.03 16:00:07.692,0.9445,0.94471,1.50,1.73
2013.06.03 16:00:08.193,0.9445,0.9447,1.50,1.15
2013.06.03 16:00:08.824,0.9445,0.94472,1.50,2.48
2013.06.03 16:00:09.674,0.94454,0.94472,2.25,1.50
2013.06.03 16:00:10.095,0.94454,0.94473,1.50,1.13
2013.06.03 16:00:10.584,0.94456,0.94476,1.50,2.95
2013.06.03 16:00:11.483,0.94456,0.94476,2.25,2.95
2013.06.03 16:00:13.544,0.94455,0.94476,1.13,3.90
2013.06.03 16:00:14.454,0.94455,0.94475,1.13,1.58
2013.06.03 16:00:14.573,0.94454,0.94475,1.50,1.20
2013.06.03 16:00:15.383,0.94454,0.94472,2.63,1.82
2013.06.03 16:00:15.685,0.94449,0.94464,3.45,1.05
2013.06.03 16:00:15.864,0.94445,0.94466,4.13,2.25
2013.06.03 16:00:17.533,0.94447,0.94466,1.50,2.25
2013.06.03 16:00:18.606,0.94445,0.94467,4.20,1.88
2013.06.03 16:00:18.915,0.94445,0.94464,1.50,1.17
2013.06.03 16:00:19.156,0.94445,0.94463,1.50,1.02
2013.06.03 16:00:19.513,0.94446,0.94466,1.50,1.50
2013.06.03 16:00:19.754,0.94446,0.94464,1.50,2.33
2013.06.03 16:00:20.517,0.94444,0.94461,1.50,1.50
2013.06.03 16:00:21.047,0.94443,0.94461,4.20,1.88
2013.06.03 16:00:22.143,0.94443,0.94461,4.20,1.88
2013.06.03 16:00:22.684,0.94443,0.9446,3.45,1.45
2013.06.03 16:00:23.425,0.94441,0.94459,1.50,2.95
2013.06.03 16:00:26.059,0.94439,0.94458,1.50,1.50
2013.06.03 16:00:26.245,0.94438,0.94455,1.50,1.50
2013.06.03 16:00:26.983,0.94435,0.94455,1.50,1.50
2013.06.03 16:00:27.223,0.94432,0.94453,3.00,1.50
2013.06.03 16:00:27.283,0.94431,0.94453,3.00,1.88
2013.06.03 16:00:27.464,0.94431,0.94451,1.88,1.50
2013.06.03 16:00:27.826,0.9443,0.94448,2.25,1.50
2013.06.03 16:00:28.444,0.94429,0.94448,2.25,1.50
2013.06.03 16:00:28.986,0.94429,0.94448,2.25,1.50
2013.06.03 16:00:29.534,0.94428,0.94448,3.00,1.50
2013.06.03 16:00:30.584,0.94428,0.9445,3.00,3.85
2013.06.03 16:00:30.707,0.94428,0.94448,1.50,1.33
2013.06.03 16:00:30.776,0.94428,0.94449,2.25,1.13
2013.06.03 16:00:30.845,0.9443,0.94449,1.50,1.20
2013.06.03 16:00:30.967,0.94434,0.9445,1.50,1.13
2013.06.03 16:00:31.036,0.94435,0.94451,1.50,2.25
2013.06.03 16:00:31.164,0.94437,0.94454,1.50,1.50
2013.06.03 16:00:31.225,0.94438,0.94457,1.50,1.50
2013.06.03 16:00:31.344,0.94439,0.94457,1.50,1.50
2013.06.03 16:00:32.113,0.94438,0.94458,1.50,1.50
2013.06.03 16:00:32.294,0.94437,0.94458,3.00,1.50
2013.06.03 16:00:32.813,0.94437,0.94459,3.00,2.95
2013.06.03 16:00:33.275,0.94439,0.9446,3.38,1.88
2013.06.03 16:00:33.335,0.94439,0.9446,3.38,1.88
2013.06.03 16:00:33.455,0.94445,0.94461,1.50,2.25
2013.06.03 16:00:33.969,0.94445,0.94462,1.50,1.13
2013.06.03 16:00:34.283,0.94445,0.94459,1.13,3.75
2013.06.03 16:00:34.403,0.94445,0.94459,1.13,3.75
2013.06.03 16:00:34.525,0.94446,0.94461,1.50,1.13
2013.06.03 16:00:35.144,0.94446,0.94462,1.50,1.13
2013.06.03 16:00:35.791,0.94445,0.94461,3.38,1.13
2013.06.03 16:00:36.574,0.94445,0.94462,3.38,1.13
2013.06.03 16:00:36.903,0.94445,0.94465,3.38,1.88
2013.06.03 16:00:37.095,0.94446,0.94467,2.25,3.75
2013.06.03 16:00:37.155,0.94447,0.9446,1.50,1.13
2013.06.03 16:00:37.336,0.94448,0.94467,1.50,1.28
2013.06.03 16:00:37.405,0.9445,0.94468,1.50,1.28
2013.06.03 16:00:37.467,0.94451,0.94471,1.50,1.13
2013.06.03 16:00:37.975,0.94451,0.94471,1.50,1.13
2013.06.03 16:00:38.274,0.94451,0.94474,2.25,1.50
2013.06.03 16:00:38.886,0.94453,0.94474,2.25,2.25
2013.06.03 16:00:40.725,0.94454,0.9447,1.50,1.50
2013.06.03 16:00:40.915,0.94452,0.94466,1.50,1.13
2013.06.03 16:00:40.975,0.94452,0.94466,1.50,1.13
2013.06.03 16:00:42.276,0.9445,0.94465,1.50,1.13
2013.06.03 16:00:42.334,0.9445,0.94462,1.50,1.13
2013.06.03 16:00:42.455,0.94445,0.94462,3.75,1.13
2013.06.03 16:00:42.999,0.94444,0.94462,1.50,1.88
2013.06.03 16:00:43.734,0.94444,0.94462,1.50,1.13
2013.06.03 16:00:46.145,0.94444,0.94457,1.50,2.63
2013.06.03 16:00:46.326,0.94438,0.94457,3.38,2.70
2013.06.03 16:00:46.387,0.94438,0.94456,1.88,1.20
2013.06.03 16:00:46.911,0.94437,0.94455,2.25,2.33
2013.06.03 16:00:47.465,0.94435,0.94454,1.50,1.50
2013.06.03 16:00:48.125,0.94435,0.94454,2.25,1.50
2013.06.03 16:00:48.665,0.94434,0.94454,2.25,1.58
2013.06.03 16:00:50.354,0.94436,0.94454,1.13,1.58
2013.06.03 16:00:50.611,0.94436,0.94453,1.13,1.13
2013.06.03 16:00:50.854,0.94433,0.94451,1.50,3.05
2013.06.03 16:00:50.913,0.94431,0.94451,3.75,3.05
2013.06.03 16:00:51.039,0.94432,0.94451,1.50,1.90
2013.06.03 16:00:51.228,0.94432,0.9445,1.50,1.55
2013.06.03 16:00:51.355,0.94431,0.9445,3.00,1.45
2013.06.03 16:00:51.904,0.94431,0.9445,4.50,1.45
2013.06.03 16:00:52.443,0.94432,0.9445,2.25,1.50
2013.06.03 16:00:52.986,0.94432,0.9445,2.25,1.50
2013.06.03 16:00:53.054,0.94431,0.9445,4.50,1.50
2013.06.03 16:00:54.184,0.94432,0.9445,2.25,1.50
2013.06.03 16:00:54.365,0.94433,0.94451,1.50,2.20
2013.06.03 16:00:58.566,0.94432,0.9445,3.00,2.95
2013.06.03 16:00:58.805,0.94428,0.94449,2.25,1.50
2013.06.03 16:00:59.310,0.94427,0.94448,1.88,2.25
2013.06.03 16:00:59.954,0.94428,0.94448,1.50,2.25
2013.06.03 16:01:00.134,0.94428,0.94447,1.50,1.50
2013.06.03 16:01:01.201,0.94427,0.94447,1.50,1.50
2013.06.03 16:01:02.766,0.94427,0.94447,1.50,1.50
2013.06.03 16:01:03.580,0.94427,0.94444,1.50,1.50
2013.06.03 16:01:03.704,0.94426,0.94442,3.00,1.13
2013.06.03 16:01:03.827,0.94424,0.94442,2.25,1.13
2013.06.03 16:01:03.895,0.94424,0.94442,2.25,1.13
2013.06.03 16:01:04.315,0.94429,0.94448,3.00,1.50
2013.06.03 16:01:04.664,0.94429,0.94448,3.00,1.50
2013.06.03 16:01:04.994,0.94429,0.94448,2.25,1.50
2013.06.03 16:01:05.355,0.94428,0.94444,1.50,1.13
2013.06.03 16:01:06.907,0.94429,0.94443,1.50,1.50
2013.06.03 16:01:07.095,0.94424,0.94441,3.00,2.65
2013.06.03 16:01:07.334,0.94424,0.94442,3.00,1.15
2013.06.03 16:01:07.875,0.94423,0.94442,3.83,1.15
2013.06.03 16:01:07.995,0.94423,0.94442,4.58,1.15
2013.06.03 16:01:08.635,0.94424,0.94442,2.25,1.15
2013.06.03 16:01:09.175,0.94425,0.94442,2.25,1.90
2013.06.03 16:01:10.083,0.94425,0.94442,2.25,1.58
2013.06.03 16:01:10.437,0.94419,0.94436,3.00,1.13
2013.06.03 16:01:10.746,0.9442,0.94436,1.50,1.45
2013.06.03 16:01:11.294,0.9442,0.94435,2.25,1.45
2013.06.03 16:01:12.715,0.9442,0.94434,2.25,1.45
2013.06.03 16:01:12.835,0.94416,0.94436,2.63,1.73
2013.06.03 16:01:12.955,0.94417,0.94436,3.75,1.88
2013.06.03 16:01:13.314,0.94417,0.94436,3.00,1.05
2013.06.03 16:01:13.617,0.94419,0.94439,1.50,1.88
2013.06.03 16:01:14.166,0.94418,0.94437,1.50,1.13
2013.06.03 16:01:14.795,0.94419,0.94437,1.50,1.13
2013.06.03 16:01:18.594,0.94419,0.94437,1.50,1.13
2013.06.03 16:01:18.794,0.94419,0.94437,2.25,1.13
2013.06.03 16:01:22.344,0.9442,0.94437,1.50,1.13
2013.06.03 16:01:22.877,0.94419,0.94437,1.50,1.13
2013.06.03 16:01:23.554,0.9442,0.94437,1.50,1.13
2013.06.03 16:01:24.594,0.9442,0.94432,2.25,2.25
2013.06.03 16:01:25.801,0.94418,0.94432,1.13,1.50
2013.06.03 16:01:27.514,0.94418,0.94434,1.13,2.25
2013.06.03 16:01:28.556,0.94418,0.94427,2.25,1.50
2013.06.03 16:01:28.626,0.94418,0.94427,1.50,1.50
2013.06.03 16:01:28.755,0.94418,0.94432,1.50,1.50
2013.06.03 16:01:28.874,0.94418,0.94434,1.50,3.00
2013.06.03 16:01:28.935,0.94417,0.94434,1.50,1.50
2013.06.03 16:01:29.504,0.94415,0.94434,2.25,1.50
2013.06.03 16:01:29.924,0.94415,0.94435,3.75,3.00
2013.06.03 16:01:30.174,0.94415,0.94429,3.00,1.50
2013.06.03 16:01:30.355,0.9441,0.94428,1.50,2.25
2013.06.03 16:01:30.475,0.94408,0.94428,1.88,1.50
2013.06.03 16:01:30.534,0.94408,0.94425,1.13,1.50
2013.06.03 16:01:31.535,0.94407,0.94426,1.13,2.63
2013.06.03 16:01:32.394,0.94405,0.94426,1.50,1.88
2013.06.03 16:01:32.515,0.94405,0.94425,1.50,1.13
2013.06.03 16:01:32.877,0.944,0.94415,1.50,1.13
2013.06.03 16:01:33.064,0.94399,0.94414,1.13,1.13
2013.06.03 16:01:33.725,0.94394,0.94414,1.50,1.88
2013.06.03 16:01:33.844,0.94394,0.94416,1.50,3.45
2013.06.03 16:01:34.025,0.94397,0.94415,1.50,1.95
2013.06.03 16:01:34.384,0.94398,0.94417,1.50,1.88
2013.06.03 16:01:34.445,0.94398,0.94416,1.50,1.13
2013.06.03 16:01:34.986,0.94398,0.94418,1.50,1.50
2013.06.03 16:01:35.535,0.94398,0.94419,3.75,1.13
2013.06.03 16:01:35.895,0.944,0.94419,2.25,1.13
2013.06.03 16:01:36.326,0.94399,0.94419,2.25,1.13
2013.06.03 16:01:36.977,0.94399,0.94419,2.25,1.13
2013.06.03 16:01:37.904,0.94402,0.94421,1.50,1.88
2013.06.03 16:01:38.465,0.94401,0.94421,2.25,1.88
2013.06.03 16:01:41.295,0.94401,0.9442,1.50,1.65
2013.06.03 16:01:41.415,0.94399,0.9442,1.50,1.50
2013.06.03 16:01:41.926,0.94401,0.94421,1.50,1.88
2013.06.03 16:01:42.466,0.94401,0.94421,2.25,1.88
2013.06.03 16:01:43.066,0.94401,0.94421,1.50,1.88
2013.06.03 16:01:43.604,0.94399,0.94419,4.50,1.50
2013.06.03 16:01:44.134,0.94399,0.9442,3.00,1.50
2013.06.03 16:01:44.710,0.94401,0.94421,1.50,1.50
2013.06.03 16:01:47.996,0.944,0.94421,1.50,1.50
2013.06.03 16:01:48.234,0.94401,0.94421,1.50,1.50
2013.06.03 16:01:48.536,0.9441,0.94422,1.50,2.63
2013.06.03 16:01:49.085,0.94414,0.9443,1.50,2.48
2013.06.03 16:01:49.325,0.94412,0.94432,1.50,2.33
2013.06.03 16:01:49.815,0.94412,0.94432,1.50,1.50
2013.06.03 16:01:49.876,0.94412,0.94432,1.50,1.50
2013.06.03 16:01:50.234,0.94412,0.94433,1.50,1.13
2013.06.03 16:01:50.356,0.94412,0.94433,1.50,1.13
2013.06.03 16:01:50.415,0.94412,0.94433,2.25,1.13
2013.06.03 16:01:50.475,0.94412,0.94433,2.25,1.13
2013.06.03 16:01:51.824,0.94412,0.94429,1.50,2.25
2013.06.03 16:01:52.377,0.94411,0.94425,2.25,2.25
2013.06.03 16:01:52.564,0.94409,0.94424,1.50,1.50
2013.06.03 16:01:52.687,0.94411,0.94426,1.50,1.50
2013.06.03 16:01:52.755,0.94411,0.94425,1.50,1.50
2013.06.03 16:01:53.606,0.94411,0.94424,1.50,2.25
2013.06.03 16:01:54.861,0.9441,0.94423,1.50,1.50
2013.06.03 16:01:55.626,0.94406,0.94425,2.25,3.00
2013.06.03 16:01:58.554,0.94406,0.94426,2.25,1.50
2013.06.03 16:01:58.616,0.94406,0.94426,2.25,1.50
2013.06.03 16:01:58.735,0.94406,0.94426,2.25,1.50
2013.06.03 16:01:59.155,0.94407,0.94425,1.50,1.50
2013.06.03 16:02:01.295,0.94407,0.94425,1.50,1.50
2013.06.03 16:02:05.224,0.94404,0.94425,2.25,2.25
2013.06.03 16:02:05.749,0.94404,0.94423,2.25,1.50
2013.06.03 16:02:05.905,0.94404,0.94424,1.50,1.50
2013.06.03 16:02:09.128,0.94404,0.9442,2.25,1.50
2013.06.03 16:02:16.256,0.94401,0.94421,1.50,1.13
2013.06.03 16:02:16.757,0.94401,0.94421,1.50,1.13
2013.06.03 16:02:17.295,0.94401,0.94418,1.50,1.58
2013.06.03 16:02:17.356,0.94398,0.94416,3.75,1.53
2013.06.03 16:02:18.376,0.94397,0.94416,5.33,1.83
2013.06.03 16:02:18.554,0.94397,0.94416,3.83,1.83
2013.06.03 16:02:19.000,0.94402,0.94418,2.63,1.50
2013.06.03 16:02:19.247,0.94403,0.94423,2.25,1.50
2013.06.03 16:02:19.749,0.94402,0.94424,4.13,3.33
2013.06.03 16:02:20.414,0.94402,0.94424,4.88,2.58
2013.06.03 16:02:21.884,0.94405,0.94423,2.25,1.50
2013.06.03 16:02:22.185,0.94406,0.9442,1.50,1.50
2013.06.03 16:02:22.545,0.94408,0.94423,1.32,2.25
2013.06.03 16:02:22.606,0.94408,0.94426,1.97,2.25
2013.06.03 16:02:22.725,0.94408,0.94428,2.72,1.50
2013.06.03 16:02:23.176,0.94412,0.94429,1.13,1.50
2013.06.03 16:02:23.236,0.94415,0.94432,1.13,1.45
2013.06.03 16:02:23.355,0.94415,0.94433,1.13,1.45
2013.06.03 16:02:23.907,0.94415,0.94433,1.50,1.45
2013.06.03 16:02:24.426,0.94415,0.94436,2.33,4.79
2013.06.03 16:02:25.694,0.94416,0.94436,1.50,4.79
2013.06.03 16:02:27.566,0.94415,0.94435,2.33,1.45
2013.06.03 16:02:28.045,0.94415,0.94435,3.83,1.45
2013.06.03 16:02:28.635,0.94416,0.94433,1.50,1.45
2013.06.03 16:02:28.816,0.94417,0.94436,1.50,1.50
2013.06.03 16:02:28.887,0.94418,0.94439,2.25,1.50
2013.06.03 16:02:29.315,0.9442,0.9444,1.50,3.08
2013.06.03 16:02:29.618,0.94422,0.94441,1.50,1.45
2013.06.03 16:02:29.804,0.94422,0.94442,1.50,3.33
2013.06.03 16:02:29.924,0.94422,0.94442,2.25,3.33
2013.06.03 16:02:30.875,0.94422,0.94442,2.25,3.33
2013.06.03 16:02:33.317,0.94423,0.94441,1.50,1.50
2013.06.03 16:02:33.776,0.94426,0.94443,2.25,2.25
2013.06.03 16:02:33.835,0.94426,0.94444,2.25,1.50
2013.06.03 16:02:34.264,0.94429,0.94449,3.75,1.50
2013.06.03 16:02:34.324,0.94429,0.9445,3.00,1.45
2013.06.03 16:02:34.833,0.94429,0.9445,3.00,1.45
2013.06.03 16:02:36.495,0.94429,0.9445,3.00,1.45
2013.06.03 16:02:37.304,0.94432,0.94451,1.50,1.45
2013.06.03 16:02:38.735,0.94432,0.94451,1.50,2.20
2013.06.03 16:02:39.094,0.94431,0.94451,1.50,2.20
2013.06.03 16:02:39.215,0.94431,0.94448,1.50,1.50
2013.06.03 16:02:40.709,0.94426,0.94448,4.13,2.33
2013.06.03 16:02:40.837,0.94426,0.94447,2.63,1.65
2013.06.03 16:02:40.906,0.94426,0.94446,1.13,2.48
2013.06.03 16:02:41.028,0.94424,0.94442,1.13,1.50
2013.06.03 16:02:42.174,0.94424,0.94443,1.13,1.50
2013.06.03 16:02:42.783,0.9442,0.94441,2.63,1.50
2013.06.03 16:02:43.325,0.94421,0.94442,1.50,2.25
2013.06.03 16:02:44.503,0.94422,0.94442,1.50,1.50
2013.06.03 16:02:45.156,0.94422,0.94441,1.50,1.50
2013.06.03 16:02:45.814,0.94422,0.94441,1.50,1.50
2013.06.03 16:02:48.685,0.94422,0.94443,1.13,3.00
2013.06.03 16:02:49.105,0.94424,0.94443,1.50,2.25
2013.06.03 16:02:49.286,0.94424,0.94445,1.50,2.25
2013.06.03 16:02:49.970,0.94424,0.94445,2.25,1.58
2013.06.03 16:02:50.094,0.94433,0.94446,1.50,3.08
2013.06.03 16:02:50.276,0.94433,0.94448,1.50,1.50
2013.06.03 16:02:53.275,0.94434,0.94448,2.25,1.13
2013.06.03 16:02:53.515,0.94431,0.94446,2.25,1.20
2013.06.03 16:02:53.576,0.94427,0.94447,3.38,3.45
2013.06.03 16:02:53.696,0.94427,0.94445,1.88,2.33
2013.06.03 16:02:53.888,0.94428,0.94447,2.25,3.75
2013.06.03 16:02:54.019,0.94428,0.94447,3.00,2.25
2013.06.03 16:02:54.147,0.94428,0.94447,3.00,3.00
2013.06.03 16:02:54.455,0.94428,0.94447,2.63,2.25
2013.06.03 16:02:54.994,0.94428,0.94447,3.75,1.50
2013.06.03 16:02:56.465,0.94431,0.94449,3.00,3.75
2013.06.03 16:02:56.705,0.94431,0.94449,3.00,1.50
2013.06.03 16:02:57.254,0.94431,0.94449,3.00,2.25
2013.06.03 16:02:57.676,0.94431,0.94449,3.00,2.25
2013.06.03 16:02:58.686,0.94433,0.94449,2.25,1.50
2013.06.03 16:02:59.724,0.94433,0.94449,2.25,1.50
2013.06.03 16:03:02.255,0.94432,0.94448,1.50,1.50
2013.06.03 16:03:02.845,0.94431,0.94449,1.50,2.25
2013.06.03 16:03:03.144,0.94432,0.94448,1.50,2.25
2013.06.03 16:03:03.445,0.94433,0.94448,2.25,2.25
2013.06.03 16:03:07.984,0.94433,0.94448,3.00,1.50
2013.06.03 16:03:08.485,0.94433,0.94448,3.00,1.50
2013.06.03 16:03:11.554,0.94433,0.94448,2.25,2.25
2013.06.03 16:03:12.094,0.94433,0.94448,1.50,2.25
2013.06.03 16:03:12.644,0.94433,0.94449,2.25,1.50
2013.06.03 16:03:16.564,0.94433,0.94449,2.25,1.50
2013.06.03 16:03:22.764,0.94433,0.9445,2.25,2.25
2013.06.03 16:03:23.336,0.94434,0.9445,2.25,2.20
2013.06.03 16:03:28.044,0.94435,0.9445,1.50,1.45
2013.06.03 16:03:28.284,0.94435,0.94451,1.50,3.70
2013.06.03 16:03:28.788,0.94435,0.94451,1.50,5.20
2013.06.03 16:03:32.384,0.94435,0.9445,1.50,1.45
2013.06.03 16:03:33.076,0.94434,0.9445,2.25,1.45
2013.06.03 16:03:34.854,0.94432,0.9445,2.25,1.50
2013.06.03 16:03:35.714,0.94432,0.94448,3.00,1.50
2013.06.03 16:03:38.235,0.94433,0.94448,1.50,1.50
2013.06.03 16:03:38.774,0.94434,0.9445,1.50,1.13
2013.06.03 16:03:39.404,0.94434,0.94444,1.50,1.10
2013.06.03 16:03:39.464,0.94429,0.94444,1.50,1.10
2013.06.03 16:03:39.525,0.94428,0.94447,3.38,1.35
2013.06.03 16:03:39.706,0.94428,0.9444,1.29,1.50
2013.06.03 16:03:40.487,0.94422,0.94432,1.50,1.50
2013.06.03 16:03:43.065,0.94421,0.94432,1.58,2.20
2013.06.03 16:03:43.374,0.94424,0.94432,1.88,2.20
2013.06.03 16:03:43.828,0.94419,0.94431,1.50,1.50
2013.06.03 16:03:43.908,0.94419,0.94431,1.50,1.50
2013.06.03 16:03:44.213,0.94418,0.94431,3.38,1.50
2013.06.03 16:03:45.385,0.94417,0.94431,1.88,1.50
2013.06.03 16:03:45.444,0.94417,0.94431,1.88,3.83
2013.06.03 16:03:45.565,0.94415,0.94431,1.50,2.40
2013.06.03 16:03:45.806,0.94415,0.94426,1.50,1.08
2013.06.03 16:03:46.174,0.94405,0.94424,4.20,1.45
2013.06.03 16:03:46.234,0.94405,0.94421,3.83,1.50
2013.06.03 16:03:47.745,0.94406,0.94423,1.13,2.25
2013.06.03 16:03:48.614,0.94406,0.94423,1.88,2.25
2013.06.03 16:03:49.845,0.94408,0.94426,1.13,2.20
2013.06.03 16:03:50.205,0.94417,0.9443,1.13,1.95
2013.06.03 16:03:50.264,0.94417,0.94434,1.13,3.55
2013.06.03 16:03:51.304,0.94416,0.94432,2.25,2.25
2013.06.03 16:03:51.664,0.94414,0.94431,1.13,2.25
2013.06.03 16:03:53.185,0.94413,0.94429,1.50,2.25
2013.06.03 16:03:53.754,0.94412,0.94428,1.50,1.58
2013.06.03 16:03:53.876,0.94408,0.94427,2.25,3.15
2013.06.03 16:03:54.185,0.94408,0.94423,2.25,1.50
2013.06.03 16:03:54.925,0.94407,0.94422,4.20,1.13
2013.06.03 16:03:55.226,0.94397,0.94417,1.50,1.20
2013.06.03 16:03:56.145,0.94402,0.94418,1.50,3.53
2013.06.03 16:03:57.115,0.94398,0.94417,2.37,1.95
2013.06.03 16:03:57.296,0.94398,0.94414,1.50,1.83
2013.06.03 16:03:57.356,0.94396,0.94414,2.25,1.08
2013.06.03 16:03:57.655,0.94397,0.94415,2.25,1.50
2013.06.03 16:03:57.956,0.94402,0.94414,1.50,1.13
2013.06.03 16:03:58.136,0.94403,0.94419,1.50,3.00
2013.06.03 16:03:58.255,0.944,0.94419,2.25,3.00
2013.06.03 16:03:58.315,0.94403,0.94419,1.50,3.00
2013.06.03 16:03:58.625,0.94403,0.94419,1.50,3.00
2013.06.03 16:04:00.155,0.94402,0.94419,3.00,2.25
2013.06.03 16:04:00.396,0.944,0.94416,3.00,1.50
2013.06.03 16:04:00.455,0.94399,0.94415,1.50,1.95
2013.06.03 16:04:00.636,0.94398,0.94414,1.50,3.00
2013.06.03 16:04:00.765,0.94397,0.94414,2.63,3.00
2013.06.03 16:04:01.267,0.94397,0.94414,2.25,2.25
2013.06.03 16:04:01.865,0.94397,0.94412,2.25,2.25
2013.06.03 16:04:02.614,0.94397,0.94412,2.25,2.25
2013.06.03 16:04:02.975,0.94397,0.94412,1.50,2.25
2013.06.03 16:04:03.036,0.94398,0.94418,2.25,1.13
2013.06.03 16:04:03.095,0.9441,0.94419,1.50,1.58
2013.06.03 16:04:03.155,0.94408,0.94419,1.50,1.50
2013.06.03 16:04:03.215,0.94406,0.94423,4.50,2.20
2013.06.03 16:04:03.276,0.94406,0.94422,2.25,1.50
2013.06.03 16:04:03.395,0.94404,0.9442,2.25,1.13
2013.06.03 16:04:03.455,0.94403,0.9442,1.50,1.13
2013.06.03 16:04:03.575,0.944,0.94418,1.98,1.13
2013.06.03 16:04:04.056,0.94399,0.94415,1.60,1.32
2013.06.03 16:04:04.185,0.94394,0.94406,1.50,1.13
2013.06.03 16:04:04.245,0.94392,0.94405,1.50,1.50
2013.06.03 16:04:04.547,0.94384,0.94396,1.50,1.50
2013.06.03 16:04:04.736,0.94376,0.94396,1.50,1.50
2013.06.03 16:04:04.795,0.94376,0.94396,1.50,1.50
2013.06.03 16:04:04.856,0.94376,0.94399,1.50,1.77
2013.06.03 16:04:05.180,0.94374,0.94393,2.25,1.50
2013.06.03 16:04:05.366,0.94373,0.94393,1.50,1.50
2013.06.03 16:04:05.435,0.94374,0.94393,2.25,1.50
2013.06.03 16:04:05.615,0.94376,0.94397,2.25,1.50
2013.06.03 16:04:05.735,0.94377,0.94397,1.50,1.50
2013.06.03 16:04:06.214,0.94379,0.94399,1.50,1.13
2013.06.03 16:04:06.576,0.94387,0.944,1.13,1.95
2013.06.03 16:04:06.755,0.94387,0.94405,1.13,3.45
2013.06.03 16:04:06.875,0.94387,0.94405,1.13,3.83
2013.06.03 16:04:06.996,0.94389,0.94405,1.50,1.95
2013.06.03 16:04:07.054,0.9439,0.94407,1.50,2.10
2013.06.03 16:04:07.605,0.94391,0.94408,1.13,2.78
2013.06.03 16:04:09.265,0.94393,0.94407,1.50,1.28
2013.06.03 16:04:09.630,0.94394,0.94408,1.88,1.50
2013.06.03 16:04:09.980,0.94396,0.94414,1.50,3.70
2013.06.03 16:04:10.525,0.944,0.94414,1.50,2.58
2013.06.03 16:04:10.835,0.94408,0.94422,1.50,1.50
2013.06.03 16:04:11.016,0.94406,0.94423,2.25,1.50
2013.06.03 16:04:11.074,0.94406,0.94427,3.38,1.13
2013.06.03 16:04:11.134,0.94408,0.94427,1.50,1.13
2013.06.03 16:04:11.435,0.9441,0.9443,1.13,2.25
2013.06.03 16:04:11.975,0.94411,0.9443,1.50,1.50
2013.06.03 16:04:13.035,0.94411,0.94428,1.50,1.23
2013.06.03 16:04:13.634,0.9441,0.94428,1.13,1.23
2013.06.03 16:04:14.185,0.94409,0.94428,4.50,1.13
2013.06.03 16:04:14.545,0.94409,0.9443,3.00,1.23
2013.06.03 16:04:14.724,0.9441,0.94429,1.50,1.60
2013.06.03 16:04:15.596,0.9441,0.9443,1.50,1.23
2013.06.03 16:04:15.836,0.94411,0.94431,2.25,1.98
2013.06.03 16:04:16.146,0.94416,0.94432,1.50,1.90
2013.06.03 16:04:16.505,0.9442,0.94432,1.88,1.13
2013.06.03 16:04:16.745,0.94419,0.94441,1.50,3.93
2013.06.03 16:04:16.805,0.94419,0.9444,1.50,1.50
2013.06.03 16:04:17.168,0.94418,0.94436,2.70,1.80
2013.06.03 16:04:17.355,0.94416,0.94436,1.50,1.53
2013.06.03 16:04:18.475,0.94416,0.94436,1.50,4.00
2013.06.03 16:04:18.777,0.94416,0.94434,1.50,1.65
2013.06.03 16:04:19.077,0.94411,0.94431,1.88,2.05
2013.06.03 16:04:19.265,0.94411,0.94431,1.13,3.15
2013.06.03 16:04:19.775,0.94409,0.94428,1.50,2.85
2013.06.03 16:04:19.837,0.94408,0.94428,3.75,2.10
2013.06.03 16:04:20.027,0.94405,0.94425,1.88,1.50
2013.06.03 16:04:20.205,0.94405,0.94421,1.13,2.25
2013.06.03 16:04:20.805,0.94399,0.94419,1.13,1.45
2013.06.03 16:04:21.334,0.94396,0.94412,2.10,3.00
2013.06.03 16:04:21.414,0.94396,0.94403,1.35,1.50
2013.06.03 16:04:21.786,0.94386,0.94396,1.50,2.25
2013.06.03 16:04:22.228,0.94386,0.94391,1.50,1.50
2013.06.03 16:04:22.356,0.94376,0.94389,1.88,2.25
2013.06.03 16:04:22.665,0.94376,0.94392,1.88,1.50
2013.06.03 16:04:24.405,0.94383,0.94395,1.50,2.25
2013.06.03 16:04:25.175,0.94384,0.94396,1.50,6.08
2013.06.03 16:04:25.815,0.94383,0.94395,1.50,1.50
2013.06.03 16:04:26.475,0.94386,0.94394,1.50,3.00
2013.06.03 16:04:26.602,0.94386,0.94396,1.50,2.70
2013.06.03 16:04:26.813,0.94386,0.94401,1.50,4.50
2013.06.03 16:04:27.176,0.94388,0.94405,1.50,1.13
2013.06.03 16:04:27.235,0.94387,0.94406,1.50,3.00
2013.06.03 16:04:27.475,0.94391,0.94406,1.95,2.25
2013.06.03 16:04:27.596,0.94394,0.94411,1.50,1.50
2013.06.03 16:04:27.715,0.94394,0.94412,1.50,2.63
2013.06.03 16:04:27.836,0.94394,0.94411,1.50,1.50
2013.06.03 16:04:28.147,0.94397,0.94407,3.00,2.25
2013.06.03 16:04:28.216,0.944,0.94411,1.50,1.95
2013.06.03 16:04:28.275,0.944,0.94413,3.08,2.25
2013.06.03 16:04:28.394,0.94405,0.94422,3.00,3.00
2013.06.03 16:04:28.755,0.94408,0.9442,1.13,1.20
2013.06.03 16:04:28.876,0.94402,0.94421,1.50,3.83
2013.06.03 16:04:28.935,0.944,0.94421,1.50,1.58
2013.06.03 16:04:28.998,0.944,0.94421,1.50,3.00
2013.06.03 16:04:29.546,0.94399,0.94421,2.25,2.25
2013.06.03 16:04:30.748,0.94399,0.94414,1.50,1.13
2013.06.03 16:04:30.818,0.94396,0.94412,2.25,2.63
2013.06.03 16:04:30.945,0.94398,0.94412,1.50,2.63
2013.06.03 16:04:31.774,0.94399,0.94412,1.20,2.63
2013.06.03 16:04:32.075,0.94401,0.94412,2.18,2.63
2013.06.03 16:04:32.375,0.94397,0.94412,2.25,2.63
2013.06.03 16:04:32.494,0.94397,0.94411,1.50,3.68
2013.06.03 16:04:32.675,0.94397,0.94406,1.50,1.80
2013.06.03 16:04:33.035,0.94393,0.94404,1.50,1.35
2013.06.03 16:04:33.155,0.94394,0.9441,1.13,3.38
2013.06.03 16:04:33.277,0.94399,0.9441,2.55,2.63
2013.06.03 16:04:33.405,0.94397,0.9441,1.50,2.63
2013.06.03 16:04:35.906,0.94394,0.9441,1.88,2.63
2013.06.03 16:04:36.037,0.94396,0.94415,2.25,6.09
2013.06.03 16:04:36.166,0.94396,0.94414,1.50,2.25
2013.06.03 16:04:36.285,0.94395,0.94413,1.50,2.25
2013.06.03 16:04:36.586,0.94395,0.94411,2.25,2.25
2013.06.03 16:04:37.125,0.94395,0.94411,2.25,2.25
2013.06.03 16:04:37.745,0.94393,0.94411,1.50,2.25
2013.06.03 16:04:37.805,0.94393,0.94408,1.50,1.13
2013.06.03 16:04:37.865,0.9439,0.94408,1.50,1.13
2013.06.03 16:04:37.985,0.94387,0.94402,2.25,1.50
2013.06.03 16:04:38.045,0.94385,0.944,2.25,1.13
2013.06.03 16:04:38.106,0.94381,0.94397,1.50,1.45
2013.06.03 16:04:38.168,0.94378,0.94395,1.50,1.50
2013.06.03 16:04:38.296,0.94378,0.94394,1.50,2.25
2013.06.03 16:04:38.605,0.94375,0.94392,2.25,1.32
2013.06.03 16:04:39.076,0.94371,0.9439,2.25,1.50
2013.06.03 16:04:39.436,0.94371,0.9439,1.50,1.50
2013.06.03 16:04:39.496,0.94367,0.94387,3.00,1.50
2013.06.03 16:04:40.704,0.94367,0.94389,1.50,2.25
2013.06.03 16:04:41.663,0.94371,0.94388,1.50,1.45
2013.06.03 16:04:42.023,0.94377,0.94391,1.50,1.13
2013.06.03 16:04:42.564,0.94376,0.94395,2.63,1.50
2013.06.03 16:04:43.815,0.94376,0.94396,2.63,1.45
2013.06.03 16:04:44.316,0.94376,0.94396,1.88,1.45
2013.06.03 16:04:44.655,0.94373,0.94389,3.75,2.25
2013.06.03 16:04:44.775,0.94376,0.94391,1.50,1.50
2013.06.03 16:04:45.194,0.94374,0.94395,3.00,1.13
2013.06.03 16:04:45.793,0.94374,0.94395,2.25,2.63
2013.06.03 16:04:46.864,0.94374,0.94394,1.50,2.25
2013.06.03 16:04:47.044,0.94374,0.9439,2.25,1.58
2013.06.03 16:04:47.225,0.94368,0.94387,1.50,1.95
2013.06.03 16:04:48.966,0.94367,0.94387,1.50,4.13
2013.06.03 16:04:49.147,0.94368,0.94387,1.50,2.63
2013.06.03 16:04:49.275,0.94367,0.94386,2.25,1.13
2013.06.03 16:04:50.834,0.94367,0.94385,1.50,1.13
2013.06.03 16:04:51.195,0.94371,0.94388,1.50,3.75
2013.06.03 16:04:51.555,0.94374,0.94395,2.25,4.39
2013.06.03 16:04:52.095,0.94377,0.94395,1.50,3.45
2013.06.03 16:04:52.715,0.94376,0.94395,1.50,3.45
2013.06.03 16:04:52.986,0.94376,0.94394,1.50,1.13
2013.06.03 16:04:55.296,0.94375,0.94394,1.50,1.13
2013.06.03 16:04:55.655,0.94375,0.94394,2.25,1.13
2013.06.03 16:04:56.545,0.94375,0.94394,2.25,1.13
2013.06.03 16:04:56.604,0.94375,0.94394,2.25,1.13
2013.06.03 16:04:57.219,0.94375,0.94388,3.23,1.15
2013.06.03 16:04:57.466,0.94366,0.9438,1.50,3.00
2013.06.03 16:04:57.526,0.94366,0.9438,2.25,3.00
2013.06.03 16:04:57.646,0.94367,0.94384,1.50,1.13
2013.06.03 16:04:58.545,0.94368,0.94387,2.25,1.45
2013.06.03 16:04:59.337,0.94369,0.94387,1.50,1.45
2013.06.03 16:04:59.646,0.94369,0.94389,3.00,1.13
2013.06.03 16:04:59.826,0.94373,0.9439,2.25,1.13
2013.06.03 16:04:59.885,0.94374,0.94394,1.50,2.70
2013.06.03 16:05:00.426,0.94376,0.94395,1.50,1.13
2013.06.03 16:05:00.664,0.94376,0.94396,1.73,1.43
2013.06.03 16:05:01.775,0.94381,0.94397,1.50,1.50
2013.06.03 16:05:01.896,0.94381,0.94398,1.50,3.08
2013.06.03 16:05:02.434,0.94381,0.94398,1.50,2.70
2013.06.03 16:05:03.034,0.94381,0.94398,1.50,2.70
2013.06.03 16:05:04.205,0.94383,0.94398,1.50,1.95
2013.06.03 16:05:04.266,0.94384,0.94401,1.50,3.75
2013.06.03 16:05:04.404,0.94384,0.94403,1.50,1.88
2013.06.03 16:05:05.835,0.94385,0.94403,1.20,1.88
2013.06.03 16:05:06.185,0.94387,0.94405,1.50,2.70
2013.06.03 16:05:06.247,0.9439,0.94409,1.50,1.88
2013.06.03 16:05:06.315,0.9439,0.94409,1.50,1.50
2013.06.03 16:05:06.617,0.94394,0.9441,1.50,1.95
2013.06.03 16:05:06.925,0.944,0.9441,1.50,1.95
2013.06.03 16:05:07.045,0.944,0.94416,1.50,1.13
2013.06.03 16:05:07.165,0.94399,0.94416,1.50,1.35
2013.06.03 16:05:07.465,0.94399,0.94418,1.50,2.40
2013.06.03 16:05:07.646,0.94405,0.94424,1.50,1.50
2013.06.03 16:05:08.185,0.94407,0.94424,1.50,1.50
2013.06.03 16:05:08.245,0.94405,0.94424,1.50,1.50
2013.06.03 16:05:09.565,0.94404,0.94423,1.50,1.50
2013.06.03 16:05:11.717,0.94404,0.94423,1.50,1.50
2013.06.03 16:05:12.235,0.94405,0.94425,1.50,2.70
2013.06.03 16:05:12.774,0.94405,0.94425,1.50,3.40
2013.06.03 16:05:13.077,0.94403,0.9442,1.50,1.50
2013.06.03 16:05:13.555,0.94404,0.9442,1.50,1.50
2013.06.03 16:05:18.035,0.94402,0.94418,1.50,1.45
2013.06.03 16:05:18.454,0.94395,0.94414,1.50,1.45
2013.06.03 16:05:19.354,0.94392,0.94414,3.30,2.11
2013.06.03 16:05:19.476,0.94392,0.94413,2.63,1.50
2013.06.03 16:05:19.654,0.94392,0.94413,1.73,1.50
2013.06.03 16:05:20.077,0.94392,0.94408,1.73,2.25
2013.06.03 16:05:20.668,0.94391,0.94408,2.10,2.25
2013.06.03 16:05:21.276,0.94391,0.94408,2.10,2.25
2013.06.03 16:05:21.806,0.94391,0.94408,1.35,2.25
2013.06.03 16:05:23.245,0.94392,0.94408,1.13,2.25
2013.06.03 16:05:24.647,0.94392,0.94408,1.50,2.25
2013.06.03 16:05:25.325,0.94391,0.94408,1.73,3.00
2013.06.03 16:05:25.445,0.94388,0.94408,3.23,2.33
2013.06.03 16:05:25.866,0.94391,0.94407,1.50,1.80
2013.06.03 16:05:26.225,0.94391,0.94409,2.63,1.13
2013.06.03 16:05:27.046,0.94391,0.9441,1.88,5.33
2013.06.03 16:05:27.615,0.94391,0.9441,1.88,6.08
2013.06.03 16:05:27.797,0.9439,0.9441,1.88,4.58
2013.06.03 16:05:27.865,0.9439,0.94409,1.88,1.50
2013.06.03 16:05:27.986,0.9439,0.94408,1.88,1.50
2013.06.03 16:05:28.336,0.94392,0.9441,1.50,5.33
2013.06.03 16:05:28.916,0.94392,0.9441,1.50,4.58
2013.06.03 16:05:31.015,0.94393,0.9441,1.50,3.83
2013.06.03 16:05:31.197,0.94398,0.94414,1.50,1.50
2013.06.03 16:05:31.569,0.94398,0.94418,1.50,2.63
2013.06.03 16:05:33.255,0.94397,0.94418,2.25,2.63
2013.06.03 16:05:34.654,0.94397,0.94418,2.25,2.25
2013.06.03 16:05:36.774,0.94398,0.94418,1.50,2.25
2013.06.03 16:05:38.265,0.94398,0.9442,2.63,5.33
2013.06.03 16:05:39.420,0.94399,0.9442,1.50,3.08
2013.06.03 16:05:39.546,0.94399,0.9442,1.13,3.08
2013.06.03 16:05:39.726,0.94399,0.9442,1.13,3.08
2013.06.03 16:05:40.416,0.944,0.94421,2.25,1.13
2013.06.03 16:05:41.016,0.94408,0.94423,1.79,2.25
2013.06.03 16:05:41.087,0.94412,0.94424,1.05,1.13
2013.06.03 16:05:41.276,0.9441,0.94426,2.25,1.50
2013.06.03 16:05:41.337,0.9441,0.94429,2.25,1.50
2013.06.03 16:05:41.406,0.9441,0.94434,2.25,1.50
2013.06.03 16:05:41.956,0.94412,0.94431,1.50,1.36
2013.06.03 16:05:42.135,0.94409,0.9443,2.25,1.36
2013.06.03 16:05:42.255,0.94409,0.94429,2.48,1.50
2013.06.03 16:05:42.616,0.94409,0.94431,3.00,1.50
2013.06.03 16:05:43.158,0.9441,0.94432,1.50,1.50
2013.06.03 16:05:43.346,0.94412,0.94433,1.13,3.61
2013.06.03 16:05:43.406,0.94413,0.94433,1.13,2.11
2013.06.03 16:05:44.007,0.94413,0.94433,1.88,1.50
2013.06.03 16:05:44.255,0.94414,0.94435,1.50,3.08
2013.06.03 16:05:44.776,0.94414,0.94434,1.50,1.50
2013.06.03 16:05:45.315,0.94413,0.94434,1.88,1.50
2013.06.03 16:05:45.855,0.94414,0.94434,2.25,1.50
2013.06.03 16:05:45.976,0.94414,0.94434,2.25,1.50
2013.06.03 16:05:46.035,0.94414,0.94434,2.25,1.50
2013.06.03 16:05:47.838,0.94414,0.94434,2.25,2.25
2013.06.03 16:05:48.444,0.94415,0.94433,1.50,1.50
2013.06.03 16:05:49.019,0.94415,0.94433,1.50,1.50
2013.06.03 16:05:49.655,0.94414,0.94432,2.25,2.20
2013.06.03 16:05:49.776,0.94411,0.9443,2.85,1.50
2013.06.03 16:05:50.016,0.9441,0.94428,1.50,1.50
2013.06.03 16:05:50.255,0.94409,0.94428,1.13,3.00
2013.06.03 16:05:50.617,0.94403,0.94425,1.50,1.88
2013.06.03 16:05:52.585,0.94402,0.94423,1.88,1.13
2013.06.03 16:05:52.767,0.94402,0.94421,1.13,3.53
2013.06.03 16:05:52.955,0.94396,0.9442,1.13,2.25
2013.06.03 16:05:53.495,0.94396,0.94418,1.88,1.50
2013.06.03 16:05:53.996,0.94396,0.9442,1.88,3.00
2013.06.03 16:05:54.116,0.94396,0.9442,1.88,1.50
2013.06.03 16:05:55.176,0.94396,0.9442,1.88,2.25
2013.06.03 16:05:59.587,0.94397,0.94421,1.50,8.03
2013.06.03 16:06:01.145,0.94397,0.9442,1.50,1.58
2013.06.03 16:06:06.215,0.94398,0.9442,2.25,1.50
2013.06.03 16:06:06.400,0.944,0.9442,1.50,1.50
2013.06.03 16:06:06.646,0.94399,0.94421,2.10,7.28
2013.06.03 16:06:06.895,0.94399,0.94421,2.63,7.28
2013.06.03 16:06:08.446,0.944,0.94421,1.50,3.15
2013.06.03 16:06:09.010,0.94399,0.94418,1.13,1.50
2013.06.03 16:06:09.588,0.94399,0.94419,1.13,1.50
2013.06.03 16:06:09.776,0.94399,0.94419,2.25,1.13
2013.06.03 16:06:11.266,0.94401,0.94419,1.50,1.13
2013.06.03 16:06:12.235,0.94402,0.94419,1.50,1.13
2013.06.03 16:06:12.615,0.94403,0.94421,1.50,5.63
2013.06.03 16:06:12.974,0.94403,0.94421,1.50,1.13
2013.06.03 16:06:13.476,0.94403,0.94421,1.50,1.88
2013.06.03 16:06:14.017,0.94404,0.9442,1.50,1.50
2013.06.03 16:06:14.326,0.94405,0.94422,1.50,1.50
2013.06.03 16:06:14.445,0.94405,0.94423,1.50,1.88
2013.06.03 16:06:15.415,0.94407,0.94423,1.50,1.08
2013.06.03 16:06:15.656,0.94409,0.94426,2.25,1.45
2013.06.03 16:06:15.715,0.9441,0.94427,1.50,3.63
2013.06.03 16:06:15.776,0.94411,0.94427,1.50,1.88
2013.06.03 16:06:16.085,0.94411,0.94429,1.50,1.88
2013.06.03 16:06:16.625,0.94413,0.94431,1.50,2.33
2013.06.03 16:06:19.698,0.94413,0.94431,2.25,2.70
2013.06.03 16:06:21.243,0.94416,0.94434,1.50,1.58
2013.06.03 16:06:22.095,0.94417,0.94436,1.50,3.90
2013.06.03 16:06:23.623,0.94417,0.94436,1.50,2.40
2013.06.03 16:06:24.305,0.94417,0.94436,1.50,2.33
2013.06.03 16:06:25.145,0.94419,0.94436,1.50,3.08
2013.06.03 16:06:30.886,0.94419,0.94436,1.50,2.33
2013.06.03 16:06:31.077,0.94419,0.94439,1.50,1.13
2013.06.03 16:06:31.624,0.94422,0.9444,1.50,1.13
2013.06.03 16:06:32.139,0.94422,0.9444,1.50,1.13
2013.06.03 16:06:32.268,0.94423,0.94442,1.50,2.95
2013.06.03 16:06:32.335,0.94423,0.94442,1.50,1.45
2013.06.03 16:06:33.477,0.94423,0.94441,1.50,1.50
2013.06.03 16:06:33.968,0.94427,0.94444,1.13,1.50
2013.06.03 16:06:34.039,0.94429,0.94447,1.50,2.63
2013.06.03 16:06:34.429,0.94428,0.94448,1.50,2.25
2013.06.03 16:06:34.495,0.94428,0.94448,2.25,1.50
2013.06.03 16:06:34.615,0.94428,0.94448,1.50,1.50
2013.06.03 16:06:34.858,0.94431,0.94451,1.50,2.25
2013.06.03 16:06:35.106,0.9443,0.94451,1.13,2.25
2013.06.03 16:06:35.345,0.9443,0.94451,1.13,1.50
2013.06.03 16:06:36.367,0.94432,0.94451,1.50,2.25
2013.06.03 16:06:36.887,0.94432,0.94452,2.25,2.63
2013.06.03 16:06:37.436,0.94433,0.94451,1.50,1.15
2013.06.03 16:06:38.716,0.94433,0.94452,1.50,3.03
2013.06.03 16:06:39.268,0.94433,0.94451,1.50,1.15
2013.06.03 16:06:39.817,0.94433,0.94451,1.50,3.03
2013.06.03 16:06:40.128,0.94428,0.94444,4.20,1.15
2013.06.03 16:06:40.197,0.94428,0.94442,1.50,2.95
2013.06.03 16:06:40.566,0.94421,0.9444,2.25,2.70
2013.06.03 16:06:40.625,0.94418,0.94439,3.00,1.13
2013.06.03 16:06:40.747,0.94421,0.94439,1.50,1.13
2013.06.03 16:06:41.296,0.94421,0.94439,1.50,1.13
2013.06.03 16:06:41.806,0.94421,0.9444,1.50,2.33
2013.06.03 16:06:42.325,0.94421,0.94441,1.50,2.20
2013.06.03 16:06:43.535,0.94423,0.94441,1.50,1.50
2013.06.03 16:06:44.345,0.9442,0.94441,1.50,2.95
2013.06.03 16:06:44.705,0.94418,0.94441,3.00,3.70
2013.06.03 16:06:46.877,0.94423,0.9444,1.50,1.50
2013.06.03 16:06:47.415,0.94423,0.9444,1.50,1.50
2013.06.03 16:06:47.535,0.9442,0.94438,2.25,1.08
2013.06.03 16:06:47.655,0.94425,0.94438,1.50,1.08
2013.06.03 16:06:47.715,0.94425,0.9444,1.50,1.50
2013.06.03 16:06:47.837,0.94425,0.9444,3.00,1.50
2013.06.03 16:06:47.906,0.9443,0.94444,1.50,1.13
2013.06.03 16:06:47.967,0.94432,0.94444,1.50,1.13
2013.06.03 16:06:48.327,0.94432,0.94445,1.50,1.50
2013.06.03 16:06:48.386,0.94434,0.94451,3.83,1.45
2013.06.03 16:06:48.458,0.94437,0.94452,1.50,1.13
2013.06.03 16:06:48.767,0.9445,0.94455,1.50,1.50
2013.06.03 16:06:49.136,0.94446,0.94467,1.50,2.25
2013.06.03 16:06:49.616,0.94446,0.94467,1.50,1.50
2013.06.03 16:06:50.136,0.94446,0.94465,1.50,1.13
2013.06.03 16:06:52.127,0.94446,0.94466,1.50,2.25
2013.06.03 16:06:52.664,0.94446,0.94465,1.50,1.13
2013.06.03 16:06:53.700,0.94445,0.94465,1.50,1.13
2013.06.03 16:06:55.074,0.94447,0.94464,1.50,1.58
2013.06.03 16:06:55.420,0.94444,0.94462,1.50,1.50
2013.06.03 16:06:55.726,0.94442,0.94451,1.50,1.45
2013.06.03 16:06:55.796,0.94441,0.94451,1.50,1.45
2013.06.03 16:06:55.989,0.94432,0.94446,1.13,1.50
2013.06.03 16:06:56.175,0.94425,0.94447,1.50,1.50
2013.06.03 16:06:56.235,0.94426,0.94448,1.50,5.33
2013.06.03 16:06:56.294,0.94429,0.94448,1.50,8.70
2013.06.03 16:06:56.836,0.94431,0.94446,1.88,1.13
2013.06.03 16:06:57.238,0.94433,0.94446,1.50,1.13
2013.06.03 16:06:57.307,0.94433,0.94448,1.50,1.95
2013.06.03 16:06:57.376,0.94434,0.94452,1.15,2.63
2013.06.03 16:06:57.498,0.94438,0.94453,1.13,1.13
2013.06.03 16:06:57.686,0.94441,0.94458,1.50,1.13
2013.06.03 16:06:58.955,0.94442,0.94461,1.50,6.45
2013.06.03 16:06:59.569,0.94442,0.94461,1.50,7.20
2013.06.03 16:07:01.917,0.94442,0.94459,1.50,1.50
2013.06.03 16:07:06.936,0.94441,0.94457,1.50,1.13
2013.06.03 16:07:07.007,0.9444,0.94454,1.13,1.50
2013.06.03 16:07:07.075,0.94436,0.94452,1.50,2.25
2013.06.03 16:07:07.135,0.94436,0.94452,1.13,2.25
2013.06.03 16:07:07.555,0.94435,0.94451,1.50,3.75
2013.06.03 16:07:07.906,0.94435,0.94454,1.50,1.13
2013.06.03 16:07:08.165,0.94433,0.94454,1.50,1.13
2013.06.03 16:07:09.355,0.94432,0.94452,1.50,2.25
2013.06.03 16:07:09.775,0.94429,0.94448,2.25,1.13
2013.06.03 16:07:10.315,0.94429,0.94448,2.25,1.13
2013.06.03 16:07:10.827,0.94431,0.94449,1.50,1.50
2013.06.03 16:07:11.136,0.94433,0.94453,1.50,1.50
2013.06.03 16:07:12.065,0.94433,0.94454,1.50,1.98
2013.06.03 16:07:12.668,0.94433,0.94454,1.50,1.98
2013.06.03 16:07:12.866,0.94433,0.94455,1.50,6.45
2013.06.03 16:07:13.644,0.94434,0.94455,2.25,4.95
2013.06.03 16:07:15.216,0.94434,0.94456,1.50,2.33
2013.06.03 16:07:15.818,0.94439,0.94456,1.50,2.25
2013.06.03 16:07:17.296,0.94438,0.94456,1.50,1.88
2013.06.03 16:07:19.675,0.94438,0.94456,1.50,1.13
2013.06.03 16:07:20.215,0.94439,0.94455,1.50,2.63
2013.06.03 16:07:20.728,0.94439,0.94455,1.50,2.63
2013.06.03 16:07:22.115,0.94439,0.94454,1.50,1.50
2013.06.03 16:07:24.266,0.94437,0.94451,1.50,1.13
2013.06.03 16:07:24.324,0.94434,0.94451,2.25,2.70
2013.06.03 16:07:26.596,0.94434,0.94449,1.50,1.50
2013.06.03 16:07:27.394,0.94434,0.94449,1.50,1.50
2013.06.03 16:07:29.558,0.94432,0.94449,2.25,2.25
2013.06.03 16:07:29.687,0.9443,0.94449,1.50,1.13
2013.06.03 16:07:30.235,0.94427,0.94449,2.63,1.88
2013.06.03 16:07:31.620,0.9443,0.94448,1.50,1.50
2013.06.03 16:07:33.975,0.9443,0.94447,1.50,1.13
2013.06.03 16:07:46.386,0.9443,0.94446,1.50,1.43
2013.06.03 16:07:46.925,0.94432,0.94448,1.50,1.13
2013.06.03 16:07:47.487,0.94432,0.94448,1.50,1.13
2013.06.03 16:07:47.995,0.94431,0.94448,1.50,1.13
2013.06.03 16:07:48.535,0.94432,0.94448,1.50,1.13
2013.06.03 16:07:52.399,0.94432,0.94446,1.50,1.50
2013.06.03 16:07:52.587,0.94431,0.94446,1.50,2.25
2013.06.03 16:07:54.336,0.94429,0.94446,2.25,2.25
2013.06.03 16:07:54.934,0.94429,0.94446,2.25,2.25
2013.06.03 16:08:01.096,0.9443,0.94448,1.50,2.70
2013.06.03 16:08:01.217,0.94429,0.94446,1.50,2.18
2013.06.03 16:08:02.696,0.94429,0.94445,1.50,1.58
2013.06.03 16:08:03.254,0.94428,0.94445,2.25,3.30
2013.06.03 16:08:04.597,0.94428,0.94445,2.25,2.88
2013.06.03 16:08:05.307,0.94428,0.94442,1.50,1.15
2013.06.03 16:08:06.444,0.94429,0.94442,1.50,1.90
2013.06.03 16:08:08.975,0.94428,0.94444,1.50,1.50
2013.06.03 16:08:09.515,0.94427,0.94436,1.50,1.65
2013.06.03 16:08:09.639,0.94427,0.94436,2.25,2.03
2013.06.03 16:08:09.705,0.94424,0.94437,1.50,2.10
2013.06.03 16:08:10.005,0.94418,0.94434,1.50,1.05
2013.06.03 16:08:10.545,0.94418,0.94433,1.50,1.05
2013.06.03 16:08:11.457,0.94417,0.94434,2.25,1.05
2013.06.03 16:08:11.585,0.94415,0.94433,2.25,1.15
2013.06.03 16:08:11.706,0.94415,0.94432,2.25,2.58
2013.06.03 16:08:11.896,0.94415,0.94433,1.50,2.28
2013.06.03 16:08:12.282,0.94413,0.94431,1.58,1.50
2013.06.03 16:08:12.825,0.94413,0.94431,1.50,1.50
2013.06.03 16:08:14.497,0.94414,0.94432,1.50,2.25
2013.06.03 16:08:15.036,0.94415,0.94432,1.13,2.20
2013.06.03 16:08:15.157,0.94414,0.94432,3.00,1.45
2013.06.03 16:08:16.124,0.94414,0.94432,2.25,1.50
2013.06.03 16:08:16.625,0.94413,0.94431,1.50,1.50
2013.06.03 16:08:19.381,0.94413,0.9443,1.50,1.13
2013.06.03 16:08:20.510,0.94413,0.94429,1.50,1.15
2013.06.03 16:08:20.997,0.94411,0.94426,1.50,1.90
2013.06.03 16:08:21.307,0.94411,0.94427,1.50,1.50
2013.06.03 16:08:21.436,0.94411,0.94428,1.50,1.13
2013.06.03 16:08:21.496,0.94411,0.94428,2.25,1.13
2013.06.03 16:08:21.735,0.94413,0.94428,1.50,1.13
2013.06.03 16:08:21.795,0.94415,0.9443,1.50,2.70
2013.06.03 16:08:21.855,0.94415,0.9443,1.50,2.70
2013.06.03 16:08:22.047,0.94416,0.94431,1.13,1.58
2013.06.03 16:08:22.535,0.94416,0.94431,1.13,1.50
2013.06.03 16:08:23.206,0.94416,0.94432,1.13,1.13
2013.06.03 16:08:24.645,0.94416,0.94432,1.50,2.63
2013.06.03 16:08:24.977,0.94416,0.94431,1.50,1.50
2013.06.03 16:08:25.637,0.94416,0.94431,1.50,1.50
2013.06.03 16:08:26.006,0.94415,0.94432,1.50,1.53
2013.06.03 16:08:26.366,0.94414,0.9443,1.50,1.58
2013.06.03 16:08:26.667,0.94415,0.94432,1.50,1.23
2013.06.03 16:08:27.165,0.94417,0.94432,3.00,1.83
2013.06.03 16:08:27.456,0.94417,0.94432,2.25,1.83
2013.06.03 16:08:27.885,0.94418,0.94432,1.50,1.13
2013.06.03 16:08:28.497,0.94416,0.94432,2.63,1.83
2013.06.03 16:08:32.466,0.94416,0.94432,1.88,1.50
2013.06.03 16:08:32.765,0.94416,0.94432,2.63,1.80
2013.06.03 16:08:37.275,0.94416,0.94432,2.63,2.34
2013.06.03 16:08:37.814,0.94418,0.94432,1.50,2.34
2013.06.03 16:08:38.154,0.94417,0.94432,3.00,3.09
2013.06.03 16:08:38.786,0.94417,0.94432,2.25,2.10
2013.06.03 16:08:39.277,0.94417,0.94432,3.00,2.10
2013.06.03 16:08:39.465,0.94417,0.94432,2.25,1.65
2013.06.03 16:08:40.027,0.94418,0.94432,1.50,1.65
2013.06.03 16:08:40.544,0.94418,0.94432,1.50,2.20
2013.06.03 16:08:43.505,0.94418,0.94425,1.50,1.50
2013.06.03 16:08:43.808,0.94395,0.94403,2.25,1.50
2013.06.03 16:08:43.877,0.94388,0.94403,3.00,2.70
2013.06.03 16:08:44.008,0.94381,0.94397,1.50,1.50
2013.06.03 16:08:44.258,0.94379,0.94397,1.50,1.80
2013.06.03 16:08:44.496,0.94376,0.94394,1.50,1.50
2013.06.03 16:08:45.436,0.94377,0.94397,1.88,1.50
2013.06.03 16:08:48.276,0.94379,0.94397,1.50,2.20
2013.06.03 16:08:48.337,0.94379,0.94395,1.50,1.20
2013.06.03 16:08:48.525,0.94373,0.94394,1.88,1.58
2013.06.03 16:08:49.066,0.94373,0.94394,1.88,1.58
2013.06.03 16:08:49.568,0.94374,0.94381,1.50,1.50
2013.06.03 16:08:49.756,0.94363,0.94379,3.27,4.88
2013.06.03 16:08:49.814,0.94364,0.9438,2.52,1.50
2013.06.03 16:08:49.875,0.94365,0.9438,3.00,1.50
2013.06.03 16:08:50.117,0.94369,0.94386,3.00,1.50
2013.06.03 16:08:50.236,0.94375,0.9439,1.50,1.13
2013.06.03 16:08:50.299,0.94375,0.94393,1.50,3.45
2013.06.03 16:08:50.486,0.94373,0.9439,2.25,1.13
2013.06.03 16:08:50.666,0.94366,0.94378,1.50,12.00
2013.06.03 16:08:51.086,0.94362,0.94379,1.50,12.00
2013.06.03 16:08:51.625,0.94361,0.94379,2.25,12.00
2013.06.03 16:08:52.166,0.94361,0.94379,1.50,12.00
2013.06.03 16:08:53.198,0.94361,0.94379,1.50,12.00
2013.06.03 16:08:54.189,0.94363,0.94378,1.50,12.00
2013.06.03 16:08:54.748,0.94362,0.94378,1.50,12.00
2013.06.03 16:08:55.946,0.94363,0.94379,1.50,12.08
2013.06.03 16:08:56.196,0.94369,0.94387,2.44,1.50
2013.06.03 16:08:56.266,0.94369,0.94387,2.44,1.50
2013.06.03 16:08:56.387,0.94369,0.94386,1.50,1.13
2013.06.03 16:08:56.456,0.94368,0.94386,3.00,1.13
2013.06.03 16:08:56.526,0.94368,0.94384,3.00,1.13
2013.06.03 16:08:57.065,0.94366,0.94383,1.50,1.50
2013.06.03 16:08:57.305,0.94366,0.94385,2.25,1.13
2013.06.03 16:08:57.485,0.94368,0.94384,1.50,1.13
2013.06.03 16:08:58.515,0.94368,0.94379,1.50,1.50
2013.06.03 16:08:58.635,0.94362,0.94378,3.00,1.88
2013.06.03 16:08:59.155,0.94361,0.94378,1.50,9.98
2013.06.03 16:08:59.457,0.94361,0.94378,1.50,2.55
2013.06.03 16:09:00.167,0.94363,0.94379,2.20,8.25
2013.06.03 16:09:00.347,0.94367,0.94386,1.50,2.10
2013.06.03 16:09:00.595,0.94372,0.94389,1.50,3.08
2013.06.03 16:09:00.896,0.94376,0.94395,1.13,1.13
2013.06.03 16:09:01.436,0.94377,0.94398,1.50,3.08
2013.06.03 16:09:02.489,0.94377,0.9439,2.25,4.25
2013.06.03 16:09:02.797,0.94374,0.94386,1.50,1.13
2013.06.03 16:09:02.917,0.94369,0.94386,2.25,1.13
2013.06.03 16:09:02.978,0.94369,0.94386,1.50,1.13
2013.06.03 16:09:03.525,0.94367,0.94386,3.75,1.13
2013.06.03 16:09:04.064,0.94367,0.94385,2.25,2.70
2013.06.03 16:09:04.185,0.94367,0.94385,1.50,2.70
2013.06.03 16:09:04.696,0.94366,0.94383,2.25,1.13
2013.06.03 16:09:06.106,0.94366,0.9438,2.25,1.13
2013.06.03 16:09:06.287,0.94362,0.9438,1.50,1.20
2013.06.03 16:09:06.655,0.94364,0.9438,1.50,1.20
2013.06.03 16:09:07.188,0.94366,0.94382,3.75,1.13
2013.06.03 16:09:07.734,0.94366,0.94382,2.25,1.13
2013.06.03 16:09:08.316,0.94367,0.94382,1.50,1.13
2013.06.03 16:09:08.855,0.94367,0.94383,3.00,2.33
2013.06.03 16:09:09.961,0.94368,0.94383,1.13,2.33
2013.06.03 16:09:10.311,0.94352,0.94368,1.88,1.13
2013.06.03 16:09:10.378,0.94352,0.94366,2.63,1.95
2013.06.03 16:09:10.506,0.94357,0.94373,1.50,1.50
2013.06.03 16:09:11.045,0.94355,0.94373,1.50,1.50
2013.06.03 16:09:11.705,0.94356,0.94377,1.50,1.13
2013.06.03 16:09:12.516,0.94356,0.94372,1.50,1.50
2013.06.03 16:09:12.695,0.94353,0.9437,1.50,1.50
2013.06.03 16:09:13.244,0.94352,0.9437,1.50,1.58
2013.06.03 16:09:13.515,0.94354,0.94373,1.50,7.20
2013.06.03 16:09:13.646,0.94357,0.94376,1.50,2.70
2013.06.03 16:09:13.705,0.94358,0.94376,2.25,1.95
2013.06.03 16:09:15.384,0.94361,0.94376,1.50,1.13
2013.06.03 16:09:15.505,0.94361,0.94376,1.50,1.13
2013.06.03 16:09:16.046,0.9436,0.94378,1.50,1.13
2013.06.03 16:09:16.646,0.94359,0.94378,2.25,1.13
2013.06.03 16:09:16.896,0.94362,0.94379,1.50,2.25
2013.06.03 16:09:16.956,0.94362,0.94379,1.50,2.25
2013.06.03 16:09:17.556,0.94363,0.94379,1.50,2.25
2013.06.03 16:09:17.855,0.94362,0.94378,2.25,1.13
2013.06.03 16:09:18.036,0.94362,0.94378,2.25,1.88
2013.06.03 16:09:18.155,0.94362,0.94379,3.00,1.50
2013.06.03 16:09:18.516,0.94362,0.9438,1.50,1.58
2013.06.03 16:09:19.685,0.94362,0.94381,1.50,3.08
2013.06.03 16:09:20.865,0.94364,0.94381,1.50,1.20
2013.06.03 16:09:20.987,0.94363,0.94382,1.50,3.45
2013.06.03 16:09:21.046,0.94363,0.9438,3.00,1.95
2013.06.03 16:09:22.298,0.94366,0.94385,1.13,1.13
2013.06.03 16:09:22.830,0.94365,0.94386,1.13,4.88
2013.06.03 16:09:23.149,0.94365,0.9438,1.13,1.50
2013.06.03 16:09:23.455,0.94364,0.94377,1.50,1.13
2013.06.03 16:09:23.515,0.94365,0.9438,1.13,1.95
2013.06.03 16:09:24.445,0.94366,0.9438,1.50,1.95
2013.06.03 16:09:25.164,0.94366,0.9438,1.50,1.95
2013.06.03 16:09:26.196,0.94369,0.94386,1.50,3.75
2013.06.03 16:09:26.447,0.94369,0.9439,4.95,1.13
2013.06.03 16:09:26.994,0.9437,0.9439,1.50,1.13
2013.06.03 16:09:27.695,0.9437,0.94389,1.50,1.13
2013.06.03 16:09:27.756,0.9437,0.94388,1.50,1.58
2013.06.03 16:09:28.295,0.94366,0.94385,1.50,3.08
2013.06.03 16:09:33.435,0.94366,0.94385,2.63,1.95
2013.06.03 16:09:33.555,0.94367,0.94385,1.13,1.95
2013.06.03 16:09:34.658,0.94368,0.94385,1.50,1.95
2013.06.03 16:09:35.218,0.94368,0.94385,1.50,1.95
2013.06.03 16:09:36.025,0.94368,0.94385,1.50,1.95
2013.06.03 16:09:36.385,0.94374,0.94393,1.50,1.50
2013.06.03 16:09:36.625,0.94374,0.94394,1.50,1.13
2013.06.03 16:09:36.684,0.94374,0.94394,1.50,1.88
2013.06.03 16:09:36.745,0.94374,0.94394,1.50,3.83
2013.06.03 16:09:36.925,0.94374,0.94391,1.50,1.13
2013.06.03 16:09:37.105,0.94374,0.94394,1.50,2.70
2013.06.03 16:09:37.527,0.94373,0.94391,1.50,1.50
2013.06.03 16:09:37.867,0.9437,0.94388,1.50,2.70
2013.06.03 16:09:38.185,0.94374,0.94389,1.50,1.50
2013.06.03 16:09:38.254,0.94374,0.94395,1.50,2.70
2013.06.03 16:09:38.756,0.94374,0.94392,1.50,1.28
2013.06.03 16:09:39.269,0.94377,0.94393,1.50,1.50
2013.06.03 16:09:39.515,0.94374,0.94393,1.50,1.50
2013.06.03 16:09:39.821,0.94371,0.94386,1.50,2.33
2013.06.03 16:09:40.685,0.94371,0.94391,1.50,2.70
2013.06.03 16:09:41.376,0.94372,0.94391,1.50,2.70
2013.06.03 16:09:47.475,0.94373,0.94391,1.50,1.95
2013.06.03 16:09:47.776,0.94374,0.94395,2.25,2.33
2013.06.03 16:09:48.314,0.94374,0.94394,2.25,1.50
2013.06.03 16:09:50.206,0.94385,0.94395,1.10,1.58
2013.06.03 16:09:50.446,0.94391,0.9441,1.13,1.95
2013.06.03 16:09:50.565,0.94393,0.9441,1.50,1.95
2013.06.03 16:09:50.871,0.94409,0.94418,1.13,1.50
2013.06.03 16:09:50.942,0.94414,0.94424,1.50,1.50
2013.06.03 16:09:51.136,0.94412,0.94424,1.50,1.50
2013.06.03 16:09:51.198,0.94422,0.94435,2.25,1.58
2013.06.03 16:09:51.268,0.94418,0.94434,1.43,2.25
2013.06.03 16:09:51.642,0.94409,0.94428,1.50,1.50
2013.06.03 16:09:52.228,0.94408,0.94428,1.50,1.50
2013.06.03 16:09:52.791,0.94409,0.94429,1.50,3.00
2013.06.03 16:09:54.297,0.94409,0.94429,1.50,1.88
2013.06.03 16:09:54.956,0.94408,0.94429,1.50,1.88
2013.06.03 16:09:56.095,0.94409,0.94429,1.50,1.13
2013.06.03 16:09:57.121,0.9441,0.94429,2.44,1.13
2013.06.03 16:09:57.687,0.9441,0.9443,2.44,1.13
2013.06.03 16:09:58.235,0.9441,0.9443,2.44,1.13
2013.06.03 16:09:58.737,0.9441,0.94431,2.44,1.50
2013.06.03 16:09:59.335,0.9441,0.9443,2.44,1.13
2013.06.03 16:09:59.665,0.9441,0.94432,1.69,2.25
2013.06.03 16:10:00.446,0.94412,0.94432,1.69,1.50
2013.06.03 16:10:00.986,0.94414,0.94433,1.69,2.95
2013.06.03 16:10:01.288,0.9442,0.94436,1.50,1.50
2013.06.03 16:10:01.596,0.94422,0.94442,1.50,2.63
2013.06.03 16:10:02.121,0.94422,0.9444,1.50,2.25
2013.06.03 16:10:02.666,0.94419,0.9444,2.44,1.50
2013.06.03 16:10:03.203,0.94419,0.94439,1.50,1.50
2013.06.03 16:10:03.326,0.9442,0.9444,1.50,1.50
2013.06.03 16:10:03.815,0.94418,0.9444,2.25,1.50
2013.06.03 16:10:04.364,0.94419,0.94438,1.50,1.50
2013.06.03 16:10:04.665,0.9442,0.94437,1.50,1.58
2013.06.03 16:10:05.025,0.94419,0.94437,1.50,1.50
2013.06.03 16:10:05.540,0.94419,0.94438,1.50,1.50
2013.06.03 16:10:05.885,0.94419,0.94438,1.50,1.50
2013.06.03 16:10:06.094,0.94417,0.94437,2.25,1.50
2013.06.03 16:10:06.169,0.94417,0.94437,1.50,2.63
2013.06.03 16:10:06.656,0.94414,0.94434,1.50,2.25
2013.06.03 16:10:07.015,0.94418,0.94435,1.50,1.95
2013.06.03 16:10:10.998,0.94419,0.94439,1.50,1.50
2013.06.03 16:10:11.125,0.94419,0.9444,2.25,1.88
2013.06.03 16:10:12.684,0.94421,0.9444,1.50,1.13
2013.06.03 16:10:13.186,0.94421,0.9444,1.50,1.13
2013.06.03 16:10:13.246,0.94421,0.9444,1.50,1.13
2013.06.03 16:10:17.400,0.94423,0.9444,1.50,1.13
2013.06.03 16:10:17.659,0.94424,0.94441,2.25,1.95
2013.06.03 16:10:17.726,0.94426,0.94442,1.50,1.13
2013.06.03 16:10:18.086,0.94437,0.94456,1.50,1.88
2013.06.03 16:10:18.667,0.94436,0.94456,1.50,1.88
2013.06.03 16:10:19.078,0.94436,0.94456,1.50,1.88
2013.06.03 16:10:19.266,0.94434,0.94454,1.69,2.25
2013.06.03 16:10:19.805,0.94433,0.94455,1.69,3.68
2013.06.03 16:10:20.345,0.94433,0.94455,2.44,2.70
2013.06.03 16:10:20.885,0.94433,0.94455,3.19,1.88
2013.06.03 16:10:22.100,0.94433,0.94455,3.19,1.13
2013.06.03 16:10:22.656,0.94434,0.94455,2.44,1.13
2013.06.03 16:10:23.666,0.94439,0.94458,1.50,1.50
2013.06.03 16:10:24.215,0.94442,0.9446,2.25,1.13
2013.06.03 16:10:24.396,0.94442,0.94461,2.25,1.50
2013.06.03 16:10:24.586,0.94442,0.94465,2.25,2.70
2013.06.03 16:10:24.944,0.94442,0.94455,2.25,2.87
2013.06.03 16:10:25.185,0.94429,0.94441,1.50,1.50
2013.06.03 16:10:25.306,0.94425,0.94443,3.45,1.13
2013.06.03 16:10:25.366,0.9443,0.94444,1.50,1.13
2013.06.03 16:10:25.847,0.9443,0.94448,1.50,2.25
2013.06.03 16:10:25.982,0.94427,0.94438,3.75,1.13
2013.06.03 16:10:26.287,0.94416,0.94433,2.07,3.10
2013.06.03 16:10:26.416,0.94416,0.94433,2.07,2.65
2013.06.03 16:10:26.539,0.94423,0.94436,1.50,1.50
2013.06.03 16:10:26.726,0.94426,0.94449,1.69,3.00
2013.06.03 16:10:27.029,0.94426,0.94445,2.82,1.50
2013.06.03 16:10:27.548,0.94426,0.94447,2.82,1.50
2013.06.03 16:10:29.305,0.94429,0.94447,1.50,1.50
2013.06.03 16:10:29.667,0.94427,0.94449,2.25,3.00
2013.06.03 16:10:29.987,0.94424,0.94433,1.50,4.20
2013.06.03 16:10:30.176,0.94412,0.94427,1.50,1.20
2013.06.03 16:10:30.237,0.94411,0.94427,1.50,1.20
2013.06.03 16:10:30.308,0.94411,0.94427,2.25,1.13
2013.06.03 16:10:30.376,0.94417,0.9443,1.50,2.70
2013.06.03 16:10:30.496,0.94417,0.94432,1.50,1.50
2013.06.03 16:10:30.875,0.94413,0.94433,2.44,1.13
2013.06.03 16:10:31.117,0.94417,0.94436,1.50,1.13
2013.06.03 16:10:31.666,0.94418,0.94437,1.50,1.13
2013.06.03 16:10:32.206,0.94416,0.94426,1.50,1.50
2013.06.03 16:10:32.326,0.94412,0.94422,1.13,1.50
2013.06.03 16:10:32.446,0.94411,0.9442,1.50,1.50
2013.06.03 16:10:32.687,0.94403,0.9442,2.25,2.33
2013.06.03 16:10:32.876,0.94403,0.94419,2.25,2.25
2013.06.03 16:10:33.427,0.94403,0.94418,1.50,1.50
2013.06.03 16:10:34.044,0.94402,0.94419,1.50,1.50
2013.06.03 16:10:34.462,0.94402,0.94421,1.50,2.25
2013.06.03 16:10:34.885,0.94401,0.94421,1.50,1.50
2013.06.03 16:10:35.005,0.94401,0.94423,1.50,3.38
2013.06.03 16:10:35.425,0.94402,0.94423,1.50,1.83
2013.06.03 16:10:35.605,0.94405,0.94424,1.50,1.88
2013.06.03 16:10:35.846,0.94408,0.94425,1.50,2.25
2013.06.03 16:10:36.146,0.94411,0.94434,1.50,2.25
2013.06.03 16:10:36.445,0.94411,0.94432,2.25,1.13
2013.06.03 16:10:36.565,0.94411,0.94431,1.50,1.50
2013.06.03 16:10:36.866,0.9441,0.9443,2.25,2.70
2013.06.03 16:10:37.225,0.94409,0.9443,2.25,2.70
2013.06.03 16:10:37.585,0.94409,0.9443,2.25,3.45
2013.06.03 16:10:37.719,0.94409,0.9443,2.25,2.70
2013.06.03 16:10:38.108,0.94409,0.9443,2.25,3.45
2013.06.03 16:10:38.617,0.94409,0.94428,2.25,1.50
2013.06.03 16:10:39.165,0.9441,0.94428,2.25,1.50
2013.06.03 16:10:39.525,0.94407,0.94426,2.25,2.25
2013.06.03 16:10:39.645,0.94407,0.94426,2.25,1.50
2013.06.03 16:10:39.951,0.94408,0.9443,2.25,3.45
2013.06.03 16:10:41.195,0.94408,0.9443,1.50,4.20
2013.06.03 16:10:41.704,0.94409,0.9443,1.50,4.20
2013.06.03 16:10:42.246,0.94409,0.9443,1.50,3.45
2013.06.03 16:10:42.375,0.94409,0.9443,1.50,3.45
2013.06.03 16:10:43.905,0.9441,0.9443,2.25,2.70
2013.06.03 16:10:46.467,0.9441,0.9443,1.50,2.70
2013.06.03 16:10:46.595,0.94412,0.9443,1.50,2.70
2013.06.03 16:10:47.137,0.9441,0.9443,1.50,2.70
2013.06.03 16:10:48.066,0.9441,0.9443,1.50,2.70
2013.06.03 16:10:48.307,0.94408,0.94426,1.50,1.13
2013.06.03 16:10:50.516,0.9441,0.94429,1.50,1.20
2013.06.03 16:10:51.462,0.94407,0.94418,2.25,1.20
2013.06.03 16:10:51.529,0.94405,0.94419,1.50,8.25
2013.06.03 16:10:51.596,0.94405,0.94422,1.50,1.43
2013.06.03 16:10:51.656,0.94406,0.94423,1.50,2.33
2013.06.03 16:10:52.195,0.94406,0.94424,1.50,1.95
2013.06.03 16:10:52.736,0.94406,0.94424,1.50,1.13
2013.06.03 16:10:53.037,0.94406,0.94419,1.50,1.50
2013.06.03 16:10:53.585,0.94406,0.94419,1.50,1.50
2013.06.03 16:10:54.995,0.94406,0.94424,1.50,1.20
2013.06.03 16:10:55.625,0.9441,0.94426,1.20,4.73
2013.06.03 16:10:55.685,0.9441,0.94426,1.95,3.38
2013.06.03 16:10:55.746,0.94414,0.94426,1.13,1.50
2013.06.03 16:10:55.805,0.94413,0.94431,2.25,1.50
2013.06.03 16:10:55.925,0.94413,0.94431,2.25,2.25
2013.06.03 16:10:56.481,0.94414,0.9443,1.13,2.25
2013.06.03 16:10:57.056,0.94414,0.94429,1.13,1.50
2013.06.03 16:10:57.657,0.94413,0.94429,2.25,2.25
2013.06.03 16:10:57.966,0.94412,0.94429,2.25,1.50
2013.06.03 16:10:59.327,0.94412,0.94429,2.25,1.50
2013.06.03 16:10:59.398,0.94412,0.94429,1.50,1.50
2013.06.03 16:10:59.526,0.94412,0.9443,2.25,2.25
2013.06.03 16:11:00.756,0.94412,0.94429,2.25,1.50
2013.06.03 16:11:01.495,0.94413,0.94429,2.25,1.50
2013.06.03 16:11:02.250,0.94413,0.94429,1.50,1.50
2013.06.03 16:11:02.838,0.94413,0.9443,1.50,1.50
2013.06.03 16:11:03.386,0.94413,0.9443,2.25,2.25
2013.06.03 16:11:06.475,0.94414,0.9443,2.25,1.50
2013.06.03 16:11:07.437,0.94414,0.94431,2.25,2.25
2013.06.03 16:11:08.191,0.94414,0.94431,2.25,2.25
2013.06.03 16:11:10.885,0.94414,0.94431,1.50,2.25
2013.06.03 16:11:13.946,0.94414,0.94432,1.50,2.55
2013.06.03 16:11:14.993,0.94414,0.94432,1.50,1.50
2013.06.03 16:11:15.765,0.94414,0.94432,1.50,2.25
2013.06.03 16:11:18.356,0.94414,0.94432,1.50,1.50
2013.06.03 16:11:18.478,0.94415,0.94434,1.50,1.13
2013.06.03 16:11:18.547,0.94417,0.94434,1.58,1.13
2013.06.03 16:11:18.677,0.94419,0.94435,2.25,1.50
2013.06.03 16:11:18.865,0.94422,0.94442,1.50,1.13
2013.06.03 16:11:18.986,0.94422,0.94443,1.50,4.28
2013.06.03 16:11:19.227,0.94425,0.94446,1.50,1.50
2013.06.03 16:11:19.766,0.94425,0.94447,1.50,3.38
2013.06.03 16:11:20.056,0.94425,0.94447,1.50,1.88
2013.06.03 16:11:21.015,0.94425,0.94444,1.50,1.88
2013.06.03 16:11:21.196,0.94425,0.94444,1.50,1.88
2013.06.03 16:11:22.424,0.94426,0.94446,1.50,7.13
2013.06.03 16:11:22.665,0.94427,0.94446,1.50,5.63
2013.06.03 16:11:23.183,0.94427,0.94448,1.50,2.33
2013.06.03 16:11:23.305,0.94425,0.94437,3.00,1.13
2013.06.03 16:11:23.545,0.94423,0.94437,1.50,1.05
2013.06.03 16:11:23.606,0.9442,0.94437,1.50,4.05
2013.06.03 16:11:24.126,0.94419,0.94437,1.88,4.05
2013.06.03 16:11:24.665,0.94422,0.94439,1.50,1.13
2013.06.03 16:11:24.727,0.94424,0.94442,1.50,1.50
2013.06.03 16:11:24.845,0.94424,0.94443,1.50,2.63
2013.06.03 16:11:25.408,0.94424,0.94442,1.50,1.13
2013.06.03 16:11:25.655,0.94416,0.94428,3.00,9.08
2013.06.03 16:11:25.715,0.94411,0.94429,3.00,8.33
2013.06.03 16:11:26.845,0.94411,0.94429,2.25,8.93
2013.06.03 16:11:26.906,0.94412,0.94429,1.58,8.93
2013.06.03 16:11:27.145,0.94424,0.94437,1.50,2.25
2013.06.03 16:11:27.385,0.94424,0.94442,1.50,2.63
2013.06.03 16:11:27.985,0.94424,0.94443,2.25,1.50
2013.06.03 16:11:28.165,0.94424,0.94437,1.50,2.33
2013.06.03 16:11:28.525,0.94421,0.94437,1.50,2.70
2013.06.03 16:11:29.085,0.94417,0.94435,1.50,3.90
2013.06.03 16:11:29.645,0.94416,0.94435,1.88,3.90
2013.06.03 16:11:30.166,0.94416,0.94432,1.50,2.58
2013.06.03 16:11:31.944,0.94414,0.94432,1.50,3.00
2013.06.03 16:11:32.467,0.94416,0.94432,1.50,2.63
2013.06.03 16:11:33.437,0.94416,0.94432,1.50,2.63
2013.06.03 16:11:34.356,0.9442,0.94432,1.13,2.63
2013.06.03 16:11:34.416,0.94419,0.94432,1.50,1.88
2013.06.03 16:11:36.308,0.9442,0.94435,1.13,2.33
2013.06.03 16:11:36.450,0.94427,0.94442,1.50,1.50
2013.06.03 16:11:36.518,0.94428,0.94445,1.50,2.25
2013.06.03 16:11:36.585,0.94428,0.94446,1.50,1.13
2013.06.03 16:11:36.646,0.94428,0.94446,1.50,1.13
2013.06.03 16:11:36.889,0.94432,0.94454,1.88,1.13
2013.06.03 16:11:37.516,0.94432,0.94453,1.13,1.50
2013.06.03 16:11:37.877,0.94428,0.94445,1.13,5.33
2013.06.03 16:11:38.929,0.94428,0.94442,1.13,1.13
2013.06.03 16:11:39.476,0.94429,0.94442,1.50,1.13
2013.06.03 16:11:39.657,0.94428,0.94445,1.88,1.95
2013.06.03 16:11:39.776,0.94428,0.94445,1.88,1.95
2013.06.03 16:11:41.627,0.94437,0.94446,2.25,1.50
2013.06.03 16:11:41.807,0.94439,0.94453,1.50,1.50
2013.06.03 16:11:41.867,0.9444,0.94458,1.50,1.50
2013.06.03 16:11:41.926,0.94439,0.94458,1.50,1.50
2013.06.03 16:11:42.045,0.94438,0.94457,2.25,1.50
2013.06.03 16:11:42.586,0.94437,0.94456,1.50,2.25
2013.06.03 16:11:43.186,0.94437,0.94456,1.50,2.25
2013.06.03 16:11:43.687,0.94437,0.94456,2.25,1.50
2013.06.03 16:11:45.215,0.94438,0.94455,1.50,1.50
2013.06.03 16:11:45.335,0.94437,0.94454,1.50,2.25
2013.06.03 16:11:45.636,0.94435,0.94451,1.50,2.25
2013.06.03 16:11:45.998,0.94434,0.94452,1.50,6.45
2013.06.03 16:11:46.626,0.94435,0.94453,1.50,1.50
2013.06.03 16:11:46.758,0.94435,0.94454,1.50,1.88
2013.06.03 16:11:48.655,0.94442,0.94455,1.50,4.50
2013.06.03 16:11:48.836,0.94444,0.94459,1.88,1.50
2013.06.03 16:11:48.896,0.94444,0.94463,1.88,2.85
2013.06.03 16:11:49.135,0.94444,0.94461,1.13,2.25
2013.06.03 16:11:49.194,0.94444,0.9446,1.13,1.13
2013.06.03 16:11:51.046,0.94442,0.9446,1.50,1.88
2013.06.03 16:11:51.775,0.94442,0.9446,1.50,1.88
2013.06.03 16:11:52.406,0.94442,0.9446,1.50,2.63
2013.06.03 16:11:52.677,0.94443,0.9446,1.50,2.63
2013.06.03 16:11:53.095,0.94442,0.94458,1.88,2.63
2013.06.03 16:11:53.678,0.94442,0.94458,1.88,2.63
2013.06.03 16:11:55.930,0.94441,0.94458,1.88,2.63
2013.06.03 16:11:58.066,0.94448,0.9446,4.20,1.50
2013.06.03 16:11:58.125,0.94447,0.9446,1.13,1.50
2013.06.03 16:11:58.185,0.94449,0.94463,1.50,1.13
2013.06.03 16:11:58.245,0.94449,0.94464,1.50,1.50
2013.06.03 16:11:58.426,0.94451,0.94469,1.50,1.13
2013.06.03 16:11:58.486,0.94451,0.94469,2.25,1.13
2013.06.03 16:11:58.845,0.94455,0.9447,1.50,1.50
2013.06.03 16:11:58.905,0.94455,0.94475,1.50,2.25
2013.06.03 16:11:58.965,0.94455,0.94475,1.50,2.25
2013.06.03 16:11:59.326,0.94459,0.94477,1.50,1.50
2013.06.03 16:11:59.685,0.94459,0.94478,1.50,1.13
2013.06.03 16:12:00.650,0.94459,0.94481,1.50,2.40
2013.06.03 16:12:00.725,0.94461,0.94482,2.25,1.88
2013.06.03 16:12:00.798,0.94463,0.94482,1.50,1.88
2013.06.03 16:12:00.993,0.94466,0.94482,1.13,2.25
2013.06.03 16:12:01.245,0.94468,0.94485,1.50,1.58
2013.06.03 16:12:01.484,0.94468,0.94485,1.50,1.58
2013.06.03 16:12:02.036,0.94468,0.94486,1.50,1.52
2013.06.03 16:12:02.766,0.94468,0.94486,1.50,1.52
2013.06.03 16:12:03.711,0.94467,0.94486,3.00,1.52
2013.06.03 16:12:04.325,0.94467,0.94485,2.25,1.58
2013.06.03 16:12:05.642,0.94468,0.94485,2.25,2.33
2013.06.03 16:12:05.970,0.94469,0.94485,1.50,1.58
2013.06.03 16:12:06.215,0.94469,0.94485,1.50,1.58
2013.06.03 16:12:08.155,0.9447,0.94486,1.50,1.52
2013.06.03 16:12:08.696,0.94471,0.94487,1.50,1.90
2013.06.03 16:12:10.956,0.9447,0.94487,3.00,1.90
2013.06.03 16:12:11.438,0.94471,0.94488,1.50,1.95
2013.06.03 16:12:11.506,0.94475,0.94488,1.50,2.20
2013.06.03 16:12:11.865,0.94482,0.94491,6.00,1.50
2013.06.03 16:12:11.927,0.94489,0.94494,2.25,1.50
2013.06.03 16:12:12.000,0.94489,0.94506,2.25,1.88
2013.06.03 16:12:12.068,0.94489,0.94506,2.25,1.13
2013.06.03 16:12:12.136,0.94489,0.94507,2.25,1.13
2013.06.03 16:12:13.886,0.94489,0.94507,1.50,1.95
2013.06.03 16:12:14.067,0.94488,0.94505,1.13,1.65
2013.06.03 16:12:14.428,0.94497,0.94501,1.50,1.50
2013.06.03 16:12:14.497,0.94497,0.94507,1.50,1.50
2013.06.03 16:12:14.617,0.94495,0.94513,3.94,1.50
2013.06.03 16:12:14.677,0.94496,0.94514,1.50,2.25
2013.06.03 16:12:14.856,0.94496,0.94515,1.50,1.13
2013.06.03 16:12:15.696,0.94497,0.94517,1.50,1.13
2013.06.03 16:12:16.863,0.94497,0.94516,1.50,1.13
2013.06.03 16:12:17.365,0.94497,0.94515,1.50,1.50
2013.06.03 16:12:19.565,0.94498,0.94515,1.69,1.50
2013.06.03 16:12:19.685,0.945,0.9452,2.25,3.00
2013.06.03 16:12:19.746,0.945,0.9452,3.00,3.00
2013.06.03 16:12:19.925,0.94503,0.94523,1.50,3.83
2013.06.03 16:12:20.105,0.94503,0.94526,2.25,2.48
2013.06.03 16:12:21.466,0.94506,0.94526,2.44,2.48
2013.06.03 16:12:23.346,0.94506,0.94525,1.69,1.58
2013.06.03 16:12:25.586,0.94504,0.94521,1.50,1.80
2013.06.03 16:12:30.646,0.94502,0.9452,2.44,1.50
2013.06.03 16:12:31.985,0.945,0.94518,3.19,1.50
2013.06.03 16:12:32.046,0.94501,0.94518,1.69,1.58
2013.06.03 16:12:32.165,0.945,0.94518,2.44,4.95
2013.06.03 16:12:32.287,0.945,0.94517,2.44,2.45
2013.06.03 16:12:32.487,0.94498,0.94517,1.50,3.40
2013.06.03 16:12:33.219,0.94498,0.94517,1.50,4.90
2013.06.03 16:12:33.774,0.94496,0.94517,2.63,5.65
2013.06.03 16:12:34.566,0.94496,0.94517,1.88,5.65
2013.06.03 16:12:35.116,0.94498,0.94515,1.50,1.15
2013.06.03 16:12:35.405,0.94498,0.94515,1.50,1.30
2013.06.03 16:12:35.705,0.94491,0.94506,1.69,1.90
2013.06.03 16:12:36.007,0.94486,0.94503,2.44,1.70
2013.06.03 16:12:36.544,0.94486,0.94503,1.69,1.65
2013.06.03 16:12:37.715,0.94486,0.94503,2.44,2.40
2013.06.03 16:12:39.015,0.94485,0.94505,1.69,3.90
2013.06.03 16:12:39.645,0.94485,0.94504,1.50,1.65
2013.06.03 16:12:41.195,0.94485,0.94502,1.50,1.50
2013.06.03 16:12:41.557,0.94483,0.94502,1.50,2.45
2013.06.03 16:12:42.171,0.94483,0.94502,2.25,2.25
2013.06.03 16:12:42.477,0.94487,0.94503,1.50,2.25
2013.06.03 16:12:44.236,0.94487,0.94502,1.50,1.50
2013.06.03 16:12:46.216,0.94488,0.94505,2.25,3.45
2013.06.03 16:12:46.396,0.94488,0.94508,3.00,3.38
2013.06.03 16:12:46.656,0.94493,0.94509,1.50,1.50
2013.06.03 16:12:47.016,0.94497,0.94513,2.25,1.50
2013.06.03 16:12:47.075,0.94497,0.94515,2.25,1.13
2013.06.03 16:12:47.195,0.94497,0.94516,2.25,1.13
2013.06.03 16:12:47.375,0.94497,0.94519,3.00,2.25
2013.06.03 16:12:47.615,0.94498,0.94518,1.50,1.50
2013.06.03 16:12:48.116,0.945,0.94519,1.88,1.50
2013.06.03 16:12:49.065,0.94501,0.9452,1.50,1.50
2013.06.03 16:12:49.579,0.94502,0.94522,1.50,1.45
2013.06.03 16:12:51.846,0.94502,0.94521,2.25,1.50
2013.06.03 16:12:53.695,0.94502,0.94521,2.25,2.20
2013.06.03 16:13:00.067,0.94502,0.94521,2.25,1.58
2013.06.03 16:13:00.427,0.945,0.94515,3.00,1.45
2013.06.03 16:13:00.737,0.94494,0.94512,1.69,2.20
2013.06.03 16:13:01.305,0.94494,0.94512,1.69,2.20
2013.06.03 16:13:07.176,0.94494,0.94512,2.25,2.25
2013.06.03 16:13:07.774,0.94494,0.94513,2.25,3.70
2013.06.03 16:13:09.106,0.94495,0.94513,1.50,2.95
2013.06.03 16:13:09.465,0.94497,0.94514,1.50,1.50
2013.06.03 16:13:09.648,0.94499,0.94518,2.25,2.33
2013.06.03 16:13:09.716,0.94499,0.94518,1.50,1.50
2013.06.03 16:13:10.256,0.94499,0.9452,1.50,2.63
2013.06.03 16:13:10.825,0.94499,0.94518,3.00,1.50
2013.06.03 16:13:11.376,0.94499,0.94518,2.25,3.00
2013.06.03 16:13:11.716,0.94498,0.94514,1.50,1.15
2013.06.03 16:13:11.835,0.94497,0.94513,1.50,1.50
2013.06.03 16:13:11.896,0.94495,0.94513,2.25,1.50
2013.06.03 16:13:12.206,0.94495,0.94512,2.25,1.50
2013.06.03 16:13:12.325,0.94495,0.94514,3.00,1.15
2013.06.03 16:13:13.384,0.94496,0.94516,2.25,3.38
2013.06.03 16:13:13.685,0.94499,0.94515,3.00,1.50
2013.06.03 16:13:14.224,0.94502,0.94517,2.25,1.13
2013.06.03 16:13:14.755,0.94501,0.94521,1.50,3.53
2013.06.03 16:13:15.295,0.94502,0.94521,1.50,1.50
2013.06.03 16:13:15.875,0.94503,0.94522,1.50,1.13
2013.06.03 16:13:15.935,0.94505,0.94523,1.50,1.88
2013.06.03 16:13:16.495,0.94506,0.94525,1.50,2.70
2013.06.03 16:13:18.106,0.94506,0.94525,1.50,2.70
2013.06.03 16:13:18.346,0.94504,0.94522,1.50,2.12
2013.06.03 16:13:18.707,0.94503,0.9452,1.50,1.50
2013.06.03 16:13:19.245,0.94503,0.94521,1.50,3.08
2013.06.03 16:13:20.195,0.94504,0.9452,1.50,1.50
2013.06.03 16:13:23.335,0.94504,0.94521,1.50,2.33
2013.06.03 16:13:23.396,0.94505,0.94522,1.50,1.35
2013.06.03 16:13:23.456,0.94505,0.94524,2.25,2.70
2013.06.03 16:13:23.516,0.94505,0.94524,3.75,1.58
2013.06.03 16:13:23.818,0.94508,0.94525,1.50,3.08
2013.06.03 16:13:26.315,0.94508,0.94525,1.50,3.08
2013.06.03 16:13:28.317,0.94509,0.94525,1.50,2.70
2013.06.03 16:13:28.676,0.94517,0.94527,1.50,3.75
2013.06.03 16:13:28.736,0.94517,0.9453,1.50,3.75
2013.06.03 16:13:28.976,0.94516,0.94539,4.13,3.00
2013.06.03 16:13:30.127,0.94519,0.9454,1.50,4.58
2013.06.03 16:13:30.685,0.94519,0.94539,1.50,1.50
2013.06.03 16:13:32.326,0.94517,0.94538,3.75,3.00
2013.06.03 16:13:32.686,0.94516,0.94531,1.50,1.50
2013.06.03 16:13:33.445,0.94516,0.94531,2.25,2.25
2013.06.03 16:13:33.971,0.94516,0.94532,2.25,2.25
2013.06.03 16:13:35.618,0.94514,0.94532,1.50,4.50
2013.06.03 16:13:35.926,0.94516,0.94531,1.50,1.50
2013.06.03 16:13:36.434,0.94516,0.94531,2.25,3.00
2013.06.03 16:13:36.766,0.94518,0.94532,1.50,1.50
2013.06.03 16:13:36.826,0.94518,0.94534,1.50,1.58
2013.06.03 16:13:39.734,0.94521,0.94535,3.75,2.25
2013.06.03 16:13:39.807,0.94521,0.94537,3.75,2.25
2013.06.03 16:13:39.987,0.94523,0.94537,1.50,1.50
2013.06.03 16:13:40.309,0.94524,0.94537,1.50,1.50
2013.06.03 16:13:40.617,0.94532,0.94544,2.25,1.13
2013.06.03 16:13:40.975,0.94541,0.94548,1.50,1.28
2013.06.03 16:13:41.335,0.94539,0.94548,1.13,1.28
2013.06.03 16:13:41.515,0.94538,0.94552,2.25,1.65
2013.06.03 16:13:41.635,0.94538,0.94553,2.25,3.15
2013.06.03 16:13:41.755,0.94538,0.94553,2.25,1.50
2013.06.03 16:13:42.296,0.94538,0.94555,1.50,1.50
2013.06.03 16:13:42.976,0.94537,0.94553,1.13,1.50
2013.06.03 16:13:43.455,0.94538,0.94556,3.00,1.20
2013.06.03 16:13:44.116,0.94536,0.94556,3.75,1.95
2013.06.03 16:13:44.416,0.94538,0.94556,2.25,2.70
2013.06.03 16:13:44.595,0.94538,0.94556,2.25,3.45
2013.06.03 16:13:44.716,0.94538,0.94557,2.25,2.70
2013.06.03 16:13:44.955,0.94539,0.94557,1.50,2.70
2013.06.03 16:13:45.595,0.94538,0.94557,1.50,1.95
2013.06.03 16:13:46.029,0.9454,0.94557,1.50,1.13
2013.06.03 16:13:46.336,0.94553,0.94558,1.50,1.95
2013.06.03 16:13:46.697,0.94558,0.94579,1.50,2.25
2013.06.03 16:13:46.757,0.94559,0.94579,1.50,1.50
2013.06.03 16:13:47.116,0.94557,0.94567,1.13,1.50
2013.06.03 16:13:47.236,0.94552,0.9457,2.25,2.63
2013.06.03 16:13:47.476,0.94552,0.94566,1.50,1.50
2013.06.03 16:13:47.536,0.94552,0.94565,1.50,1.50
2013.06.03 16:13:47.655,0.94552,0.94565,1.50,1.50
2013.06.03 16:13:47.957,0.94546,0.94565,1.50,1.50
2013.06.03 16:13:48.458,0.94545,0.94565,2.25,1.50
2013.06.03 16:13:49.014,0.94546,0.94564,1.50,1.50
2013.06.03 16:13:49.195,0.94546,0.94564,1.50,1.58
2013.06.03 16:13:49.315,0.94545,0.94557,1.50,1.50
2013.06.03 16:13:49.437,0.94543,0.94556,1.13,2.25
2013.06.03 16:13:49.797,0.94533,0.94548,1.50,1.50
2013.06.03 16:13:49.866,0.94529,0.94549,1.13,2.25
2013.06.03 16:13:50.352,0.94529,0.94549,1.13,2.25
2013.06.03 16:13:50.501,0.94534,0.94552,1.50,2.25
2013.06.03 16:13:51.535,0.94534,0.94552,1.50,3.38
2013.06.03 16:13:53.200,0.94534,0.94552,1.50,3.38
2013.06.03 16:13:53.755,0.94535,0.94552,1.50,1.50
2013.06.03 16:13:54.325,0.94537,0.94553,1.50,1.50
2013.06.03 16:13:55.516,0.94537,0.94554,1.50,3.00
2013.06.03 16:13:56.195,0.94537,0.94554,1.50,1.50
2013.06.03 16:14:00.095,0.94537,0.94554,1.50,1.50
2013.06.03 16:14:00.216,0.94535,0.94554,2.25,2.25
2013.06.03 16:14:00.766,0.94535,0.94554,2.25,1.50
2013.06.03 16:14:01.049,0.94543,0.94555,2.10,1.50
2013.06.03 16:14:01.237,0.94549,0.94564,1.50,1.50
2013.06.03 16:14:01.415,0.94545,0.94564,1.50,1.50
2013.06.03 16:14:01.954,0.94544,0.94564,2.25,2.25
2013.06.03 16:14:02.507,0.9454,0.94563,4.50,1.50
2013.06.03 16:14:03.065,0.94541,0.94563,2.25,1.50
2013.06.03 16:14:03.680,0.94541,0.94564,3.00,2.25
2013.06.03 16:14:04.069,0.94544,0.94557,1.50,1.13
2013.06.03 16:14:04.198,0.94543,0.94556,1.50,2.25
2013.06.03 16:14:04.266,0.9454,0.94555,3.75,1.50
2013.06.03 16:14:04.386,0.94538,0.94556,2.25,2.48
2013.06.03 16:14:04.566,0.94538,0.94551,1.50,1.50
2013.06.03 16:14:04.688,0.94533,0.94547,1.50,1.50
2013.06.03 16:14:05.177,0.9453,0.94547,2.63,3.45
2013.06.03 16:14:06.156,0.9453,0.94547,1.13,1.95
2013.06.03 16:14:06.506,0.94534,0.94546,2.25,1.58
2013.06.03 16:14:06.746,0.94539,0.94553,2.10,1.50
2013.06.03 16:14:06.866,0.94537,0.94553,1.50,1.50
2013.06.03 16:14:07.286,0.94526,0.94542,1.50,5.70
2013.06.03 16:14:07.356,0.94535,0.94546,1.50,1.50
2013.06.03 16:14:07.416,0.94526,0.94542,3.19,1.50
2013.06.03 16:14:07.535,0.94527,0.94546,1.50,3.00
2013.06.03 16:14:07.656,0.94528,0.94548,1.50,3.00
2013.06.03 16:14:08.746,0.94528,0.94548,3.00,1.50
2013.06.03 16:14:09.646,0.94528,0.94548,1.50,2.33
2013.06.03 16:14:09.825,0.94527,0.94544,2.25,1.13
2013.06.03 16:14:09.885,0.94527,0.9454,3.00,1.50
2013.06.03 16:14:10.185,0.94545,0.94563,1.50,1.13
2013.06.03 16:14:10.305,0.94545,0.94566,1.50,2.25
2013.06.03 16:14:10.484,0.94546,0.94566,1.50,2.25
2013.06.03 16:14:10.544,0.94546,0.94566,2.25,1.50
2013.06.03 16:14:12.205,0.94547,0.94566,1.50,1.88
2013.06.03 16:14:12.508,0.94542,0.94556,8.25,1.50
2013.06.03 16:14:12.636,0.94538,0.94556,1.50,1.50
2013.06.03 16:14:13.177,0.94537,0.94555,1.50,1.50
2013.06.03 16:14:13.246,0.94534,0.94555,1.50,1.50
2013.06.03 16:14:13.306,0.94533,0.94553,2.25,1.50
2013.06.03 16:14:13.848,0.94531,0.94547,1.13,1.50
2013.06.03 16:14:14.404,0.94529,0.94548,2.25,2.25
2013.06.03 16:14:14.706,0.94529,0.94548,1.50,1.50
2013.06.03 16:14:15.203,0.94529,0.94548,1.50,2.25
2013.06.03 16:14:15.387,0.94524,0.9454,1.50,1.90
2013.06.03 16:14:15.448,0.94522,0.9454,2.63,1.90
2013.06.03 16:14:16.306,0.94521,0.94541,2.25,3.40
2013.06.03 16:14:18.966,0.94521,0.94538,2.44,1.50
2013.06.03 16:14:19.086,0.94521,0.94542,1.69,1.88
2013.06.03 16:14:19.147,0.94524,0.94542,1.50,1.50
2013.06.03 16:14:19.277,0.94526,0.94545,1.88,1.88
2013.06.03 16:14:19.837,0.94526,0.94546,2.63,3.00
2013.06.03 16:14:20.440,0.94526,0.94546,2.63,1.50
2013.06.03 16:14:20.616,0.94526,0.9454,2.63,1.50
2013.06.03 16:14:20.985,0.94528,0.94547,1.50,1.50
2013.06.03 16:14:21.985,0.94529,0.9455,1.50,2.63
2013.06.03 16:14:22.106,0.94529,0.9455,2.25,1.50
2013.06.03 16:14:22.225,0.9453,0.9455,4.50,1.50
2013.06.03 16:14:22.585,0.94535,0.94551,1.50,2.25
2013.06.03 16:14:23.376,0.94534,0.9455,2.25,2.25
2013.06.03 16:14:23.677,0.94543,0.94552,1.88,2.25
2013.06.03 16:14:23.975,0.94543,0.94556,4.88,2.25
2013.06.03 16:14:24.105,0.94543,0.94555,4.88,2.25
2013.06.03 16:14:24.645,0.94543,0.94556,4.20,2.25
2013.06.03 16:14:24.706,0.94543,0.94556,4.58,1.50
2013.06.03 16:14:24.885,0.94544,0.94555,2.25,2.25
2013.06.03 16:14:25.064,0.94543,0.94564,4.58,2.25
2013.06.03 16:14:25.616,0.94544,0.94565,1.50,1.50
2013.06.03 16:14:26.025,0.94543,0.94565,3.75,1.50
2013.06.03 16:14:26.995,0.94543,0.94565,5.25,1.50
2013.06.03 16:14:27.525,0.94543,0.94565,3.00,1.50
2013.06.03 16:14:27.945,0.94544,0.94565,2.25,1.50
2013.06.03 16:14:28.385,0.94545,0.94565,1.50,1.50
2013.06.03 16:14:28.566,0.94545,0.94565,2.25,1.50
2013.06.03 16:14:30.173,0.94545,0.94565,3.00,1.50
2013.06.03 16:14:32.295,0.94547,0.94565,1.50,2.25
2013.06.03 16:14:33.516,0.94545,0.94565,2.25,2.25
2013.06.03 16:14:34.037,0.9455,0.94567,2.33,1.13
2013.06.03 16:14:34.106,0.9455,0.94569,3.45,1.50
2013.06.03 16:14:34.166,0.94552,0.9457,1.45,2.70
2013.06.03 16:14:34.285,0.94554,0.94573,2.25,1.13
2013.06.03 16:14:34.956,0.94555,0.94573,1.50,2.25
2013.06.03 16:14:35.795,0.94551,0.94572,1.50,1.50
2013.06.03 16:14:36.342,0.94552,0.94572,1.50,1.50
2013.06.03 16:14:38.915,0.94552,0.94574,2.25,4.50
2013.06.03 16:14:38.976,0.94552,0.94574,2.25,4.58
2013.06.03 16:14:39.277,0.94551,0.94571,1.50,1.58
2013.06.03 16:14:39.586,0.94551,0.9457,2.25,1.58
2013.06.03 16:14:40.105,0.94551,0.9457,2.25,1.58
2013.06.03 16:14:41.155,0.9455,0.9457,2.25,1.58
2013.06.03 16:14:42.526,0.94552,0.94571,1.50,1.58
2013.06.03 16:14:44.985,0.94552,0.94571,1.50,1.58
2013.06.03 16:14:45.526,0.94552,0.94571,1.50,3.23
2013.06.03 16:14:46.566,0.94552,0.94569,1.50,1.73
2013.06.03 16:14:47.336,0.94552,0.94569,1.50,1.73
2013.06.03 16:14:48.956,0.94552,0.94569,1.50,1.65
2013.06.03 16:14:51.020,0.94552,0.94569,1.50,1.65
2013.06.03 16:14:51.085,0.94552,0.94569,1.50,2.20
2013.06.03 16:14:52.396,0.94549,0.94566,4.13,1.13
2013.06.03 16:14:52.988,0.94549,0.94566,1.50,1.13
2013.06.03 16:14:53.287,0.94547,0.94566,1.50,1.13
2013.06.03 16:14:53.406,0.94545,0.94566,3.00,2.63
2013.06.03 16:14:53.765,0.94545,0.94565,3.00,1.50
2013.06.03 16:14:54.314,0.94545,0.94565,1.50,1.50
2013.06.03 16:14:56.276,0.94545,0.94565,1.50,1.50
2013.06.03 16:14:57.606,0.94545,0.94564,2.25,2.25
2013.06.03 16:14:58.986,0.94545,0.94564,2.25,2.25
2013.06.03 16:14:59.265,0.94543,0.94563,4.20,1.69
2013.06.03 16:14:59.797,0.94543,0.94561,3.45,1.09
2013.06.03 16:15:01.036,0.94543,0.9456,1.95,1.50
2013.06.03 16:15:01.456,0.94541,0.94557,1.50,1.28
2013.06.03 16:15:01.638,0.94537,0.94553,3.75,1.09
2013.06.03 16:15:01.766,0.94537,0.94551,1.50,3.00
2013.06.03 16:15:02.245,0.94529,0.9455,1.50,1.50
2013.06.03 16:15:02.986,0.94529,0.94551,2.25,4.50
2013.06.03 16:15:03.107,0.94532,0.94551,1.50,1.50
2013.06.03 16:15:03.466,0.94534,0.94553,2.40,2.25
2013.06.03 16:15:03.868,0.94535,0.94553,1.50,3.00
2013.06.03 16:15:04.295,0.94534,0.94551,1.50,1.50
2013.06.03 16:15:04.537,0.94529,0.94549,3.00,1.50
2013.06.03 16:15:04.596,0.94529,0.94549,1.50,1.50
2013.06.03 16:15:04.656,0.94529,0.94549,1.50,1.50
2013.06.03 16:15:05.107,0.94529,0.94551,3.75,1.50
2013.06.03 16:15:05.166,0.9453,0.94551,2.25,1.50
2013.06.03 16:15:05.471,0.94534,0.94552,1.50,1.50
2013.06.03 16:15:05.776,0.94543,0.94552,1.50,1.50
2013.06.03 16:15:05.897,0.94545,0.94558,1.50,2.25
2013.06.03 16:15:06.017,0.94546,0.9456,2.25,1.50
2013.06.03 16:15:06.075,0.94546,0.94566,3.75,1.50
2013.06.03 16:15:06.196,0.94548,0.94566,1.50,1.50
2013.06.03 16:15:06.437,0.94545,0.94564,3.00,1.50
2013.06.03 16:15:06.995,0.94546,0.94564,1.50,1.50
2013.06.03 16:15:07.235,0.94545,0.94564,1.50,2.25
2013.06.03 16:15:07.416,0.94545,0.94563,1.50,3.00
2013.06.03 16:15:07.836,0.94545,0.9456,1.50,2.25
2013.06.03 16:15:08.136,0.94538,0.94552,3.19,1.50
2013.06.03 16:15:08.496,0.94538,0.94552,1.69,1.50
2013.06.03 16:15:11.625,0.94538,0.94553,1.50,2.25
2013.06.03 16:15:11.746,0.94538,0.94555,2.25,1.50
2013.06.03 16:15:11.986,0.94538,0.94556,2.25,2.25
2013.06.03 16:15:12.507,0.94538,0.94556,2.25,2.25
2013.06.03 16:15:12.636,0.94536,0.94556,1.50,3.75
2013.06.03 16:15:13.148,0.94536,0.94555,1.50,1.50
2013.06.03 16:15:14.415,0.94536,0.94555,1.50,2.25
2013.06.03 16:15:15.857,0.94534,0.94553,3.00,1.50
2013.06.03 16:15:15.977,0.94534,0.94554,1.50,2.25
2013.06.03 16:15:16.996,0.94533,0.94552,1.13,1.50
2013.06.03 16:15:17.601,0.94533,0.94553,1.13,1.88
2013.06.03 16:15:17.666,0.94533,0.94552,1.13,1.45
2013.06.03 16:15:17.905,0.94531,0.9455,1.13,2.27
2013.06.03 16:15:17.965,0.94529,0.94549,3.00,1.07
2013.06.03 16:15:18.515,0.94529,0.94549,3.00,1.07
2013.06.03 16:15:18.755,0.94529,0.94546,3.00,1.09
2013.06.03 16:15:19.115,0.94533,0.9455,1.50,1.50
2013.06.03 16:15:19.656,0.9453,0.94549,2.63,2.28
2013.06.03 16:15:20.238,0.94529,0.94549,2.25,4.15
2013.06.03 16:15:20.785,0.94533,0.94549,1.13,2.25
2013.06.03 16:15:21.146,0.94533,0.94548,1.50,1.50
2013.06.03 16:15:21.662,0.94532,0.94552,1.50,1.50
2013.06.03 16:15:25.583,0.94532,0.94553,1.50,2.25
2013.06.03 16:15:26.016,0.94533,0.94553,1.50,3.00
2013.06.03 16:15:26.381,0.94532,0.9455,2.25,1.50
2013.06.03 16:15:26.505,0.94532,0.9455,1.50,1.50
2013.06.03 16:15:27.045,0.9453,0.94551,2.25,4.20
2013.06.03 16:15:28.225,0.9453,0.94551,2.25,4.20
2013.06.03 16:15:29.785,0.9453,0.94549,2.25,1.50
2013.06.03 16:15:29.845,0.9453,0.94548,1.50,1.50
2013.06.03 16:15:29.966,0.94528,0.94547,1.50,1.50
2013.06.03 16:15:30.866,0.94526,0.94547,4.13,3.08
2013.06.03 16:15:31.426,0.94526,0.94545,1.50,1.20
2013.06.03 16:15:31.546,0.94524,0.9454,1.50,1.50
2013.06.03 16:15:32.085,0.94524,0.9454,3.00,1.50
2013.06.03 16:15:32.428,0.94524,0.94545,3.00,1.20
2013.06.03 16:15:32.977,0.94526,0.94545,1.50,1.20
2013.06.03 16:15:33.347,0.94524,0.94545,3.00,1.20
2013.06.03 16:15:33.537,0.94526,0.94545,2.25,1.13
2013.06.03 16:15:33.898,0.94529,0.94548,2.25,1.58
2013.06.03 16:15:33.969,0.9453,0.94548,1.50,1.50
2013.06.03 16:15:34.516,0.94531,0.9455,2.63,1.13
2013.06.03 16:15:35.055,0.94531,0.9455,2.63,1.13
2013.06.03 16:15:35.437,0.94531,0.9455,2.63,1.13
2013.06.03 16:15:35.741,0.94532,0.94551,1.50,1.50
2013.06.03 16:15:35.954,0.94532,0.94552,1.50,1.50
2013.06.03 16:15:36.537,0.94532,0.94554,1.50,4.13
2013.06.03 16:15:37.143,0.94532,0.94554,1.50,4.13
2013.06.03 16:15:37.647,0.94533,0.94554,1.50,3.38
2013.06.03 16:15:39.291,0.94533,0.94554,1.50,3.38
2013.06.03 16:15:40.515,0.94533,0.94552,2.25,1.50
2013.06.03 16:15:41.435,0.94533,0.94551,1.50,1.50
2013.06.03 16:15:41.617,0.94531,0.9455,1.50,2.20
2013.06.03 16:15:41.687,0.94529,0.94549,1.88,1.45
2013.06.03 16:15:41.746,0.94529,0.94549,2.63,2.20
2013.06.03 16:15:42.105,0.94529,0.94547,2.25,2.25
2013.06.03 16:15:44.025,0.94531,0.94547,1.50,3.00
2013.06.03 16:15:44.726,0.94531,0.94547,1.50,2.25
2013.06.03 16:15:46.375,0.94529,0.94546,2.25,1.13
2013.06.03 16:15:50.885,0.9453,0.94546,1.50,1.13
2013.06.03 16:15:51.005,0.9453,0.94546,1.50,1.88
2013.06.03 16:15:52.337,0.9453,0.94545,1.50,1.50
2013.06.03 16:15:53.425,0.9453,0.94546,1.50,2.63
2013.06.03 16:15:53.786,0.94526,0.94545,1.50,1.35
2013.06.03 16:15:53.906,0.94524,0.94544,1.95,1.50
2013.06.03 16:15:54.146,0.94523,0.94542,2.25,1.50
2013.06.03 16:15:54.676,0.94523,0.94542,1.50,1.50
2013.06.03 16:15:55.229,0.94523,0.94542,1.50,1.50
2013.06.03 16:15:56.107,0.94522,0.94539,3.75,1.50
2013.06.03 16:15:56.167,0.94521,0.94539,1.50,1.50
2013.06.03 16:15:56.236,0.94521,0.94537,4.50,1.50
2013.06.03 16:15:56.296,0.94521,0.94538,4.50,1.50
2013.06.03 16:15:56.775,0.9452,0.94537,3.75,1.50
2013.06.03 16:15:57.316,0.94521,0.94538,1.50,1.50
2013.06.03 16:15:57.865,0.94521,0.94539,1.50,1.50
2013.06.03 16:15:59.181,0.94521,0.9454,4.50,1.50
2013.06.03 16:15:59.716,0.94521,0.94539,4.50,1.13
2013.06.03 16:16:00.845,0.94521,0.94539,5.25,1.88
2013.06.03 16:16:00.965,0.9452,0.94538,4.50,1.50
2013.06.03 16:16:01.976,0.94521,0.94538,5.25,1.88
2013.06.03 16:16:02.335,0.94521,0.94539,6.75,1.50
2013.06.03 16:16:03.856,0.94521,0.94539,6.00,1.50
2013.06.03 16:16:05.885,0.94523,0.94539,1.50,2.20
2013.06.03 16:16:06.245,0.94521,0.94536,4.50,1.50
2013.06.03 16:16:07.773,0.94521,0.94536,4.50,1.50
2013.06.03 16:16:17.234,0.94521,0.94536,4.50,1.50
2013.06.03 16:16:17.865,0.94521,0.94535,3.75,1.13
2013.06.03 16:16:18.685,0.94521,0.94536,3.75,1.50
2013.06.03 16:16:19.238,0.94521,0.94536,4.50,1.50
2013.06.03 16:16:20.216,0.94521,0.94536,4.50,1.50
2013.06.03 16:16:21.557,0.94521,0.94536,5.25,2.25
2013.06.03 16:16:22.797,0.94521,0.94535,3.75,2.25
2013.06.03 16:16:22.856,0.94521,0.94534,3.75,1.13
2013.06.03 16:16:22.916,0.94521,0.94534,3.75,1.13
2013.06.03 16:16:23.427,0.9452,0.94534,3.75,1.13
2013.06.03 16:16:24.067,0.9452,0.94535,3.75,1.50
2013.06.03 16:16:24.306,0.94517,0.94535,1.13,2.25
2013.06.03 16:16:24.485,0.94515,0.94535,1.13,3.10
2013.06.03 16:16:24.726,0.94515,0.94534,3.38,1.13
2013.06.03 16:16:24.966,0.94513,0.94532,1.13,1.50
2013.06.03 16:16:26.045,0.94513,0.94533,1.88,4.50
2013.06.03 16:16:27.525,0.94513,0.94533,1.88,4.50
2013.06.03 16:16:28.057,0.94513,0.94532,1.88,1.50
2013.06.03 16:16:29.105,0.94513,0.9453,1.88,1.45
2013.06.03 16:16:29.729,0.94513,0.9453,1.88,1.65
2013.06.03 16:16:29.975,0.94511,0.94526,1.13,2.78
2013.06.03 16:16:30.395,0.94509,0.94525,2.25,1.13
2013.06.03 16:16:30.787,0.94508,0.94521,1.88,1.50
2013.06.03 16:16:31.627,0.94508,0.94521,1.88,1.60
2013.06.03 16:16:31.938,0.94504,0.94518,1.50,1.50
2013.06.03 16:16:33.655,0.94504,0.94518,1.50,1.50
2013.06.03 16:16:34.787,0.94504,0.94518,2.25,1.65
2013.06.03 16:16:34.907,0.94503,0.94518,2.25,2.40
2013.06.03 16:16:35.086,0.94501,0.94518,1.13,2.40
2013.06.03 16:16:36.175,0.94501,0.94518,1.88,1.50
2013.06.03 16:16:36.235,0.94503,0.94518,1.50,1.50
2013.06.03 16:16:36.747,0.94502,0.94518,3.00,2.25
2013.06.03 16:16:37.855,0.94501,0.94518,1.88,3.00
2013.06.03 16:16:38.658,0.94502,0.94518,2.25,2.25
2013.06.03 16:16:40.555,0.94501,0.94518,1.88,1.50
2013.06.03 16:16:40.802,0.94501,0.94518,1.88,1.50
2013.06.03 16:16:40.939,0.94501,0.94518,1.13,2.25
2013.06.03 16:16:42.446,0.94501,0.94518,1.88,2.25
2013.06.03 16:16:44.106,0.94501,0.94518,4.13,2.25
2013.06.03 16:16:44.645,0.94503,0.94518,1.50,2.25
2013.06.03 16:16:49.416,0.94503,0.94518,1.50,1.50
2013.06.03 16:16:53.556,0.94504,0.94518,1.50,1.50
2013.06.03 16:16:54.166,0.94504,0.94518,1.50,1.50
2013.06.03 16:16:54.405,0.94509,0.94518,2.25,1.50
2013.06.03 16:16:54.757,0.9451,0.94526,2.25,2.25
2013.06.03 16:16:54.829,0.94513,0.94526,1.50,1.50
2013.06.03 16:16:55.517,0.94515,0.94526,1.13,1.50
2013.06.03 16:16:55.637,0.94515,0.94528,2.63,1.50
2013.06.03 16:16:56.207,0.94516,0.94528,1.88,1.50
2013.06.03 16:16:56.507,0.94518,0.94536,1.13,2.25
2013.06.03 16:16:56.627,0.9452,0.94536,1.50,2.25
2013.06.03 16:16:57.240,0.94521,0.94536,1.50,1.50
2013.06.03 16:16:57.897,0.94521,0.94534,1.50,1.50
2013.06.03 16:16:59.505,0.94521,0.94536,1.50,1.50
2013.06.03 16:17:01.795,0.94521,0.94536,2.25,1.50
2013.06.03 16:17:02.405,0.94521,0.94536,2.25,1.50
2013.06.03 16:17:02.916,0.94521,0.94537,2.25,1.50
2013.06.03 16:17:03.986,0.94521,0.94536,2.25,1.50
2013.06.03 16:17:04.287,0.94519,0.94534,1.50,1.58
2013.06.03 16:17:04.346,0.94518,0.94534,2.63,1.50
2013.06.03 16:17:04.526,0.94516,0.94534,1.50,2.25
2013.06.03 16:17:05.064,0.94516,0.94534,2.25,2.25
2013.06.03 16:17:06.216,0.94516,0.94533,2.25,1.45
2013.06.03 16:17:06.857,0.94516,0.94531,1.13,2.20
2013.06.03 16:17:07.485,0.94516,0.94531,1.13,2.20
2013.06.03 16:17:09.037,0.94516,0.94533,2.33,2.25
2013.06.03 16:17:09.348,0.94517,0.94534,1.50,2.25
2013.06.03 16:17:11.337,0.94516,0.94537,1.88,2.63
2013.06.03 16:17:11.876,0.9452,0.94535,1.14,1.50
2013.06.03 16:17:12.056,0.9452,0.94538,1.10,2.25
2013.06.03 16:17:12.115,0.94519,0.94538,1.50,3.00
2013.06.03 16:17:12.236,0.94517,0.94536,2.25,1.50
2013.06.03 16:17:13.557,0.94517,0.94535,2.25,1.50
2013.06.03 16:17:14.956,0.94517,0.94535,1.50,1.50
2013.06.03 16:17:24.177,0.94518,0.94536,3.38,2.25
2013.06.03 16:17:24.236,0.94519,0.94536,1.88,2.25
2013.06.03 16:17:24.297,0.94523,0.94536,1.50,1.50
2013.06.03 16:17:24.476,0.94527,0.94542,1.50,1.13
2013.06.03 16:17:24.536,0.94527,0.94541,2.25,1.50
2013.06.03 16:17:24.898,0.94532,0.94544,1.50,1.50
2013.06.03 16:17:24.966,0.94532,0.94553,1.50,1.50
2013.06.03 16:17:25.506,0.94532,0.94554,2.25,1.50
2013.06.03 16:17:26.080,0.94532,0.94554,2.25,1.50
2013.06.03 16:17:28.514,0.94532,0.94553,1.50,1.50
2013.06.03 16:17:28.846,0.94532,0.94551,1.50,1.50
2013.06.03 16:17:28.966,0.94526,0.94546,1.50,2.25
2013.06.03 16:17:29.506,0.94526,0.94546,1.13,1.50
2013.06.03 16:17:29.717,0.94526,0.94545,1.13,1.58
2013.06.03 16:17:29.778,0.94524,0.94545,2.63,1.73
2013.06.03 16:17:29.849,0.94524,0.94542,1.13,2.33
2013.06.03 16:17:29.978,0.94523,0.94541,1.50,3.00
2013.06.03 16:17:30.046,0.94521,0.94539,1.88,2.25
2013.06.03 16:17:30.406,0.94517,0.94535,1.88,1.50
2013.06.03 16:17:30.466,0.94517,0.94535,1.13,1.50
2013.06.03 16:17:31.748,0.94516,0.94535,4.88,1.50
2013.06.03 16:17:35.157,0.94516,0.94536,1.13,1.50
2013.06.03 16:17:37.206,0.94516,0.94536,1.13,1.50
2013.06.03 16:17:37.265,0.94516,0.94536,1.13,2.25
2013.06.03 16:17:37.898,0.94516,0.94536,1.13,2.25
2013.06.03 16:17:37.967,0.94517,0.94537,1.50,3.00
2013.06.03 16:17:38.029,0.94517,0.94534,1.50,1.53
2013.06.03 16:17:38.169,0.94512,0.94531,4.20,1.20
2013.06.03 16:17:38.237,0.94512,0.94526,1.95,1.50
2013.06.03 16:17:38.298,0.94509,0.94526,1.69,1.50
2013.06.03 16:17:38.548,0.94506,0.94526,3.00,1.50
2013.06.03 16:17:39.273,0.94507,0.94526,1.50,1.50
2013.06.03 16:17:39.343,0.94507,0.9453,1.50,3.00
2013.06.03 16:17:44.036,0.94508,0.94529,1.50,1.50
2013.06.03 16:17:49.356,0.94506,0.94529,1.50,3.00
2013.06.03 16:17:49.858,0.94506,0.94527,1.50,2.25
2013.06.03 16:17:54.051,0.94505,0.94522,1.13,2.20
2013.06.03 16:17:54.308,0.94503,0.94521,2.63,1.45
2013.06.03 16:17:55.259,0.94504,0.94521,2.25,2.20
2013.06.03 16:17:55.386,0.94507,0.94524,2.25,1.50
2013.06.03 16:17:55.447,0.94507,0.94526,2.25,1.50
2013.06.03 16:17:56.010,0.94508,0.94527,1.50,1.50
2013.06.03 16:17:56.527,0.94508,0.94528,1.50,2.25
2013.06.03 16:17:56.649,0.94509,0.94528,1.50,1.50
2013.06.03 16:17:56.776,0.94509,0.94528,1.50,2.25
2013.06.03 16:17:58.266,0.94509,0.94528,2.25,3.00
2013.06.03 16:17:58.626,0.94509,0.94528,2.25,2.25
2013.06.03 16:18:01.716,0.94508,0.94528,2.25,2.25
2013.06.03 16:18:02.266,0.94512,0.94531,1.50,1.50
2013.06.03 16:18:02.825,0.94512,0.94531,2.25,1.50
2013.06.03 16:18:02.946,0.94511,0.94531,1.13,1.50
2013.06.03 16:18:03.256,0.94511,0.94531,1.88,1.50
2013.06.03 16:18:03.581,0.94511,0.94531,1.88,1.50
2013.06.03 16:18:04.260,0.94511,0.94531,1.13,1.50
2013.06.03 16:18:04.326,0.94511,0.94531,1.13,1.50
2013.06.03 16:18:04.466,0.94511,0.94531,2.63,1.50
2013.06.03 16:18:04.905,0.94512,0.9453,1.50,1.50
2013.06.03 16:18:08.885,0.94511,0.94531,1.13,1.50
2013.06.03 16:18:08.946,0.94511,0.94534,1.88,2.25
2013.06.03 16:18:09.797,0.94513,0.94535,1.50,6.08
2013.06.03 16:18:11.257,0.94513,0.94533,1.50,1.50
2013.06.03 16:18:11.836,0.94513,0.94533,1.50,1.50
2013.06.03 16:18:12.376,0.94513,0.94532,2.25,1.50
2013.06.03 16:18:13.176,0.94513,0.94533,1.50,1.50
2013.06.03 16:18:13.547,0.94513,0.94532,1.50,1.50
2013.06.03 16:18:14.086,0.94512,0.94532,2.25,1.50
2013.06.03 16:18:14.626,0.94512,0.94532,2.25,1.50
2013.06.03 16:18:15.756,0.94512,0.94532,3.00,1.50
2013.06.03 16:18:16.295,0.94513,0.94532,1.50,1.50
2013.06.03 16:18:16.838,0.94513,0.94532,1.50,1.50
2013.06.03 16:18:17.148,0.94513,0.94531,1.50,3.70
2013.06.03 16:18:17.516,0.94515,0.94535,2.63,1.50
2013.06.03 16:18:18.896,0.94516,0.94536,1.50,1.13
2013.06.03 16:18:19.255,0.94518,0.94535,1.50,1.05
2013.06.03 16:18:19.436,0.94515,0.94531,1.50,1.80
2013.06.03 16:18:19.556,0.94515,0.94531,1.13,1.50
2013.06.03 16:18:20.097,0.94516,0.94531,1.50,1.50
2013.06.03 16:18:20.376,0.94515,0.94536,2.63,1.50
2013.06.03 16:18:20.697,0.94515,0.94536,2.63,2.25
2013.06.03 16:18:20.867,0.94515,0.94536,2.63,1.50
2013.06.03 16:18:21.286,0.94517,0.94535,1.50,1.45
2013.06.03 16:18:21.407,0.94517,0.94536,1.50,1.50
2013.06.03 16:18:21.849,0.9452,0.94539,1.50,1.50
2013.06.03 16:18:23.291,0.94517,0.94539,4.13,1.50
2013.06.03 16:18:23.598,0.94517,0.94539,4.13,1.50
2013.06.03 16:18:23.905,0.94517,0.94541,4.88,1.50
2013.06.03 16:18:24.478,0.94519,0.94541,1.50,1.50
2013.06.03 16:18:27.118,0.94519,0.94541,1.50,1.50
2013.06.03 16:18:27.666,0.94525,0.94542,1.50,2.25
2013.06.03 16:18:31.448,0.94523,0.94541,1.50,1.50
2013.06.03 16:18:32.517,0.94523,0.9454,1.50,3.00
2013.06.03 16:18:34.286,0.94519,0.9454,1.50,2.25
2013.06.03 16:18:35.576,0.9452,0.94539,2.25,1.50
2013.06.03 16:18:41.148,0.9452,0.94538,2.25,1.50
2013.06.03 16:18:41.506,0.94522,0.94538,1.50,3.00
2013.06.03 16:18:42.147,0.94522,0.94538,1.50,2.25
2013.06.03 16:18:42.665,0.94522,0.94538,1.50,2.25
2013.06.03 16:18:42.847,0.94522,0.94539,1.50,1.50
2013.06.03 16:18:43.386,0.94522,0.9454,1.50,1.50
2013.06.03 16:18:43.946,0.94525,0.9454,1.50,2.25
2013.06.03 16:18:44.485,0.94522,0.94541,2.63,1.50
2013.06.03 16:18:46.416,0.94522,0.9454,2.25,1.50
2013.06.03 16:18:46.595,0.94522,0.94542,2.25,3.00
2013.06.03 16:18:56.928,0.94522,0.94541,1.50,1.50
2013.06.03 16:18:57.056,0.94523,0.94541,1.50,3.00
2013.06.03 16:18:57.795,0.94524,0.94541,1.50,2.25
2013.06.03 16:18:58.806,0.94524,0.9454,2.25,3.00
2013.06.03 16:18:59.697,0.94529,0.94545,1.13,1.50
2013.06.03 16:19:02.945,0.94531,0.94552,1.13,1.50
2013.06.03 16:19:03.245,0.94531,0.94552,1.13,2.25
2013.06.03 16:19:03.365,0.94531,0.94552,1.13,2.25
2013.06.03 16:19:04.885,0.94532,0.94553,1.50,4.13
2013.06.03 16:19:05.421,0.94532,0.94552,1.50,1.50
2013.06.03 16:19:05.965,0.94531,0.94553,1.13,4.13
2013.06.03 16:19:06.685,0.94531,0.94553,1.13,3.38
2013.06.03 16:19:11.169,0.94531,0.94546,2.07,1.50
2013.06.03 16:19:11.236,0.94531,0.94546,2.07,1.50
2013.06.03 16:19:11.296,0.94531,0.94546,1.32,1.50
2013.06.03 16:19:11.716,0.94527,0.94546,2.25,1.50
2013.06.03 16:19:12.835,0.94528,0.94546,1.50,1.50
2013.06.03 16:19:13.745,0.94528,0.94543,1.50,1.50
2013.06.03 16:19:15.578,0.94528,0.94543,1.50,1.50
2013.06.03 16:19:17.055,0.94528,0.94543,1.50,1.50
2013.06.03 16:19:17.115,0.94527,0.94543,2.25,1.50
2013.06.03 16:19:17.678,0.94526,0.94543,1.50,1.50
2013.06.03 16:19:18.536,0.94526,0.94544,1.13,1.50
2013.06.03 16:19:20.145,0.94526,0.94543,1.13,1.50
2013.06.03 16:19:23.647,0.94523,0.94539,1.50,1.50
2013.06.03 16:19:23.708,0.94522,0.94538,3.38,1.13
2013.06.03 16:19:23.778,0.9452,0.94532,5.25,2.20
2013.06.03 16:19:24.207,0.94513,0.94531,1.13,3.70
2013.06.03 16:19:24.267,0.94513,0.94531,1.13,4.45
2013.06.03 16:19:24.387,0.94506,0.94529,1.50,1.50
2013.06.03 16:19:24.626,0.94505,0.94528,1.50,4.50
2013.06.03 16:19:24.747,0.94504,0.94526,1.50,1.95
2013.06.03 16:19:25.048,0.94502,0.94522,1.50,1.50
2013.06.03 16:19:25.360,0.94501,0.94522,1.50,1.88
2013.06.03 16:19:25.491,0.94501,0.94522,1.50,1.88
2013.06.03 16:19:25.990,0.94498,0.94522,2.25,2.63
2013.06.03 16:19:26.457,0.94498,0.9452,3.00,1.88
2013.06.03 16:19:26.758,0.94505,0.94523,1.50,1.50
2013.06.03 16:19:26.888,0.94506,0.94524,2.25,2.25
2013.06.03 16:19:27.196,0.94505,0.94525,1.50,4.20
2013.06.03 16:19:27.757,0.94505,0.94524,1.50,2.25
2013.06.03 16:19:27.997,0.94506,0.94525,2.25,2.70
2013.06.03 16:19:28.057,0.94508,0.94525,1.50,1.50
2013.06.03 16:19:28.623,0.94507,0.94526,2.25,1.13
2013.06.03 16:19:29.238,0.94508,0.94526,1.88,1.13
2013.06.03 16:19:29.776,0.9451,0.94526,1.13,1.13
2013.06.03 16:19:31.186,0.94511,0.94526,1.13,1.13
2013.06.03 16:19:31.798,0.94511,0.94528,1.13,2.25
2013.06.03 16:19:32.335,0.94511,0.94528,1.13,1.13
2013.06.03 16:19:40.366,0.94511,0.94527,1.13,1.50
2013.06.03 16:19:44.016,0.9451,0.94526,1.50,1.13
2013.06.03 16:19:44.196,0.94507,0.94526,1.88,2.40
2013.06.03 16:19:44.256,0.94507,0.94526,1.88,2.40
2013.06.03 16:19:46.456,0.94507,0.94527,3.38,1.13
2013.06.03 16:19:50.206,0.94509,0.94529,1.50,3.00
2013.06.03 16:19:50.787,0.94508,0.94528,1.50,3.00
2013.06.03 16:19:51.276,0.94508,0.94528,1.50,3.00
2013.06.03 16:20:00.906,0.94508,0.94528,1.50,1.50
2013.06.03 16:20:01.897,0.94511,0.94528,1.50,3.38
2013.06.03 16:20:02.077,0.94507,0.94527,1.13,1.50
2013.06.03 16:20:02.136,0.94505,0.94527,3.75,2.25
2013.06.03 16:20:02.376,0.94505,0.94526,1.50,1.50
2013.06.03 16:20:03.321,0.94505,0.94526,1.50,2.25
2013.06.03 16:20:05.845,0.94505,0.94524,1.50,1.50
2013.06.03 16:20:06.696,0.94502,0.94522,3.00,2.20
2013.06.03 16:20:06.757,0.94502,0.94521,1.50,1.13
2013.06.03 16:20:06.828,0.945,0.94518,2.25,2.63
2013.06.03 16:20:06.947,0.94501,0.94518,1.88,2.63
2013.06.03 16:20:07.306,0.94504,0.94518,1.13,1.50
2013.06.03 16:20:07.427,0.94507,0.94523,1.50,1.50
2013.06.03 16:20:07.906,0.94504,0.94525,3.00,1.50
2013.06.03 16:20:08.205,0.94504,0.94526,3.00,3.00
2013.06.03 16:20:09.047,0.94504,0.94524,1.88,2.25
2013.06.03 16:20:09.698,0.94504,0.94524,1.88,1.50
2013.06.03 16:20:10.416,0.94504,0.94524,1.88,1.50
2013.06.03 16:20:14.866,0.94504,0.94523,1.88,1.50
2013.06.03 16:20:16.206,0.94504,0.94525,1.50,2.25
2013.06.03 16:20:18.437,0.94505,0.94526,1.50,3.75
2013.06.03 16:20:19.617,0.94505,0.94524,1.50,2.25
2013.06.03 16:20:19.677,0.94505,0.94523,1.50,2.25
2013.06.03 16:20:19.797,0.94504,0.94522,1.50,1.50
2013.06.03 16:20:20.036,0.94502,0.94519,1.13,3.00
2013.06.03 16:20:20.097,0.945,0.94519,1.50,2.25
2013.06.03 16:20:20.277,0.945,0.94514,1.50,1.13
2013.06.03 16:20:20.398,0.94494,0.94512,3.45,1.50
2013.06.03 16:20:20.767,0.9449,0.94509,1.13,1.50
2013.06.03 16:20:21.307,0.9449,0.9451,2.03,1.50
2013.06.03 16:20:22.159,0.9449,0.9451,3.90,1.13
2013.06.03 16:20:22.231,0.94491,0.9451,1.50,1.13
2013.06.03 16:20:22.659,0.94495,0.94511,1.50,3.00
2013.06.03 16:20:22.847,0.94498,0.94517,4.92,3.75
2013.06.03 16:20:23.086,0.94503,0.94517,2.25,1.50
2013.06.03 16:20:23.147,0.94504,0.94522,1.50,1.13
2013.06.03 16:20:23.887,0.94504,0.94522,1.50,1.13
2013.06.03 16:20:24.557,0.94503,0.9452,1.50,1.88
2013.06.03 16:20:27.097,0.94501,0.94518,2.25,1.50
2013.06.03 16:20:27.218,0.94498,0.94517,1.50,1.13
2013.06.03 16:20:27.277,0.94496,0.94515,1.88,1.50
2013.06.03 16:20:27.337,0.94494,0.94514,2.63,1.13
2013.06.03 16:20:27.458,0.94494,0.94513,1.13,1.50
2013.06.03 16:20:27.767,0.94491,0.94512,2.25,1.50
2013.06.03 16:20:27.948,0.9449,0.94511,1.13,3.75
2013.06.03 16:20:28.077,0.94487,0.94508,1.88,1.50
2013.06.03 16:20:28.616,0.94487,0.94507,1.13,1.50
2013.06.03 16:20:30.407,0.94487,0.94507,1.50,1.88
2013.06.03 16:20:31.897,0.94487,0.94506,1.50,1.50
2013.06.03 16:20:32.505,0.94487,0.94506,1.50,1.50
2013.06.03 16:20:33.566,0.94487,0.94505,1.50,1.50
2013.06.03 16:20:35.395,0.94488,0.94506,1.13,2.25
2013.06.03 16:20:36.119,0.94487,0.94504,1.13,1.50
2013.06.03 16:20:36.248,0.94482,0.94503,2.63,3.00
2013.06.03 16:20:36.309,0.94482,0.94501,1.13,1.13
2013.06.03 16:20:36.377,0.9448,0.945,1.50,2.63
2013.06.03 16:20:36.617,0.94479,0.945,3.19,2.63
2013.06.03 16:20:39.226,0.94483,0.94498,1.50,1.50
2013.06.03 16:20:40.166,0.94483,0.94498,1.50,1.50
2013.06.03 16:20:40.986,0.94483,0.94494,1.50,1.50
2013.06.03 16:20:41.046,0.94482,0.94494,1.50,1.50
2013.06.03 16:20:43.386,0.94482,0.94494,1.50,2.25
2013.06.03 16:20:45.017,0.94478,0.94494,2.25,3.00
2013.06.03 16:20:45.556,0.94478,0.94493,2.25,1.50
2013.06.03 16:20:45.818,0.94478,0.94493,2.25,2.25
2013.06.03 16:20:46.125,0.94459,0.94473,1.35,2.25
2013.06.03 16:20:46.427,0.94436,0.94453,1.50,1.50
2013.06.03 16:20:46.488,0.94435,0.94453,1.13,2.25
2013.06.03 16:20:46.558,0.94435,0.94453,1.88,3.00
2013.06.03 16:20:47.096,0.94435,0.94453,1.97,1.50
2013.06.03 16:20:47.156,0.94436,0.94453,3.02,1.50
2013.06.03 16:20:47.458,0.94454,0.94465,3.00,1.95
2013.06.03 16:20:47.707,0.9446,0.9447,1.50,1.65
2013.06.03 16:20:47.768,0.9446,0.94471,3.45,2.85
2013.06.03 16:20:47.838,0.94464,0.94474,1.50,2.85
2013.06.03 16:20:47.907,0.94464,0.94482,1.50,1.13
2013.06.03 16:20:48.026,0.94463,0.94482,3.75,1.13
2013.06.03 16:20:48.387,0.94462,0.94482,2.25,1.13
2013.06.03 16:20:48.566,0.94461,0.94482,2.25,2.63
2013.06.03 16:20:49.107,0.94463,0.94482,2.25,1.88
2013.06.03 16:20:49.966,0.94463,0.94481,1.50,1.50
2013.06.03 16:20:50.147,0.94462,0.9447,1.50,5.25
2013.06.03 16:20:50.397,0.9446,0.94474,1.58,2.25
2013.06.03 16:20:50.457,0.94464,0.94474,1.50,1.50
2013.06.03 16:20:50.996,0.94464,0.94483,1.50,1.50
2013.06.03 16:20:52.216,0.94465,0.94484,1.50,3.38
2013.06.03 16:20:52.517,0.94457,0.94469,3.00,1.50
2013.06.03 16:20:52.636,0.94461,0.94479,1.50,3.00
2013.06.03 16:20:52.757,0.94461,0.94479,1.50,1.50
2013.06.03 16:20:54.451,0.94462,0.94478,1.50,1.88
2013.06.03 16:20:54.759,0.94451,0.94463,2.25,1.13
2013.06.03 16:20:54.950,0.94447,0.94463,1.50,2.63
2013.06.03 16:20:55.139,0.94444,0.94463,1.88,2.63
2013.06.03 16:20:55.686,0.94443,0.94462,1.50,1.88
2013.06.03 16:20:56.216,0.94445,0.94462,1.50,1.13
2013.06.03 16:20:56.707,0.94444,0.94451,1.50,1.50
2013.06.03 16:20:56.828,0.9444,0.9445,1.50,2.70
2013.06.03 16:20:56.966,0.94436,0.9445,1.50,1.95
2013.06.03 16:20:57.478,0.94436,0.94452,1.50,1.13
2013.06.03 16:20:57.658,0.94435,0.94452,1.50,1.13
2013.06.03 16:20:57.776,0.94435,0.94452,2.25,1.88
2013.06.03 16:20:57.896,0.94435,0.94452,2.25,1.13
2013.06.03 16:20:57.957,0.94435,0.94452,2.25,1.13
2013.06.03 16:20:58.298,0.94435,0.94446,3.00,2.40
2013.06.03 16:20:58.478,0.94423,0.94438,2.63,2.70
2013.06.03 16:20:58.656,0.94418,0.94436,2.50,1.13
2013.06.03 16:20:58.716,0.94418,0.94436,2.50,1.13
2013.06.03 16:20:58.997,0.94418,0.94435,1.50,1.50
2013.06.03 16:20:59.176,0.94413,0.94434,1.13,1.13
2013.06.03 16:20:59.297,0.94411,0.94434,1.88,1.13
2013.06.03 16:20:59.835,0.94411,0.94434,3.00,1.13
2013.06.03 16:21:00.547,0.94411,0.94434,3.38,1.13
2013.06.03 16:21:01.057,0.94411,0.94434,3.57,1.13
2013.06.03 16:21:02.496,0.94412,0.94434,1.69,2.25
2013.06.03 16:21:04.286,0.94413,0.94434,1.32,1.50
2013.06.03 16:21:04.756,0.94413,0.94434,1.32,2.25
2013.06.03 16:21:05.266,0.94413,0.94433,1.32,1.88
2013.06.03 16:21:09.245,0.94413,0.94431,2.07,1.88
2013.06.03 16:21:10.466,0.94414,0.94429,1.32,2.25
2013.06.03 16:21:11.217,0.94413,0.94429,1.32,1.50
2013.06.03 16:21:14.158,0.9441,0.94427,1.69,1.53
2013.06.03 16:21:14.279,0.94409,0.94424,2.63,1.45
2013.06.03 16:21:14.468,0.94405,0.94424,1.13,2.95
2013.06.03 16:21:14.797,0.94401,0.94415,1.50,1.45
2013.06.03 16:21:15.098,0.94387,0.94415,1.50,3.03
2013.06.03 16:21:15.636,0.94393,0.94419,1.50,1.50
2013.06.03 16:21:15.876,0.94395,0.9442,1.50,3.83
2013.06.03 16:21:18.058,0.94395,0.94419,1.50,3.00
2013.06.03 16:21:18.187,0.94395,0.94418,1.50,1.58
2013.06.03 16:21:18.717,0.94395,0.94418,1.50,1.58
2013.06.03 16:21:19.677,0.94395,0.94419,1.50,3.83
2013.06.03 16:21:20.088,0.94395,0.94418,2.25,2.25
2013.06.03 16:21:20.926,0.94397,0.94418,1.58,2.25
2013.06.03 16:21:21.238,0.944,0.94418,1.73,2.25
2013.06.03 16:21:21.848,0.944,0.94416,1.73,1.50
2013.06.03 16:21:21.917,0.944,0.94416,1.73,1.50
2013.06.03 16:21:22.226,0.94401,0.94417,1.50,3.00
2013.06.03 16:21:22.735,0.94401,0.94419,1.88,1.50
2013.06.03 16:21:23.036,0.944,0.94417,1.50,1.50
2013.06.03 16:21:23.336,0.94396,0.94416,1.50,1.50
2013.06.03 16:21:24.492,0.94396,0.94416,1.50,1.50
2013.06.03 16:21:24.818,0.94375,0.94394,1.69,1.58
2013.06.03 16:21:24.998,0.94364,0.94381,1.95,1.95
2013.06.03 16:21:25.128,0.94366,0.94381,1.50,2.33
2013.06.03 16:21:25.429,0.94373,0.94385,1.13,1.13
2013.06.03 16:21:25.617,0.94366,0.94383,1.50,2.33
2013.06.03 16:21:25.738,0.94362,0.94383,1.73,3.08
2013.06.03 16:21:26.239,0.94363,0.94383,1.58,2.63
2013.06.03 16:21:26.607,0.94362,0.94381,1.50,1.13
2013.06.03 16:21:26.728,0.94359,0.9438,1.50,1.50
2013.06.03 16:21:26.968,0.94362,0.94381,2.25,1.88
2013.06.03 16:21:27.280,0.94372,0.9438,2.25,1.95
2013.06.03 16:21:27.407,0.94366,0.9438,1.50,1.95
2013.06.03 16:21:28.632,0.94364,0.9438,2.85,2.33
2013.06.03 16:21:28.876,0.94364,0.9438,3.60,2.33
2013.06.03 16:21:29.236,0.94369,0.94385,1.50,2.25
2013.06.03 16:21:29.296,0.94367,0.94386,2.25,3.45
2013.06.03 16:21:29.416,0.94369,0.94388,1.50,1.50
2013.06.03 16:21:29.536,0.9437,0.94387,1.50,1.13
2013.06.03 16:21:29.596,0.94367,0.94386,1.50,1.13
2013.06.03 16:21:30.956,0.94372,0.94388,7.20,4.95
2013.06.03 16:21:31.257,0.94373,0.94382,1.50,1.20
2013.06.03 16:21:31.377,0.94368,0.94382,1.50,1.20
2013.06.03 16:21:31.499,0.94365,0.94382,1.50,1.20
2013.06.03 16:21:33.027,0.94369,0.94381,1.50,1.13
2013.06.03 16:21:33.147,0.94372,0.94386,9.75,1.50
2013.06.03 16:21:33.208,0.9437,0.94386,1.50,1.58
2013.06.03 16:21:33.267,0.9437,0.94382,1.50,1.13
2013.06.03 16:21:33.338,0.94368,0.94382,1.50,1.13
2013.06.03 16:21:33.406,0.94367,0.94382,1.50,1.13
2013.06.03 16:21:34.430,0.94367,0.94384,1.50,2.63
2013.06.03 16:21:34.978,0.94368,0.94385,1.50,2.25
2013.06.03 16:21:35.098,0.94369,0.94388,1.95,3.38
