2013.06.03 06:00:00.434,0.9557,0.95583,1.13,1.13
2013.06.03 06:00:00.555,0.9557,0.95583,1.88,1.13
2013.06.03 06:00:00.806,0.95572,0.95585,1.13,2.44
2013.06.03 06:00:02.693,0.95572,0.95584,1.13,2.25
2013.06.03 06:00:07.569,0.9557,0.95583,2.63,2.25
2013.06.03 06:00:08.405,0.9557,0.95583,1.88,2.25
2013.06.03 06:00:08.954,0.9557,0.95582,1.13,2.44
2013.06.03 06:00:12.194,0.95571,0.95583,1.88,2.25
2013.06.03 06:00:19.072,0.9557,0.95582,1.88,1.69
2013.06.03 06:00:19.495,0.95568,0.95581,3.38,2.25
2013.06.03 06:00:20.033,0.9557,0.95581,1.88,3.00
2013.06.03 06:00:20.494,0.9557,0.95581,1.88,3.19
2013.06.03 06:00:29.262,0.9557,0.9558,1.88,1.50
2013.06.03 06:00:33.170,0.9557,0.95581,1.88,2.44
2013.06.03 06:00:41.573,0.9557,0.95581,1.88,1.69
2013.06.03 06:00:42.384,0.9557,0.95581,1.88,1.69
2013.06.03 06:00:42.813,0.95568,0.95579,2.25,1.50
2013.06.03 06:00:43.332,0.95566,0.95579,3.38,1.50
2013.06.03 06:00:45.473,0.95566,0.95579,1.88,2.44
2013.06.03 06:00:46.602,0.95566,0.95578,1.88,1.50
2013.06.03 06:00:47.954,0.95566,0.95578,2.25,1.69
2013.06.03 06:00:50.424,0.95566,0.95578,2.25,1.69
2013.06.03 06:00:50.733,0.95565,0.95577,1.88,2.44
2013.06.03 06:00:51.283,0.95565,0.95577,2.63,2.44
2013.06.03 06:00:53.994,0.95564,0.95575,1.50,1.50
2013.06.03 06:00:57.143,0.95564,0.95576,1.88,1.69
2013.06.03 06:00:57.682,0.95564,0.95576,1.13,2.44
2013.06.03 06:00:59.123,0.95566,0.95576,1.50,3.19
2013.06.03 06:00:59.463,0.95566,0.95576,2.25,1.50
2013.06.03 06:01:07.103,0.95565,0.95576,1.13,1.13
2013.06.03 06:01:07.642,0.95564,0.95576,1.50,3.38
2013.06.03 06:01:07.824,0.95565,0.95577,1.50,2.25
2013.06.03 06:01:08.232,0.95564,0.95577,1.88,2.25
2013.06.03 06:01:08.312,0.95565,0.95577,1.50,2.25
2013.06.03 06:01:08.904,0.95565,0.95577,2.25,3.00
2013.06.03 06:01:09.462,0.95567,0.95577,1.50,1.50
2013.06.03 06:01:10.113,0.95566,0.9558,2.63,1.69
2013.06.03 06:01:10.543,0.95567,0.9558,1.50,1.69
2013.06.03 06:01:10.602,0.95566,0.9558,2.63,1.69
2013.06.03 06:01:11.022,0.95567,0.9558,1.50,2.44
2013.06.03 06:01:11.842,0.95568,0.9558,1.13,1.69
2013.06.03 06:01:11.903,0.95568,0.9558,1.13,1.69
2013.06.03 06:01:12.143,0.95567,0.95579,2.25,2.44
2013.06.03 06:01:12.683,0.95567,0.95576,1.88,3.15
2013.06.03 06:01:12.743,0.95567,0.95576,1.88,2.40
2013.06.03 06:01:12.922,0.95564,0.95577,1.35,1.65
2013.06.03 06:01:13.294,0.95565,0.95578,1.50,3.75
2013.06.03 06:01:13.905,0.95566,0.95578,1.50,3.00
2013.06.03 06:01:14.673,0.95566,0.95578,3.38,1.50
2013.06.03 06:01:18.943,0.95566,0.95579,3.00,2.25
2013.06.03 06:01:19.247,0.95567,0.95581,2.63,2.25
2013.06.03 06:01:23.753,0.95568,0.9558,2.25,2.25
2013.06.03 06:01:24.872,0.95568,0.95579,1.13,1.50
2013.06.03 06:01:26.902,0.95568,0.95581,1.13,2.25
2013.06.03 06:01:29.694,0.95569,0.95581,1.13,3.75
2013.06.03 06:01:31.084,0.95569,0.9558,1.13,1.50
2013.06.03 06:01:31.203,0.95569,0.9558,1.13,1.50
2013.06.03 06:01:31.383,0.95569,0.95583,2.63,2.63
2013.06.03 06:01:31.563,0.95569,0.95581,1.13,3.00
2013.06.03 06:01:33.733,0.95567,0.9558,2.63,2.25
2013.06.03 06:01:33.975,0.95567,0.9558,1.88,2.25
2013.06.03 06:01:34.515,0.95567,0.9558,2.63,3.00
2013.06.03 06:01:35.044,0.95567,0.9558,1.13,3.00
2013.06.03 06:01:35.704,0.95567,0.9558,2.63,3.94
2013.06.03 06:01:36.304,0.95568,0.9558,1.13,1.69
2013.06.03 06:01:39.633,0.95568,0.9558,3.38,1.50
2013.06.03 06:01:40.173,0.9557,0.95583,1.88,2.44
2013.06.03 06:01:40.776,0.9557,0.95583,1.88,2.44
2013.06.03 06:01:42.393,0.95572,0.95583,1.13,1.50
2013.06.03 06:01:42.693,0.95574,0.95586,1.13,1.50
2013.06.03 06:01:42.753,0.95574,0.95587,1.13,1.50
2013.06.03 06:01:43.322,0.95574,0.95587,1.13,1.50
2013.06.03 06:01:47.983,0.95575,0.95587,1.13,1.50
2013.06.03 06:01:48.163,0.95577,0.95587,1.13,1.50
2013.06.03 06:01:48.525,0.95573,0.95586,2.25,3.00
2013.06.03 06:01:48.644,0.95573,0.95585,1.13,1.50
2013.06.03 06:01:49.002,0.95571,0.9558,2.25,1.50
2013.06.03 06:01:49.183,0.95569,0.9558,1.50,1.50
2013.06.03 06:01:49.734,0.95569,0.95581,2.25,1.50
2013.06.03 06:01:49.793,0.95569,0.95581,1.50,1.50
2013.06.03 06:01:50.033,0.9557,0.95582,1.13,1.50
2013.06.03 06:01:50.154,0.95571,0.95584,1.50,1.32
2013.06.03 06:01:50.214,0.95571,0.95584,1.50,2.07
2013.06.03 06:01:50.763,0.95574,0.95584,3.75,2.44
2013.06.03 06:01:50.823,0.95576,0.95585,1.13,1.69
2013.06.03 06:01:50.945,0.95576,0.95588,1.13,2.44
2013.06.03 06:01:51.133,0.95574,0.95588,1.88,2.44
2013.06.03 06:01:51.634,0.95574,0.95588,2.63,2.44
2013.06.03 06:01:52.954,0.95574,0.95588,2.63,2.44
2013.06.03 06:01:53.662,0.95575,0.95588,1.50,3.19
2013.06.03 06:01:55.615,0.95574,0.95588,3.38,3.19
2013.06.03 06:01:56.172,0.95574,0.95588,3.00,3.19
2013.06.03 06:01:56.947,0.95576,0.95588,1.13,3.19
2013.06.03 06:01:57.493,0.95576,0.95588,1.13,3.19
2013.06.03 06:01:57.734,0.95575,0.95585,1.13,1.50
2013.06.03 06:01:58.274,0.95575,0.95587,1.88,2.25
2013.06.03 06:01:59.704,0.95575,0.95587,2.63,1.50
2013.06.03 06:02:00.243,0.95574,0.95587,1.88,1.88
2013.06.03 06:02:00.367,0.95574,0.95586,3.38,1.50
2013.06.03 06:02:00.495,0.95574,0.95587,3.75,2.25
2013.06.03 06:02:00.746,0.95574,0.95586,1.13,1.50
2013.06.03 06:02:01.303,0.95574,0.95585,1.88,1.50
2013.06.03 06:02:01.846,0.95574,0.95585,1.88,1.50
2013.06.03 06:02:02.349,0.95574,0.95586,1.88,2.25
2013.06.03 06:02:02.653,0.95573,0.95583,1.88,1.50
2013.06.03 06:02:03.535,0.95572,0.95583,1.88,1.50
2013.06.03 06:02:03.843,0.95572,0.9558,1.50,1.50
2013.06.03 06:02:05.663,0.95571,0.9558,1.50,1.50
2013.06.03 06:02:06.542,0.95571,0.95579,1.50,1.50
2013.06.03 06:02:09.081,0.9557,0.95579,1.50,1.50
2013.06.03 06:02:09.623,0.95569,0.95577,1.88,1.50
2013.06.03 06:02:10.163,0.95569,0.95575,1.50,1.50
2013.06.03 06:02:10.664,0.95569,0.95576,1.50,1.50
2013.06.03 06:02:11.366,0.95569,0.95575,1.50,1.50
2013.06.03 06:02:12.083,0.95569,0.95576,1.50,1.50
2013.06.03 06:02:15.763,0.95569,0.95576,1.88,1.50
2013.06.03 06:02:16.063,0.95569,0.95578,1.88,1.50
2013.06.03 06:02:20.902,0.95569,0.95577,3.38,1.50
2013.06.03 06:02:21.513,0.95569,0.95578,3.38,1.50
2013.06.03 06:02:22.052,0.9557,0.95579,1.50,2.25
2013.06.03 06:02:22.833,0.95569,0.95579,2.63,2.25
2013.06.03 06:02:23.013,0.95569,0.95576,2.63,1.50
2013.06.03 06:02:23.613,0.95569,0.95577,2.63,1.50
2013.06.03 06:02:24.843,0.9557,0.95577,1.50,1.50
2013.06.03 06:02:38.913,0.9557,0.95578,1.88,1.50
2013.06.03 06:02:39.034,0.9557,0.95577,1.88,1.50
2013.06.03 06:02:39.644,0.9557,0.95577,1.88,1.50
2013.06.03 06:02:40.205,0.9557,0.95577,1.88,1.50
2013.06.03 06:02:45.377,0.95569,0.95578,3.38,1.50
2013.06.03 06:02:47.394,0.95569,0.95578,2.63,1.50
2013.06.03 06:02:48.334,0.95569,0.95578,2.63,1.50
2013.06.03 06:02:49.889,0.9557,0.95578,1.50,1.50
2013.06.03 06:02:52.763,0.9557,0.95577,2.25,1.50
2013.06.03 06:02:53.364,0.95571,0.9558,1.50,1.50
2013.06.03 06:02:53.423,0.95571,0.9558,1.50,3.00
2013.06.03 06:02:54.544,0.95571,0.95577,1.50,1.50
2013.06.03 06:02:55.333,0.95571,0.9558,1.50,1.50
2013.06.03 06:02:55.393,0.95571,0.95578,1.50,1.50
2013.06.03 06:02:55.933,0.95571,0.95579,1.50,1.50
2013.06.03 06:03:00.583,0.95571,0.95577,1.50,1.50
2013.06.03 06:03:01.723,0.95571,0.95577,1.50,1.50
2013.06.03 06:03:08.043,0.95571,0.95578,1.50,1.50
2013.06.03 06:03:09.143,0.95571,0.95578,1.50,1.50
2013.06.03 06:03:11.374,0.95571,0.95578,1.50,1.50
2013.06.03 06:03:15.873,0.95571,0.95578,1.50,1.50
2013.06.03 06:03:18.293,0.95571,0.95577,1.50,1.50
2013.06.03 06:03:19.444,0.95569,0.95577,1.50,1.50
2013.06.03 06:03:19.685,0.9557,0.95575,1.88,1.50
2013.06.03 06:03:19.745,0.95568,0.95577,2.25,3.00
2013.06.03 06:03:19.805,0.95568,0.95577,2.25,1.50
2013.06.03 06:03:21.423,0.95565,0.95578,3.57,1.50
2013.06.03 06:03:21.963,0.95563,0.95577,3.19,1.88
2013.06.03 06:03:23.202,0.95563,0.95575,2.44,1.50
2013.06.03 06:03:25.008,0.95563,0.95575,2.25,1.50
2013.06.03 06:03:25.833,0.95563,0.95575,2.25,1.50
2013.06.03 06:03:33.672,0.95563,0.95575,2.25,1.50
2013.06.03 06:03:34.204,0.95563,0.95575,2.25,1.50
2013.06.03 06:03:35.543,0.95563,0.95576,2.25,2.25
2013.06.03 06:03:35.783,0.95563,0.95576,2.63,2.25
2013.06.03 06:03:40.513,0.95569,0.95576,1.50,1.50
2013.06.03 06:03:40.634,0.95569,0.9558,1.50,1.50
2013.06.03 06:03:40.873,0.95567,0.95581,1.13,1.50
2013.06.03 06:03:41.363,0.95565,0.95578,1.88,3.75
2013.06.03 06:03:43.034,0.95565,0.95576,1.50,1.50
2013.06.03 06:03:44.914,0.95565,0.95576,1.50,1.50
2013.06.03 06:03:45.393,0.95567,0.9558,1.13,2.63
2013.06.03 06:03:45.454,0.95567,0.9558,1.88,2.63
2013.06.03 06:03:45.813,0.95566,0.95579,2.44,1.50
2013.06.03 06:03:48.343,0.95566,0.95577,1.13,1.50
2013.06.03 06:03:48.643,0.95565,0.95577,1.69,1.50
2013.06.03 06:03:49.182,0.95563,0.95576,3.00,1.50
2013.06.03 06:03:49.783,0.95565,0.95576,1.13,1.50
2013.06.03 06:03:49.852,0.95564,0.95576,1.13,1.50
2013.06.03 06:03:50.466,0.95563,0.95575,3.00,1.50
2013.06.03 06:03:54.033,0.95565,0.95575,1.13,1.50
2013.06.03 06:03:59.564,0.95565,0.95575,1.13,1.50
2013.06.03 06:04:00.802,0.95565,0.95575,1.13,1.50
2013.06.03 06:04:01.493,0.95565,0.95575,1.13,1.50
2013.06.03 06:04:03.596,0.95565,0.95574,1.13,2.25
2013.06.03 06:04:03.783,0.95563,0.95574,2.25,1.50
2013.06.03 06:04:04.313,0.95563,0.95573,2.25,1.50
2013.06.03 06:04:04.885,0.95562,0.95573,3.00,1.50
2013.06.03 06:04:05.393,0.95562,0.95573,3.00,1.50
2013.06.03 06:04:10.085,0.95562,0.95573,2.63,1.50
2013.06.03 06:04:12.943,0.95563,0.95575,2.25,2.25
2013.06.03 06:04:13.003,0.95564,0.95576,1.88,1.50
2013.06.03 06:04:15.263,0.95564,0.95577,2.63,2.25
2013.06.03 06:04:15.844,0.95564,0.95577,2.63,1.50
2013.06.03 06:04:18.285,0.95564,0.95577,3.00,1.50
2013.06.03 06:04:20.004,0.95564,0.95577,3.75,1.50
2013.06.03 06:04:21.683,0.95564,0.95575,1.13,1.50
2013.06.03 06:04:22.226,0.95565,0.95576,1.13,2.25
2013.06.03 06:04:22.413,0.95562,0.95573,1.69,1.13
2013.06.03 06:04:22.593,0.95562,0.95575,1.88,1.50
2013.06.03 06:04:22.893,0.95564,0.95576,2.25,1.13
2013.06.03 06:04:30.404,0.95564,0.95576,2.63,1.08
2013.06.03 06:04:30.944,0.95563,0.95574,1.50,1.50
2013.06.03 06:04:42.315,0.95563,0.95574,1.50,1.50
2013.06.03 06:04:42.924,0.95561,0.95575,3.57,1.13
2013.06.03 06:04:43.504,0.95561,0.95575,3.38,2.07
2013.06.03 06:04:45.386,0.95562,0.95573,1.13,1.50
2013.06.03 06:04:45.636,0.95556,0.95568,1.50,1.50
2013.06.03 06:04:45.764,0.95557,0.95569,1.13,1.50
2013.06.03 06:04:46.004,0.95557,0.95571,1.13,1.50
2013.06.03 06:04:48.357,0.95557,0.95571,1.13,1.50
2013.06.03 06:04:48.935,0.95557,0.95569,1.13,1.50
2013.06.03 06:04:50.543,0.95557,0.9557,1.13,1.58
2013.06.03 06:04:51.774,0.95557,0.9557,1.13,1.58
2013.06.03 06:04:52.313,0.9556,0.95573,1.13,1.50
2013.06.03 06:04:52.836,0.9556,0.95573,1.13,2.25
2013.06.03 06:04:57.126,0.95558,0.95572,1.13,1.69
2013.06.03 06:04:58.385,0.95559,0.95572,1.13,1.69
2013.06.03 06:05:00.246,0.95559,0.95573,1.13,2.44
2013.06.03 06:05:00.435,0.9556,0.95574,1.13,2.25
2013.06.03 06:05:01.893,0.9556,0.95574,1.88,1.50
2013.06.03 06:05:02.223,0.95563,0.95576,1.13,2.44
2013.06.03 06:05:02.905,0.95565,0.95577,1.50,2.44
2013.06.03 06:05:03.225,0.95565,0.95577,1.50,1.69
2013.06.03 06:05:03.844,0.95565,0.95578,1.13,1.69
2013.06.03 06:05:05.362,0.95566,0.95579,1.50,1.50
2013.06.03 06:05:06.394,0.95565,0.95578,3.75,1.50
2013.06.03 06:05:08.444,0.9557,0.95578,1.13,1.50
2013.06.03 06:05:08.504,0.95572,0.95578,1.32,1.50
2013.06.03 06:05:08.564,0.95572,0.95585,2.82,1.88
2013.06.03 06:05:08.623,0.95572,0.95585,3.57,1.88
2013.06.03 06:05:08.862,0.95569,0.95583,2.63,1.50
2013.06.03 06:05:09.173,0.95568,0.95581,2.25,1.50
2013.06.03 06:05:09.592,0.95567,0.95582,1.50,2.25
2013.06.03 06:05:10.583,0.95567,0.95578,1.50,1.50
2013.06.03 06:05:10.942,0.95566,0.95575,1.13,1.50
2013.06.03 06:05:11.903,0.95565,0.95577,3.38,1.50
2013.06.03 06:05:12.563,0.95565,0.95577,1.88,1.50
2013.06.03 06:05:12.802,0.95566,0.95579,1.13,2.25
2013.06.03 06:05:14.283,0.95566,0.95578,1.13,1.50
2013.06.03 06:05:14.815,0.95566,0.95579,1.13,1.50
2013.06.03 06:05:15.443,0.95566,0.95579,1.13,2.44
2013.06.03 06:05:17.932,0.95567,0.95578,1.13,1.50
2013.06.03 06:05:18.233,0.95572,0.95583,1.88,1.13
2013.06.03 06:05:18.296,0.95568,0.95579,1.13,1.50
2013.06.03 06:05:18.544,0.95567,0.95579,1.50,2.63
2013.06.03 06:05:19.083,0.95565,0.95579,1.88,2.63
2013.06.03 06:05:20.453,0.95565,0.95578,1.88,1.50
2013.06.03 06:05:21.173,0.95564,0.95578,3.94,2.25
2013.06.03 06:05:21.353,0.95564,0.95577,1.69,1.50
2013.06.03 06:05:22.032,0.95563,0.95574,3.75,1.50
2013.06.03 06:05:22.734,0.95563,0.95576,3.75,1.50
2013.06.03 06:05:23.262,0.95563,0.95576,3.75,1.50
2013.06.03 06:05:27.243,0.95563,0.95576,3.75,1.50
2013.06.03 06:05:27.505,0.95564,0.95577,1.13,2.25
2013.06.03 06:05:27.992,0.95564,0.95577,1.88,2.25
2013.06.03 06:05:29.413,0.95564,0.95577,2.63,2.25
2013.06.03 06:05:29.981,0.95564,0.95578,3.38,3.00
2013.06.03 06:05:31.557,0.95564,0.95578,3.75,2.25
2013.06.03 06:05:35.733,0.95564,0.95578,3.00,3.00
2013.06.03 06:05:38.403,0.95567,0.95578,1.88,1.50
2013.06.03 06:05:38.583,0.95569,0.9558,1.88,2.25
2013.06.03 06:05:38.711,0.95569,0.9558,1.88,2.25
2013.06.03 06:05:40.246,0.95569,0.95579,1.50,2.25
2013.06.03 06:05:40.314,0.95569,0.95577,1.50,2.25
2013.06.03 06:05:40.375,0.95564,0.95576,1.88,2.25
2013.06.03 06:05:40.504,0.95564,0.95574,1.88,1.50
2013.06.03 06:05:40.684,0.95562,0.95575,1.50,1.50
2013.06.03 06:05:41.045,0.95561,0.95573,1.50,1.50
2013.06.03 06:05:41.404,0.95558,0.95568,1.13,1.50
2013.06.03 06:05:41.463,0.95556,0.95566,1.50,2.25
2013.06.03 06:05:41.526,0.95555,0.95563,4.58,1.50
2013.06.03 06:05:41.788,0.9555,0.95564,1.69,2.25
2013.06.03 06:05:41.859,0.9555,0.95561,1.32,1.50
2013.06.03 06:05:42.404,0.9555,0.95561,1.13,1.50
2013.06.03 06:05:42.944,0.9555,0.95563,1.13,2.44
2013.06.03 06:05:46.164,0.95549,0.95563,4.50,1.50
2013.06.03 06:05:46.347,0.95554,0.95563,2.22,1.50
2013.06.03 06:05:46.594,0.9556,0.95571,1.07,3.19
2013.06.03 06:05:46.654,0.9556,0.95571,1.07,1.69
2013.06.03 06:05:47.194,0.95561,0.95572,1.13,1.69
2013.06.03 06:05:47.734,0.95561,0.95573,2.57,3.19
2013.06.03 06:05:49.113,0.95561,0.95572,1.82,1.69
2013.06.03 06:05:49.653,0.95559,0.95571,1.50,1.69
2013.06.03 06:05:56.336,0.95559,0.95571,1.13,1.69
2013.06.03 06:05:56.645,0.95563,0.95575,1.13,5.07
2013.06.03 06:05:56.773,0.95565,0.95575,1.88,3.57
2013.06.03 06:05:57.313,0.95564,0.95575,1.13,2.44
2013.06.03 06:05:58.443,0.95565,0.95575,1.13,2.44
2013.06.03 06:06:02.543,0.95563,0.95573,2.25,1.50
2013.06.03 06:06:03.103,0.95565,0.95573,1.13,1.50
2013.06.03 06:06:03.163,0.95565,0.95573,1.13,1.50
2013.06.03 06:06:03.703,0.95563,0.95575,1.13,3.19
2013.06.03 06:06:04.253,0.95562,0.95574,1.88,3.19
2013.06.03 06:06:04.803,0.95563,0.95574,1.13,1.69
2013.06.03 06:06:05.853,0.95563,0.95573,1.13,1.50
2013.06.03 06:06:06.280,0.95562,0.95573,1.13,1.50
2013.06.03 06:06:06.944,0.95562,0.95576,1.88,5.07
2013.06.03 06:06:07.123,0.95563,0.95574,1.13,2.25
2013.06.03 06:06:07.243,0.95564,0.95574,1.13,2.25
2013.06.03 06:06:07.425,0.95561,0.95573,1.50,2.25
2013.06.03 06:06:07.497,0.95561,0.9557,1.13,1.50
2013.06.03 06:06:07.985,0.95557,0.95571,3.75,2.25
2013.06.03 06:06:08.055,0.95557,0.9557,1.13,1.50
2013.06.03 06:06:08.364,0.95555,0.95569,1.88,3.00
2013.06.03 06:06:08.607,0.95555,0.95569,1.88,3.75
2013.06.03 06:06:09.807,0.95553,0.95567,1.13,2.44
2013.06.03 06:06:10.036,0.95553,0.95567,1.88,2.82
2013.06.03 06:06:10.653,0.95553,0.95567,1.13,2.07
2013.06.03 06:06:11.311,0.95553,0.95565,1.88,2.44
2013.06.03 06:06:11.614,0.95552,0.95563,1.88,1.50
2013.06.03 06:06:12.154,0.95551,0.95562,1.88,2.25
2013.06.03 06:06:12.464,0.95554,0.95565,1.13,1.50
2013.06.03 06:06:13.466,0.95554,0.95566,1.88,2.25
2013.06.03 06:06:19.854,0.95554,0.95567,2.63,2.25
2013.06.03 06:06:20.154,0.95557,0.9557,1.13,2.25
2013.06.03 06:06:20.751,0.95557,0.95569,1.13,1.50
2013.06.03 06:06:21.274,0.95556,0.95568,1.13,1.50
2013.06.03 06:06:22.513,0.95556,0.95568,1.88,1.50
2013.06.03 06:06:24.363,0.95555,0.95568,2.63,2.25
2013.06.03 06:06:25.133,0.95555,0.95568,2.63,1.50
2013.06.03 06:06:25.795,0.95555,0.95567,1.50,1.50
2013.06.03 06:06:26.343,0.95555,0.95567,1.50,1.69
2013.06.03 06:06:26.993,0.95554,0.95567,1.13,1.69
2013.06.03 06:06:27.114,0.95553,0.95567,1.88,1.69
2013.06.03 06:06:27.234,0.95553,0.95567,1.13,3.19
2013.06.03 06:06:27.535,0.95554,0.95567,2.63,2.44
2013.06.03 06:06:30.847,0.95555,0.95564,1.13,1.50
2013.06.03 06:06:32.753,0.95555,0.95565,1.13,1.50
2013.06.03 06:06:33.624,0.95555,0.95566,1.13,1.50
2013.06.03 06:06:33.743,0.95556,0.95567,1.50,1.50
2013.06.03 06:06:34.533,0.95563,0.9557,1.13,3.94
2013.06.03 06:06:34.594,0.95563,0.9557,1.13,3.19
2013.06.03 06:06:34.834,0.95563,0.95576,1.13,2.25
2013.06.03 06:06:35.014,0.95563,0.95577,1.50,2.44
2013.06.03 06:06:35.314,0.95561,0.95576,3.38,1.50
2013.06.03 06:06:35.554,0.95561,0.95573,1.13,1.50
2013.06.03 06:06:35.745,0.9556,0.95573,1.50,2.25
2013.06.03 06:06:35.804,0.95559,0.95573,1.13,2.25
2013.06.03 06:06:37.270,0.95559,0.95571,1.13,1.50
2013.06.03 06:06:38.979,0.95559,0.95571,1.13,2.25
2013.06.03 06:06:39.225,0.95553,0.95565,3.94,1.50
2013.06.03 06:06:39.344,0.95554,0.95567,1.50,1.13
2013.06.03 06:06:39.523,0.95557,0.95568,1.50,2.63
2013.06.03 06:06:39.764,0.95562,0.95572,1.13,2.25
2013.06.03 06:06:40.064,0.95561,0.95572,1.13,2.25
2013.06.03 06:06:40.365,0.95559,0.95572,3.38,1.50
2013.06.03 06:06:40.554,0.95559,0.95571,2.63,2.25
2013.06.03 06:06:40.854,0.95558,0.9557,1.50,2.25
2013.06.03 06:06:40.974,0.95556,0.95569,1.50,2.25
2013.06.03 06:06:41.454,0.95556,0.95566,1.13,1.50
2013.06.03 06:06:41.754,0.95548,0.95558,1.88,2.25
2013.06.03 06:06:41.941,0.95547,0.95557,1.88,2.25
2013.06.03 06:06:48.725,0.95544,0.95555,5.63,2.25
2013.06.03 06:06:48.786,0.95544,0.95555,1.88,2.25
2013.06.03 06:06:48.845,0.95543,0.95552,1.50,2.25
2013.06.03 06:06:48.905,0.95541,0.9555,1.13,1.50
2013.06.03 06:06:49.144,0.95539,0.95547,1.50,1.50
2013.06.03 06:06:49.443,0.95536,0.95547,1.13,1.50
2013.06.03 06:06:54.794,0.95535,0.95546,1.88,1.69
2013.06.03 06:06:57.293,0.95535,0.95545,1.88,1.50
2013.06.03 06:06:57.803,0.95535,0.95546,1.88,2.25
2013.06.03 06:06:59.589,0.95533,0.95543,3.00,1.50
2013.06.03 06:06:59.834,0.95531,0.95541,1.88,1.50
2013.06.03 06:07:00.073,0.95525,0.95538,1.88,1.50
2013.06.03 06:07:00.135,0.95525,0.95537,1.88,1.50
2013.06.03 06:07:00.665,0.95525,0.95537,1.88,1.50
2013.06.03 06:07:01.855,0.95525,0.95537,1.88,1.50
2013.06.03 06:07:02.094,0.95523,0.95535,2.10,1.50
2013.06.03 06:07:04.073,0.95522,0.95535,2.85,2.25
2013.06.03 06:07:05.033,0.95521,0.95533,1.35,3.00
2013.06.03 06:07:05.093,0.95521,0.95531,1.13,1.50
2013.06.03 06:07:05.685,0.9552,0.95531,1.58,1.50
2013.06.03 06:07:06.625,0.95521,0.95531,1.13,1.50
2013.06.03 06:07:09.024,0.95521,0.95531,1.13,1.50
2013.06.03 06:07:09.858,0.95521,0.95531,1.13,2.25
2013.06.03 06:07:10.414,0.95521,0.95531,1.13,1.50
2013.06.03 06:07:11.463,0.95521,0.95533,1.13,3.94
2013.06.03 06:07:13.614,0.95523,0.95534,1.13,2.44
2013.06.03 06:07:14.344,0.95525,0.95535,2.63,2.25
2013.06.03 06:07:14.524,0.95527,0.95537,1.13,1.50
2013.06.03 06:07:14.584,0.95527,0.95539,1.13,1.50
2013.06.03 06:07:14.825,0.95529,0.9554,1.13,2.25
2013.06.03 06:07:14.946,0.95529,0.95541,1.13,2.63
2013.06.03 06:07:15.484,0.9553,0.95542,3.38,1.50
2013.06.03 06:07:16.023,0.9553,0.95543,3.38,1.50
2013.06.03 06:07:16.383,0.9553,0.95544,3.38,3.00
2013.06.03 06:07:17.544,0.95531,0.95542,1.13,1.50
2013.06.03 06:07:18.157,0.95531,0.95543,1.13,1.50
2013.06.03 06:07:19.134,0.95532,0.95543,1.13,1.50
2013.06.03 06:07:20.514,0.95532,0.95543,1.13,3.00
2013.06.03 06:07:21.705,0.9553,0.95542,1.13,1.50
2013.06.03 06:07:22.200,0.95527,0.95539,1.13,3.75
2013.06.03 06:07:22.985,0.95529,0.95539,1.13,3.75
2013.06.03 06:07:24.753,0.95527,0.95539,1.13,2.25
2013.06.03 06:07:24.873,0.95527,0.95539,1.13,2.25
2013.06.03 06:07:25.187,0.95528,0.95538,1.13,1.50
2013.06.03 06:07:25.254,0.95527,0.95538,1.88,1.50
2013.06.03 06:07:25.436,0.95529,0.95539,2.25,2.25
2013.06.03 06:07:25.974,0.95529,0.95538,1.50,1.50
2013.06.03 06:07:27.396,0.95528,0.95538,1.50,1.50
2013.06.03 06:07:28.144,0.95528,0.95539,1.50,2.25
2013.06.03 06:07:28.524,0.95528,0.95539,1.50,2.25
2013.06.03 06:07:30.094,0.95531,0.95539,1.13,2.25
2013.06.03 06:07:30.273,0.95531,0.95543,1.13,3.00
2013.06.03 06:07:30.817,0.95531,0.95542,2.63,2.25
2013.06.03 06:07:31.343,0.95531,0.95542,2.63,1.50
2013.06.03 06:07:31.883,0.95533,0.95544,1.13,1.50
2013.06.03 06:07:32.703,0.95533,0.95544,1.13,1.50
2013.06.03 06:07:33.513,0.95533,0.95544,1.88,1.50
2013.06.03 06:07:34.022,0.95533,0.95544,1.13,1.50
2013.06.03 06:07:34.086,0.95533,0.95545,1.13,2.25
2013.06.03 06:07:34.625,0.95534,0.95544,1.13,2.25
2013.06.03 06:07:36.136,0.95535,0.95544,1.13,2.25
2013.06.03 06:07:40.104,0.95535,0.95545,1.13,2.25
2013.06.03 06:07:41.235,0.95536,0.95545,4.13,1.50
2013.06.03 06:07:41.593,0.95541,0.95551,4.13,2.25
2013.06.03 06:07:42.464,0.95538,0.9555,1.88,2.44
2013.06.03 06:07:43.003,0.95538,0.95549,1.13,3.19
2013.06.03 06:07:43.513,0.95538,0.95549,1.13,3.19
2013.06.03 06:07:44.934,0.95542,0.95551,1.13,3.00
2013.06.03 06:07:45.236,0.95543,0.95553,1.13,2.25
2013.06.03 06:07:45.305,0.95544,0.95556,1.50,4.88
2013.06.03 06:07:45.365,0.95543,0.95553,1.13,1.50
2013.06.03 06:07:45.545,0.95544,0.95555,1.13,2.25
2013.06.03 06:07:45.604,0.95544,0.95555,1.13,1.50
2013.06.03 06:07:46.024,0.95544,0.95555,1.13,1.50
2013.06.03 06:07:46.814,0.95544,0.95554,1.13,1.50
2013.06.03 06:07:47.365,0.95544,0.95555,1.13,1.50
2013.06.03 06:07:57.256,0.95546,0.95557,1.50,3.00
2013.06.03 06:07:57.805,0.95545,0.95559,1.69,1.50
2013.06.03 06:07:57.864,0.95545,0.95558,1.69,1.50
2013.06.03 06:07:57.923,0.95545,0.95559,1.69,1.50
2013.06.03 06:07:59.324,0.95545,0.95558,2.07,1.50
2013.06.03 06:07:59.445,0.95547,0.95558,1.50,1.50
2013.06.03 06:08:00.383,0.95547,0.95559,1.88,1.50
2013.06.03 06:08:01.055,0.95548,0.95559,1.13,1.50
2013.06.03 06:08:02.483,0.95548,0.95559,1.13,1.50
2013.06.03 06:08:04.209,0.95547,0.95559,1.88,1.50
2013.06.03 06:08:04.756,0.95547,0.95559,1.50,2.25
2013.06.03 06:08:05.843,0.95547,0.95559,1.50,3.00
2013.06.03 06:08:06.599,0.95547,0.95558,1.50,1.50
2013.06.03 06:08:08.283,0.95547,0.95559,1.50,2.25
2013.06.03 06:08:12.515,0.95548,0.9556,1.13,1.50
2013.06.03 06:08:14.504,0.95547,0.95559,1.88,3.00
2013.06.03 06:08:18.064,0.95547,0.95559,1.13,3.00
2013.06.03 06:08:18.603,0.95547,0.95559,1.13,3.00
2013.06.03 06:08:19.874,0.95547,0.95559,1.13,2.25
2013.06.03 06:08:20.425,0.95547,0.95558,1.13,1.50
2013.06.03 06:08:22.495,0.95547,0.95557,1.13,1.50
2013.06.03 06:08:22.684,0.95544,0.95557,2.44,2.25
2013.06.03 06:08:23.973,0.95544,0.95556,1.69,2.25
2013.06.03 06:08:24.693,0.95544,0.95556,2.44,2.25
2013.06.03 06:08:25.324,0.95545,0.95557,1.50,3.00
2013.06.03 06:08:25.883,0.95544,0.95557,2.44,3.00
2013.06.03 06:08:25.944,0.95544,0.95556,2.44,1.50
2013.06.03 06:08:34.524,0.95545,0.95556,1.13,3.00
2013.06.03 06:08:35.064,0.95546,0.95556,1.13,2.25
2013.06.03 06:08:35.369,0.95545,0.95553,1.13,1.50
2013.06.03 06:08:35.438,0.95545,0.95553,1.13,2.25
2013.06.03 06:08:35.685,0.95542,0.95551,1.50,1.50
2013.06.03 06:08:36.114,0.95538,0.95551,5.14,1.50
2013.06.03 06:08:36.234,0.95538,0.95551,1.50,1.50
2013.06.03 06:08:36.353,0.95537,0.9555,2.44,3.75
2013.06.03 06:08:36.893,0.95537,0.9555,1.32,1.88
2013.06.03 06:08:40.025,0.95536,0.95547,1.13,1.50
2013.06.03 06:08:40.324,0.95532,0.95546,1.88,2.25
2013.06.03 06:08:41.983,0.95531,0.95545,1.13,2.25
2013.06.03 06:08:42.534,0.9553,0.95544,1.88,1.50
2013.06.03 06:08:44.215,0.9553,0.95544,1.88,2.25
2013.06.03 06:08:45.145,0.9553,0.95544,1.88,1.50
2013.06.03 06:08:45.652,0.9553,0.95544,1.88,2.25
2013.06.03 06:08:49.493,0.9553,0.95542,1.50,1.13
2013.06.03 06:08:49.614,0.95529,0.95542,1.69,2.63
2013.06.03 06:08:49.974,0.9553,0.95544,1.88,1.50
2013.06.03 06:08:50.035,0.95532,0.95544,1.13,1.50
2013.06.03 06:08:50.333,0.9553,0.95544,3.00,2.25
2013.06.03 06:08:50.454,0.95532,0.95546,1.13,2.25
2013.06.03 06:08:50.573,0.95533,0.95547,1.13,4.13
2013.06.03 06:08:51.096,0.95534,0.95547,1.50,3.38
2013.06.03 06:08:52.503,0.95534,0.95547,1.50,4.13
2013.06.03 06:08:52.762,0.95533,0.95546,1.88,1.50
2013.06.03 06:08:53.364,0.95533,0.95545,1.13,2.44
2013.06.03 06:08:54.793,0.95533,0.95545,1.13,2.44
2013.06.03 06:08:56.044,0.95531,0.95544,1.50,2.44
2013.06.03 06:08:56.584,0.95531,0.95543,1.13,1.50
2013.06.03 06:09:00.676,0.95531,0.95543,1.13,1.50
2013.06.03 06:09:01.233,0.95531,0.95543,1.13,1.50
2013.06.03 06:09:02.933,0.9553,0.95543,2.25,1.50
2013.06.03 06:09:03.543,0.9553,0.95543,2.25,1.50
2013.06.03 06:09:04.074,0.95531,0.95543,1.13,3.00
2013.06.03 06:09:13.304,0.95532,0.95545,1.13,2.44
2013.06.03 06:09:14.243,0.95532,0.95545,1.13,2.25
2013.06.03 06:09:14.763,0.95532,0.95544,1.13,1.50
2013.06.03 06:09:19.413,0.95531,0.95544,1.13,1.50
2013.06.03 06:09:19.593,0.95529,0.95543,1.88,3.38
2013.06.03 06:09:19.857,0.95529,0.95543,3.00,2.25
2013.06.03 06:09:20.404,0.95531,0.95544,1.13,1.50
2013.06.03 06:09:21.075,0.95531,0.95545,1.88,3.57
2013.06.03 06:09:22.573,0.95531,0.95545,1.13,3.57
2013.06.03 06:09:30.542,0.95531,0.95544,1.88,2.25
2013.06.03 06:09:31.407,0.95531,0.95544,1.13,1.50
2013.06.03 06:09:35.024,0.9553,0.95544,1.88,3.00
2013.06.03 06:09:39.988,0.9553,0.95544,2.63,3.00
2013.06.03 06:09:40.115,0.9553,0.95544,2.63,2.25
2013.06.03 06:09:40.594,0.95533,0.95545,1.50,1.50
2013.06.03 06:09:42.783,0.95533,0.95545,1.50,1.50
2013.06.03 06:09:43.633,0.95533,0.95545,1.50,1.50
2013.06.03 06:09:44.293,0.95533,0.95545,1.50,1.50
2013.06.03 06:09:44.813,0.95534,0.95545,1.13,1.50
2013.06.03 06:09:45.954,0.95534,0.95545,1.13,1.50
2013.06.03 06:09:46.524,0.95534,0.95545,1.13,1.50
2013.06.03 06:09:51.433,0.95534,0.95548,1.88,4.32
2013.06.03 06:09:51.675,0.95534,0.95548,1.88,3.57
2013.06.03 06:09:53.123,0.95536,0.95548,1.50,2.82
2013.06.03 06:09:53.744,0.95533,0.95547,2.25,1.50
2013.06.03 06:09:57.483,0.95533,0.95548,4.13,3.57
2013.06.03 06:09:59.023,0.95534,0.95548,1.50,5.07
2013.06.03 06:10:00.094,0.95534,0.95548,1.88,4.32
2013.06.03 06:10:00.603,0.95535,0.95548,1.50,4.32
2013.06.03 06:10:02.823,0.95534,0.95548,1.88,5.07
2013.06.03 06:10:03.385,0.95534,0.95548,2.25,2.25
2013.06.03 06:10:03.743,0.95537,0.9555,1.88,3.19
2013.06.03 06:10:04.283,0.95538,0.9555,1.88,2.44
2013.06.03 06:10:04.844,0.95538,0.95552,1.88,3.57
2013.06.03 06:10:05.392,0.95538,0.95552,1.13,2.82
2013.06.03 06:10:06.193,0.95538,0.95552,1.88,2.44
2013.06.03 06:10:06.444,0.95541,0.95555,1.88,3.00
2013.06.03 06:10:06.805,0.95543,0.95555,1.13,1.13
2013.06.03 06:10:07.614,0.95544,0.95557,1.50,1.32
2013.06.03 06:10:08.394,0.95545,0.95558,1.50,2.82
2013.06.03 06:10:08.964,0.95546,0.95558,1.13,1.69
2013.06.03 06:10:09.410,0.95547,0.95559,1.13,2.44
2013.06.03 06:10:09.490,0.95553,0.95565,1.50,3.00
2013.06.03 06:10:09.915,0.95555,0.95567,1.50,1.69
2013.06.03 06:10:10.234,0.95556,0.95568,1.50,1.32
2013.06.03 06:10:10.533,0.95556,0.95568,1.50,1.32
2013.06.03 06:10:10.597,0.95559,0.95568,1.50,1.32
2013.06.03 06:10:10.964,0.9556,0.95571,1.50,2.82
2013.06.03 06:10:11.264,0.95558,0.95571,1.50,2.82
2013.06.03 06:10:11.506,0.95561,0.95571,1.50,1.32
2013.06.03 06:10:12.444,0.95559,0.95571,1.50,1.13
2013.06.03 06:10:12.504,0.95558,0.95571,1.50,1.13
2013.06.03 06:10:14.205,0.95558,0.95572,1.50,1.88
2013.06.03 06:10:15.994,0.95558,0.95569,1.50,1.50
2013.06.03 06:10:16.055,0.95557,0.9557,1.50,3.00
2013.06.03 06:10:16.474,0.95558,0.95571,3.00,1.50
2013.06.03 06:10:16.534,0.95558,0.95573,3.00,2.44
2013.06.03 06:10:17.074,0.95561,0.95574,1.13,2.07
2013.06.03 06:10:17.313,0.95561,0.95574,1.13,1.32
2013.06.03 06:10:17.816,0.95561,0.95575,1.88,1.32
2013.06.03 06:10:18.084,0.95561,0.95576,1.88,2.07
2013.06.03 06:10:20.413,0.95561,0.95575,1.88,1.32
2013.06.03 06:10:20.953,0.9556,0.95575,2.07,2.07
2013.06.03 06:10:21.493,0.95561,0.95574,1.13,1.50
2013.06.03 06:10:22.044,0.95561,0.95574,1.88,1.50
2013.06.03 06:10:22.524,0.95561,0.95575,2.63,2.07
2013.06.03 06:10:23.906,0.95561,0.95574,2.63,1.50
2013.06.03 06:10:23.975,0.95561,0.9557,1.50,2.63
2013.06.03 06:10:24.034,0.95558,0.9557,2.25,1.50
2013.06.03 06:10:24.154,0.95557,0.9557,1.13,2.25
2013.06.03 06:10:24.274,0.95559,0.9557,1.50,1.88
2013.06.03 06:10:24.634,0.95561,0.95574,2.25,2.82
2013.06.03 06:10:25.164,0.95562,0.95574,1.50,2.07
2013.06.03 06:10:26.035,0.95564,0.95577,1.50,3.94
2013.06.03 06:10:26.334,0.95565,0.95578,1.50,2.63
2013.06.03 06:10:26.634,0.95566,0.95581,1.50,1.69
2013.06.03 06:10:26.695,0.95568,0.95581,1.50,1.69
2013.06.03 06:10:27.295,0.95566,0.9558,1.69,1.88
2013.06.03 06:10:27.474,0.95566,0.9558,1.69,1.13
2013.06.03 06:10:27.594,0.95566,0.95581,1.69,1.50
2013.06.03 06:10:38.275,0.95566,0.9558,1.50,1.50
2013.06.03 06:10:38.574,0.95565,0.95579,1.88,1.50
2013.06.03 06:10:45.113,0.95565,0.9558,1.50,1.88
2013.06.03 06:10:45.719,0.95565,0.95579,1.50,1.50
2013.06.03 06:10:47.834,0.95565,0.9558,1.50,1.88
2013.06.03 06:10:48.376,0.95565,0.9558,1.50,1.13
2013.06.03 06:10:57.758,0.95565,0.95579,1.50,1.50
2013.06.03 06:10:58.066,0.95564,0.95578,1.69,1.88
2013.06.03 06:10:58.194,0.95566,0.95577,1.50,1.88
2013.06.03 06:10:58.374,0.95563,0.95576,1.69,1.13
2013.06.03 06:10:58.947,0.95561,0.95576,1.50,1.13
2013.06.03 06:10:59.933,0.95561,0.95575,1.50,2.25
2013.06.03 06:11:00.113,0.9556,0.95575,2.25,3.00
2013.06.03 06:11:03.374,0.9556,0.95575,3.00,3.57
2013.06.03 06:11:05.294,0.9556,0.95572,1.13,2.25
2013.06.03 06:11:05.475,0.95557,0.95571,3.00,2.25
2013.06.03 06:11:05.835,0.95555,0.95567,1.50,2.07
2013.06.03 06:11:06.015,0.95552,0.95566,1.32,2.63
2013.06.03 06:11:06.194,0.95552,0.95566,1.32,2.63
2013.06.03 06:11:06.913,0.95552,0.95564,1.50,1.32
2013.06.03 06:11:07.423,0.95552,0.95564,1.50,1.32
2013.06.03 06:11:10.253,0.95552,0.95565,1.50,2.44
2013.06.03 06:11:11.346,0.95552,0.95565,1.50,4.32
2013.06.03 06:11:11.405,0.95552,0.95565,1.50,4.32
2013.06.03 06:11:11.944,0.95553,0.95565,1.50,1.32
2013.06.03 06:11:13.454,0.95552,0.95565,1.50,1.13
2013.06.03 06:11:14.154,0.95552,0.95564,1.50,1.13
2013.06.03 06:11:14.703,0.95552,0.95565,1.50,1.13
2013.06.03 06:11:20.704,0.95552,0.95565,2.25,1.13
2013.06.03 06:11:33.683,0.95552,0.95565,2.25,1.50
2013.06.03 06:11:34.567,0.95551,0.95565,1.50,3.00
2013.06.03 06:11:34.694,0.95551,0.95565,1.50,3.75
2013.06.03 06:11:35.484,0.95551,0.95565,1.50,3.19
2013.06.03 06:11:35.794,0.9555,0.95564,1.13,1.88
2013.06.03 06:11:36.343,0.95549,0.95562,1.88,1.13
2013.06.03 06:11:39.276,0.95549,0.95562,2.25,2.07
2013.06.03 06:11:42.853,0.95549,0.95562,2.25,2.07
2013.06.03 06:11:43.678,0.95549,0.95562,2.25,2.07
2013.06.03 06:11:44.284,0.9555,0.95562,1.50,2.82
2013.06.03 06:11:48.674,0.9555,0.95562,1.13,1.50
2013.06.03 06:11:50.303,0.9555,0.95563,1.13,1.69
2013.06.03 06:11:58.385,0.95551,0.95563,1.88,1.50
2013.06.03 06:12:02.975,0.95551,0.95564,1.88,1.69
2013.06.03 06:12:03.297,0.9555,0.95563,2.25,1.13
2013.06.03 06:12:04.035,0.9555,0.95564,3.00,1.69
2013.06.03 06:12:07.563,0.9555,0.95564,3.00,2.44
2013.06.03 06:12:07.623,0.9555,0.95564,3.00,1.69
2013.06.03 06:12:11.584,0.9555,0.95564,2.25,1.50
2013.06.03 06:12:12.133,0.9555,0.95565,3.00,3.19
2013.06.03 06:12:21.979,0.9555,0.95565,2.63,2.44
2013.06.03 06:12:24.336,0.9555,0.95565,1.88,3.00
2013.06.03 06:12:24.873,0.9555,0.95564,1.50,1.13
2013.06.03 06:12:26.155,0.9555,0.95563,1.50,1.13
2013.06.03 06:12:26.694,0.9555,0.95563,1.50,1.13
2013.06.03 06:12:34.604,0.95554,0.95566,2.25,1.50
2013.06.03 06:12:35.033,0.95552,0.95566,1.50,1.50
2013.06.03 06:12:35.154,0.95552,0.95566,1.50,1.50
2013.06.03 06:12:36.914,0.95555,0.95566,1.50,1.50
2013.06.03 06:12:37.155,0.95557,0.95571,1.50,1.69
2013.06.03 06:12:37.334,0.95557,0.95572,1.32,3.57
2013.06.03 06:12:37.395,0.95557,0.95572,1.32,2.07
2013.06.03 06:12:37.454,0.95557,0.95572,1.69,2.07
2013.06.03 06:12:37.634,0.95557,0.95572,1.69,2.07
2013.06.03 06:12:39.583,0.95557,0.95572,2.44,2.07
2013.06.03 06:12:40.594,0.95561,0.95574,1.13,2.07
2013.06.03 06:12:40.656,0.95561,0.95574,1.88,1.32
2013.06.03 06:12:41.296,0.95562,0.95575,1.50,1.50
2013.06.03 06:12:41.369,0.95562,0.95578,2.82,2.07
2013.06.03 06:12:56.863,0.95562,0.95576,1.69,1.13
2013.06.03 06:12:57.165,0.9556,0.95574,2.07,1.13
2013.06.03 06:12:57.345,0.9556,0.95574,1.13,1.50
2013.06.03 06:12:57.974,0.95558,0.95572,1.32,1.13
2013.06.03 06:12:58.624,0.95566,0.95573,1.50,1.50
2013.06.03 06:12:58.745,0.95566,0.95577,1.50,2.82
2013.06.03 06:12:58.935,0.95566,0.9558,3.00,2.07
2013.06.03 06:12:58.996,0.95566,0.9558,1.50,3.57
2013.06.03 06:12:59.304,0.95565,0.95576,1.88,1.13
2013.06.03 06:12:59.874,0.95561,0.95575,1.88,2.63
2013.06.03 06:13:10.434,0.95561,0.95575,2.07,2.63
2013.06.03 06:13:10.795,0.95561,0.95575,2.07,2.63
2013.06.03 06:13:11.094,0.95561,0.95575,1.32,1.88
2013.06.03 06:13:11.414,0.95561,0.95575,2.07,1.13
2013.06.03 06:13:16.555,0.95561,0.95575,1.13,1.32
2013.06.03 06:13:16.675,0.95561,0.95574,1.13,1.50
2013.06.03 06:13:17.214,0.95558,0.95572,1.13,1.13
2013.06.03 06:13:17.274,0.95558,0.95572,1.13,1.13
2013.06.03 06:13:20.173,0.95558,0.95572,1.13,1.32
2013.06.03 06:13:22.684,0.95557,0.9557,1.13,1.50
2013.06.03 06:13:22.864,0.95557,0.95569,1.13,1.50
2013.06.03 06:13:23.134,0.95556,0.95569,1.13,1.50
2013.06.03 06:13:23.654,0.95555,0.95568,1.50,1.50
2013.06.03 06:13:24.776,0.95555,0.95569,2.63,1.50
2013.06.03 06:13:25.303,0.95556,0.95569,1.13,2.25
2013.06.03 06:13:25.824,0.95556,0.95569,1.13,1.50
2013.06.03 06:13:49.523,0.95555,0.95568,2.63,1.50
2013.06.03 06:13:50.104,0.95556,0.95568,1.50,1.50
2013.06.03 06:13:59.614,0.95555,0.9557,1.88,2.82
2013.06.03 06:14:01.134,0.95555,0.9557,1.13,2.82
2013.06.03 06:14:07.833,0.95556,0.9557,1.50,2.82
2013.06.03 06:14:11.814,0.95555,0.9557,2.44,4.32
2013.06.03 06:14:12.695,0.95556,0.95569,1.50,1.50
2013.06.03 06:14:14.905,0.95556,0.95568,1.13,1.50
2013.06.03 06:14:15.026,0.95553,0.95566,1.69,1.13
2013.06.03 06:14:15.155,0.95552,0.95566,2.25,1.88
2013.06.03 06:14:15.274,0.95551,0.95565,1.50,2.07
2013.06.03 06:14:15.394,0.95551,0.95565,1.50,1.69
2013.06.03 06:14:17.545,0.95551,0.95566,1.50,1.13
2013.06.03 06:14:17.664,0.95551,0.95566,3.00,1.13
2013.06.03 06:14:18.265,0.95554,0.95567,1.50,1.13
2013.06.03 06:14:18.445,0.95554,0.95567,1.50,1.88
2013.06.03 06:14:22.365,0.95554,0.95567,1.50,1.13
2013.06.03 06:14:34.065,0.95556,0.95568,1.13,1.50
2013.06.03 06:14:34.244,0.95557,0.95569,1.13,1.32
2013.06.03 06:14:34.664,0.95557,0.95571,1.88,1.13
2013.06.03 06:14:35.363,0.95557,0.95573,1.88,2.44
2013.06.03 06:14:44.245,0.95557,0.95571,2.63,2.25
2013.06.03 06:14:48.264,0.95557,0.95571,1.88,2.25
2013.06.03 06:14:58.474,0.95557,0.95571,1.88,2.25
2013.06.03 06:14:58.715,0.95557,0.95571,1.50,2.63
2013.06.03 06:14:58.774,0.95555,0.95569,1.13,1.50
2013.06.03 06:14:58.954,0.95554,0.95568,1.13,2.07
2013.06.03 06:14:59.074,0.95552,0.95567,1.32,1.69
2013.06.03 06:14:59.133,0.95552,0.95567,2.82,1.69
2013.06.03 06:15:00.244,0.95553,0.95567,1.50,1.32
2013.06.03 06:15:00.485,0.95551,0.95566,2.82,1.13
2013.06.03 06:15:03.655,0.95551,0.95564,1.69,1.50
2013.06.03 06:15:03.954,0.9555,0.95566,1.88,2.07
2013.06.03 06:15:04.495,0.9555,0.95564,1.50,1.88
2013.06.03 06:15:04.856,0.95548,0.95561,1.69,1.50
2013.06.03 06:15:04.985,0.95546,0.95558,1.69,1.13
2013.06.03 06:15:05.046,0.95544,0.95558,1.50,1.32
2013.06.03 06:15:05.115,0.95543,0.95557,1.88,1.32
2013.06.03 06:15:05.665,0.95543,0.95557,1.88,2.07
2013.06.03 06:15:05.904,0.95544,0.95557,1.50,1.32
2013.06.03 06:15:11.024,0.95544,0.95557,2.25,1.13
2013.06.03 06:15:11.634,0.95544,0.95557,2.25,1.13
2013.06.03 06:15:26.305,0.95545,0.95558,1.50,2.63
2013.06.03 06:15:32.334,0.95545,0.95557,1.50,1.50
2013.06.03 06:15:38.923,0.95543,0.95557,1.88,1.88
2013.06.03 06:15:39.045,0.95543,0.95556,1.13,2.25
2013.06.03 06:15:39.165,0.95542,0.95555,1.69,1.50
2013.06.03 06:15:39.715,0.95542,0.95554,1.13,1.50
2013.06.03 06:15:40.634,0.95542,0.95554,1.13,1.50
2013.06.03 06:15:41.104,0.95541,0.95555,2.63,1.88
2013.06.03 06:15:50.094,0.95541,0.95555,3.00,1.88
2013.06.03 06:15:52.746,0.95541,0.95555,2.63,1.88
2013.06.03 06:15:53.293,0.95539,0.95553,3.00,1.13
2013.06.03 06:15:53.605,0.95539,0.95552,1.50,3.75
2013.06.03 06:15:53.726,0.95536,0.9555,1.88,2.63
2013.06.03 06:15:53.845,0.95535,0.95549,3.94,1.50
2013.06.03 06:15:53.965,0.95535,0.95549,4.13,1.50
2013.06.03 06:15:54.943,0.95535,0.95549,2.25,3.00
2013.06.03 06:15:58.318,0.95536,0.95549,1.13,3.00
2013.06.03 06:16:03.406,0.95536,0.95549,1.13,1.50
2013.06.03 06:16:03.945,0.95536,0.95549,1.13,1.50
2013.06.03 06:16:04.244,0.95539,0.95551,1.50,1.13
2013.06.03 06:16:04.784,0.95537,0.95551,4.50,2.25
2013.06.03 06:16:04.905,0.95537,0.95551,3.00,2.25
2013.06.03 06:16:05.434,0.95537,0.95551,2.25,2.25
2013.06.03 06:16:12.694,0.95537,0.95549,1.50,1.13
2013.06.03 06:16:18.677,0.95535,0.95549,3.00,1.13
2013.06.03 06:16:18.806,0.95535,0.95549,2.25,4.13
2013.06.03 06:16:18.985,0.95532,0.95545,1.88,1.88
2013.06.03 06:16:20.254,0.95532,0.95546,1.13,3.38
2013.06.03 06:16:20.846,0.95531,0.95545,2.25,1.13
2013.06.03 06:16:26.347,0.95532,0.95546,1.88,1.13
2013.06.03 06:16:26.885,0.95533,0.95547,1.50,1.50
2013.06.03 06:16:32.205,0.95533,0.95547,1.50,1.50
2013.06.03 06:16:38.584,0.95533,0.95547,1.69,1.50
2013.06.03 06:16:48.374,0.95533,0.95545,1.50,2.25
2013.06.03 06:16:48.434,0.95532,0.95545,1.13,2.25
2013.06.03 06:16:48.554,0.9553,0.95544,2.63,1.13
2013.06.03 06:16:49.967,0.9553,0.95544,3.38,1.13
2013.06.03 06:16:50.035,0.95531,0.95544,4.50,1.13
2013.06.03 06:16:50.605,0.95532,0.95543,1.13,1.50
2013.06.03 06:16:50.664,0.95531,0.95543,1.88,1.50
2013.06.03 06:16:54.383,0.95531,0.95542,1.88,1.50
2013.06.03 06:16:55.925,0.95531,0.95542,2.63,1.50
2013.06.03 06:16:56.465,0.95533,0.95545,1.50,1.13
2013.06.03 06:16:58.886,0.95533,0.95545,1.50,1.13
2013.06.03 06:17:01.535,0.95532,0.95545,1.88,1.13
2013.06.03 06:17:02.067,0.95532,0.95544,3.38,1.13
2013.06.03 06:17:02.614,0.95533,0.95544,1.13,1.13
2013.06.03 06:17:03.700,0.95533,0.95545,1.13,2.25
2013.06.03 06:17:04.593,0.95533,0.95545,1.13,2.25
2013.06.03 06:17:12.895,0.9553,0.95543,4.13,1.13
2013.06.03 06:17:13.136,0.95528,0.9554,1.88,1.13
2013.06.03 06:17:13.496,0.95527,0.9554,1.50,3.57
2013.06.03 06:17:13.684,0.95526,0.95539,2.25,1.13
2013.06.03 06:17:13.804,0.95528,0.9554,1.50,1.88
2013.06.03 06:17:13.865,0.95525,0.9554,2.63,3.38
2013.06.03 06:17:13.925,0.95525,0.9554,2.63,3.38
2013.06.03 06:17:14.226,0.95528,0.95538,1.50,1.13
2013.06.03 06:17:14.345,0.95528,0.9554,1.50,1.13
2013.06.03 06:17:14.536,0.95528,0.95539,1.50,1.50
2013.06.03 06:17:14.715,0.95525,0.9554,3.38,1.13
2013.06.03 06:17:14.775,0.95526,0.9554,1.50,3.38
2013.06.03 06:17:14.834,0.95526,0.9554,1.50,3.38
2013.06.03 06:17:14.954,0.95526,0.9554,2.25,3.38
2013.06.03 06:17:15.377,0.95525,0.95539,3.38,3.00
2013.06.03 06:17:15.925,0.95525,0.95538,1.88,1.50
2013.06.03 06:17:17.495,0.95524,0.95538,2.25,1.50
2013.06.03 06:17:18.034,0.95524,0.95538,1.50,1.88
2013.06.03 06:17:19.256,0.95524,0.95538,2.63,1.50
2013.06.03 06:17:19.697,0.95524,0.95538,3.00,1.50
2013.06.03 06:17:19.975,0.95524,0.95538,3.00,1.50
2013.06.03 06:17:20.094,0.95524,0.95538,3.00,1.50
2013.06.03 06:17:21.174,0.95525,0.95538,1.88,1.50
2013.06.03 06:17:21.716,0.95525,0.95538,1.88,1.50
2013.06.03 06:17:21.835,0.95524,0.95538,1.88,1.88
2013.06.03 06:17:22.554,0.95523,0.95538,1.50,1.88
2013.06.03 06:17:25.955,0.95523,0.95537,1.50,1.50
2013.06.03 06:17:28.925,0.95524,0.95537,1.50,1.50
2013.06.03 06:17:29.478,0.95524,0.95537,1.50,1.50
2013.06.03 06:17:31.545,0.95523,0.95537,2.25,2.25
2013.06.03 06:17:33.955,0.95524,0.95537,2.25,1.50
2013.06.03 06:17:35.929,0.95524,0.95533,2.25,3.00
2013.06.03 06:17:36.115,0.9552,0.95533,1.50,1.88
2013.06.03 06:17:36.175,0.95518,0.95533,2.63,2.63
2013.06.03 06:17:36.731,0.95519,0.95533,1.50,2.63
2013.06.03 06:17:37.243,0.95519,0.95533,1.50,1.88
2013.06.03 06:17:38.025,0.95522,0.95535,1.13,2.44
2013.06.03 06:17:38.264,0.95523,0.95537,1.88,3.00
2013.06.03 06:17:42.754,0.95522,0.95536,2.82,1.50
2013.06.03 06:17:45.300,0.95522,0.95536,2.63,5.25
2013.06.03 06:17:45.625,0.95519,0.95533,3.75,3.00
2013.06.03 06:17:47.205,0.95519,0.95532,3.00,1.88
2013.06.03 06:17:47.514,0.9552,0.95533,1.50,3.00
2013.06.03 06:17:53.861,0.9552,0.95533,2.25,2.63
2013.06.03 06:17:53.928,0.9552,0.95533,2.25,2.63
2013.06.03 06:17:54.055,0.9552,0.95533,2.25,1.88
2013.06.03 06:17:54.435,0.9552,0.95533,2.25,1.88
2013.06.03 06:17:56.078,0.9552,0.95533,2.25,1.88
2013.06.03 06:18:00.387,0.95521,0.95533,1.50,2.63
2013.06.03 06:18:10.735,0.95522,0.95534,1.13,1.88
2013.06.03 06:18:11.308,0.95523,0.95536,1.13,3.00
2013.06.03 06:18:12.026,0.95523,0.95536,1.13,1.50
2013.06.03 06:18:12.145,0.95522,0.95535,2.07,1.50
2013.06.03 06:18:12.274,0.95522,0.95536,2.07,1.50
2013.06.03 06:18:13.028,0.95523,0.95536,1.13,2.25
2013.06.03 06:18:13.896,0.95523,0.95536,1.13,2.25
2013.06.03 06:18:14.446,0.95523,0.95536,1.13,2.25
2013.06.03 06:18:14.995,0.95523,0.95535,1.88,1.88
2013.06.03 06:18:15.655,0.95523,0.95535,1.13,1.13
2013.06.03 06:18:16.195,0.95523,0.95535,1.88,1.13
2013.06.03 06:18:16.914,0.95523,0.95535,1.13,1.13
2013.06.03 06:18:17.435,0.95522,0.95528,1.50,1.50
2013.06.03 06:18:17.494,0.95521,0.95528,2.25,1.50
2013.06.03 06:18:17.615,0.95521,0.95528,1.50,2.25
2013.06.03 06:18:17.675,0.95518,0.95529,2.63,2.25
2013.06.03 06:18:17.736,0.95519,0.95532,1.50,1.69
2013.06.03 06:18:17.796,0.9552,0.95533,1.50,3.38
2013.06.03 06:18:18.335,0.95518,0.95533,1.88,2.63
2013.06.03 06:18:18.575,0.9552,0.95533,1.50,1.13
2013.06.03 06:18:19.176,0.95519,0.95533,2.25,1.88
2013.06.03 06:18:19.716,0.95519,0.95533,1.50,1.88
2013.06.03 06:18:23.370,0.95519,0.95527,2.25,1.50
2013.06.03 06:18:23.555,0.95513,0.95526,2.25,1.13
2013.06.03 06:18:23.984,0.95515,0.95527,2.25,1.88
2013.06.03 06:18:24.104,0.95515,0.95528,2.25,1.13
2013.06.03 06:18:25.438,0.95516,0.95529,1.88,1.50
2013.06.03 06:18:25.569,0.95517,0.95531,1.13,3.57
2013.06.03 06:18:25.697,0.9552,0.95533,1.50,3.57
2013.06.03 06:18:25.946,0.95519,0.95533,1.50,2.63
2013.06.03 06:18:26.505,0.95519,0.95533,1.88,1.13
2013.06.03 06:18:26.925,0.95522,0.95535,1.13,1.50
2013.06.03 06:18:27.284,0.95524,0.95538,2.07,1.88
2013.06.03 06:18:27.846,0.95525,0.95538,1.13,1.88
2013.06.03 06:18:33.436,0.95526,0.95538,1.32,1.88
2013.06.03 06:18:36.255,0.95526,0.95538,1.13,1.50
2013.06.03 06:18:48.115,0.95526,0.9554,2.25,2.25
2013.06.03 06:18:52.277,0.95526,0.9554,2.44,2.63
2013.06.03 06:18:55.195,0.95526,0.9554,2.25,2.25
2013.06.03 06:19:01.256,0.95526,0.95539,1.32,1.50
2013.06.03 06:19:01.795,0.95526,0.95539,1.88,1.50
2013.06.03 06:19:02.354,0.95525,0.95539,2.82,2.25
2013.06.03 06:19:08.949,0.95526,0.95539,2.07,1.50
2013.06.03 06:19:10.524,0.95526,0.9554,2.07,1.32
2013.06.03 06:19:11.034,0.95528,0.95541,1.50,4.32
2013.06.03 06:19:11.635,0.95529,0.95541,1.50,3.00
2013.06.03 06:19:12.465,0.95528,0.95541,1.69,1.50
2013.06.03 06:19:13.437,0.95529,0.95541,1.50,1.50
2013.06.03 06:19:13.736,0.95528,0.95541,1.69,1.50
2013.06.03 06:19:28.284,0.95529,0.95541,1.50,3.19
2013.06.03 06:19:29.289,0.95527,0.95541,2.44,4.69
2013.06.03 06:19:30.036,0.95527,0.95541,2.44,3.94
2013.06.03 06:19:30.705,0.95527,0.9554,1.69,1.13
2013.06.03 06:19:32.824,0.95528,0.95541,1.50,3.57
2013.06.03 06:19:34.303,0.95528,0.9554,1.69,1.13
2013.06.03 06:19:36.105,0.95527,0.95541,1.69,2.25
2013.06.03 06:19:36.927,0.95527,0.95541,1.69,3.38
2013.06.03 06:19:37.474,0.95525,0.95538,2.44,1.88
2013.06.03 06:19:37.595,0.95525,0.95538,1.69,2.63
2013.06.03 06:19:43.794,0.95526,0.95538,1.50,1.88
2013.06.03 06:19:44.275,0.95526,0.95541,3.57,3.94
2013.06.03 06:19:44.815,0.95527,0.9554,1.50,1.69
2013.06.03 06:19:45.355,0.95526,0.9554,1.32,1.69
2013.06.03 06:19:45.994,0.95526,0.9554,1.32,1.69
2013.06.03 06:19:46.295,0.95526,0.9554,2.07,1.69
2013.06.03 06:19:47.294,0.95526,0.9554,2.07,1.32
2013.06.03 06:19:47.967,0.95527,0.9554,2.25,1.32
2013.06.03 06:19:51.565,0.95527,0.9554,1.50,1.88
2013.06.03 06:19:52.104,0.95527,0.9554,1.50,1.13
2013.06.03 06:19:54.244,0.95527,0.9554,2.25,1.13
2013.06.03 06:19:55.525,0.95527,0.95541,2.25,4.69
2013.06.03 06:19:59.698,0.95527,0.95541,2.25,4.69
2013.06.03 06:20:00.455,0.95527,0.95541,3.75,4.13
2013.06.03 06:20:00.998,0.95527,0.9554,1.50,1.50
2013.06.03 06:20:04.606,0.95527,0.95541,3.00,3.00
2013.06.03 06:20:04.964,0.95528,0.95541,1.32,1.13
2013.06.03 06:20:07.255,0.95528,0.95541,2.82,1.13
2013.06.03 06:20:07.585,0.95528,0.95538,2.07,1.50
2013.06.03 06:20:07.764,0.95524,0.95538,3.94,4.13
2013.06.03 06:20:07.824,0.95522,0.95536,1.50,2.25
2013.06.03 06:20:07.884,0.95521,0.95536,3.19,3.00
2013.06.03 06:20:08.424,0.95522,0.95536,2.25,3.00
2013.06.03 06:20:08.973,0.95522,0.95535,1.13,1.13
2013.06.03 06:20:12.304,0.95522,0.95534,1.13,1.13
2013.06.03 06:20:21.855,0.95521,0.95533,3.00,1.50
2013.06.03 06:20:22.215,0.95521,0.9553,1.50,1.50
2013.06.03 06:20:22.335,0.9552,0.9553,2.25,1.50
2013.06.03 06:20:23.195,0.9552,0.95534,3.75,3.94
2013.06.03 06:20:23.256,0.95521,0.95534,1.13,3.57
2013.06.03 06:20:23.435,0.95521,0.95534,1.88,2.25
2013.06.03 06:20:24.016,0.95521,0.95534,1.88,3.94
2013.06.03 06:20:29.585,0.9552,0.95533,2.25,1.13
2013.06.03 06:20:30.529,0.95521,0.95533,1.50,2.63
2013.06.03 06:20:31.050,0.95523,0.95533,1.50,1.88
2013.06.03 06:20:32.505,0.95522,0.95533,2.25,1.88
2013.06.03 06:20:33.275,0.95522,0.95533,1.50,1.88
2013.06.03 06:20:33.634,0.95523,0.95533,1.50,1.88
2013.06.03 06:20:36.084,0.95522,0.95536,3.00,4.32
2013.06.03 06:20:36.206,0.95525,0.95536,1.88,1.50
2013.06.03 06:20:36.385,0.95528,0.95541,1.50,2.07
2013.06.03 06:20:36.930,0.95527,0.95542,2.07,2.44
2013.06.03 06:20:38.486,0.95527,0.95541,2.07,1.32
2013.06.03 06:20:48.283,0.95527,0.9554,1.13,1.69
2013.06.03 06:20:48.646,0.95528,0.95543,2.25,2.44
2013.06.03 06:20:49.974,0.95528,0.95542,2.25,1.50
2013.06.03 06:20:50.982,0.95528,0.95542,2.25,2.25
2013.06.03 06:20:51.924,0.95529,0.95542,2.25,1.50
2013.06.03 06:20:57.917,0.9553,0.95542,1.50,1.69
2013.06.03 06:20:59.525,0.95529,0.95542,2.25,1.69
2013.06.03 06:21:01.687,0.95529,0.95543,2.25,3.19
2013.06.03 06:21:03.305,0.95529,0.95542,2.25,1.50
2013.06.03 06:21:04.173,0.9553,0.95542,1.50,1.50
2013.06.03 06:21:06.129,0.95529,0.95542,1.50,2.25
2013.06.03 06:21:06.517,0.95531,0.95544,1.50,2.82
2013.06.03 06:21:07.067,0.95531,0.95546,3.19,1.13
2013.06.03 06:21:07.196,0.95535,0.95549,1.13,2.44
2013.06.03 06:21:07.376,0.95535,0.9555,2.63,2.82
2013.06.03 06:21:07.915,0.95536,0.9555,1.69,1.50
2013.06.03 06:21:09.845,0.95536,0.9555,1.69,1.50
2013.06.03 06:21:10.529,0.95537,0.95551,1.50,2.25
2013.06.03 06:21:11.855,0.95537,0.95551,1.50,1.50
2013.06.03 06:21:13.374,0.95537,0.95551,1.50,1.32
2013.06.03 06:21:17.286,0.95537,0.9555,1.50,2.44
2013.06.03 06:21:17.824,0.95538,0.95551,1.50,2.82
2013.06.03 06:21:18.364,0.95538,0.9555,2.25,1.50
2013.06.03 06:21:18.924,0.95537,0.9555,1.50,1.50
2013.06.03 06:21:20.115,0.95537,0.95551,1.50,1.32
2013.06.03 06:21:20.658,0.95539,0.95551,1.50,3.94
2013.06.03 06:21:21.207,0.95538,0.95551,1.50,2.07
2013.06.03 06:21:21.748,0.95539,0.95551,1.50,2.07
2013.06.03 06:21:22.262,0.95539,0.95551,2.25,2.07
2013.06.03 06:21:23.965,0.95538,0.95551,2.25,2.07
2013.06.03 06:21:24.024,0.95538,0.95551,2.25,2.07
2013.06.03 06:21:25.225,0.9554,0.95551,1.50,2.07
2013.06.03 06:21:26.295,0.9554,0.95552,1.50,2.82
2013.06.03 06:21:26.596,0.95544,0.95555,2.25,1.50
2013.06.03 06:21:26.775,0.95547,0.95559,1.88,1.50
2013.06.03 06:21:26.897,0.95548,0.95561,1.50,1.13
2013.06.03 06:21:27.213,0.95548,0.95561,1.50,1.13
2013.06.03 06:21:28.425,0.95547,0.95561,3.19,1.50
2013.06.03 06:21:29.784,0.95547,0.95561,3.19,1.50
2013.06.03 06:21:31.165,0.95547,0.95561,2.44,1.88
2013.06.03 06:21:31.345,0.95546,0.9556,1.13,1.32
2013.06.03 06:21:31.726,0.95543,0.95557,1.88,1.88
2013.06.03 06:21:31.785,0.95543,0.95557,2.63,1.13
2013.06.03 06:21:31.845,0.95544,0.95557,1.50,1.13
2013.06.03 06:21:32.244,0.95544,0.95557,1.13,1.50
2013.06.03 06:21:32.425,0.95547,0.9556,1.13,2.25
2013.06.03 06:21:42.765,0.95546,0.9556,3.94,2.25
2013.06.03 06:21:45.295,0.95546,0.95558,2.63,1.13
2013.06.03 06:21:45.845,0.95545,0.95559,1.50,2.82
2013.06.03 06:21:46.366,0.95543,0.95558,4.32,1.32
2013.06.03 06:21:46.485,0.95543,0.95558,2.82,1.32
2013.06.03 06:21:47.025,0.95544,0.95557,1.69,1.13
2013.06.03 06:21:49.626,0.95542,0.95556,3.19,1.13
2013.06.03 06:21:49.686,0.95541,0.95556,1.35,1.32
2013.06.03 06:21:49.745,0.9554,0.95555,2.10,1.69
2013.06.03 06:21:50.405,0.95541,0.95555,2.10,1.69
2013.06.03 06:21:52.515,0.95541,0.95555,2.85,2.07
2013.06.03 06:21:55.779,0.95543,0.95556,1.50,3.19
2013.06.03 06:21:56.335,0.95542,0.95556,2.25,1.13
2013.06.03 06:21:56.884,0.95543,0.95556,1.50,1.13
2013.06.03 06:21:57.805,0.95543,0.95556,1.50,3.57
2013.06.03 06:22:18.354,0.95543,0.95555,1.50,2.07
2013.06.03 06:22:18.874,0.95543,0.95555,2.25,1.32
2013.06.03 06:22:22.364,0.95543,0.95555,1.50,1.69
2013.06.03 06:22:23.117,0.95543,0.95556,2.25,2.07
2013.06.03 06:22:24.272,0.95543,0.95555,2.25,1.69
2013.06.03 06:22:26.324,0.95543,0.95556,1.50,2.07
2013.06.03 06:22:27.148,0.95542,0.95556,2.25,2.82
2013.06.03 06:22:27.335,0.95542,0.95556,2.25,2.07
2013.06.03 06:22:32.115,0.95542,0.95556,2.25,2.44
2013.06.03 06:22:35.607,0.95543,0.95557,2.25,5.07
2013.06.03 06:22:36.145,0.95543,0.95555,1.50,1.32
2013.06.03 06:22:46.036,0.95543,0.95555,1.50,1.32
2013.06.03 06:22:48.055,0.95544,0.95557,2.25,5.07
2013.06.03 06:22:48.845,0.95543,0.95557,1.50,5.07
2013.06.03 06:22:52.007,0.95542,0.95555,2.63,1.32
2013.06.03 06:22:52.377,0.95542,0.95555,1.88,2.82
2013.06.03 06:22:52.886,0.95542,0.95554,1.13,1.69
2013.06.03 06:22:56.948,0.95541,0.95554,1.32,1.50
2013.06.03 06:22:57.516,0.95541,0.95554,2.63,5.44
2013.06.03 06:22:57.906,0.95541,0.95551,1.50,2.82
2013.06.03 06:22:57.983,0.95541,0.9555,1.50,2.07
2013.06.03 06:22:58.128,0.95536,0.9555,1.88,2.07
2013.06.03 06:22:58.255,0.95537,0.9555,1.50,1.32
2013.06.03 06:23:00.796,0.95537,0.9555,1.88,2.07
2013.06.03 06:23:04.595,0.95535,0.95548,2.25,1.32
2013.06.03 06:23:06.726,0.95536,0.95549,1.13,1.69
2013.06.03 06:23:06.848,0.95537,0.95551,1.13,3.94
2013.06.03 06:23:06.915,0.95539,0.95552,1.50,1.69
2013.06.03 06:23:07.426,0.95538,0.95553,2.44,1.32
2013.06.03 06:23:08.100,0.9554,0.95553,1.50,1.32
2013.06.03 06:23:11.085,0.9554,0.95554,1.88,2.07
2013.06.03 06:23:11.595,0.9554,0.95554,2.63,1.32
2013.06.03 06:23:42.573,0.9554,0.95554,1.88,2.07
2013.06.03 06:24:31.845,0.95541,0.95554,2.63,2.82
2013.06.03 06:24:32.395,0.95541,0.95552,3.00,1.13
2013.06.03 06:24:33.065,0.95541,0.95553,3.00,1.88
2013.06.03 06:24:33.976,0.95541,0.95553,3.00,1.88
2013.06.03 06:24:36.170,0.95541,0.95553,1.50,2.07
2013.06.03 06:24:37.306,0.95541,0.95553,1.50,1.32
2013.06.03 06:24:37.858,0.95541,0.95553,1.50,1.32
2013.06.03 06:24:47.168,0.95544,0.95554,1.50,1.32
2013.06.03 06:24:47.685,0.95546,0.95554,1.50,1.32
2013.06.03 06:24:48.165,0.95542,0.95554,2.63,1.88
2013.06.03 06:24:48.907,0.95545,0.95554,1.50,1.13
2013.06.03 06:24:50.095,0.95545,0.95553,1.50,1.13
2013.06.03 06:24:50.277,0.95543,0.95553,1.50,2.82
2013.06.03 06:24:54.295,0.95544,0.95553,2.25,1.13
2013.06.03 06:24:54.356,0.95546,0.95555,1.50,1.69
2013.06.03 06:24:54.475,0.95543,0.95556,2.63,2.82
2013.06.03 06:24:54.655,0.95547,0.95556,1.50,2.07
2013.06.03 06:24:56.266,0.95546,0.95556,1.50,2.07
2013.06.03 06:24:56.725,0.95545,0.95555,1.50,1.13
2013.06.03 06:24:57.275,0.95544,0.95555,1.50,1.13
2013.06.03 06:24:57.991,0.95547,0.95557,1.50,2.44
2013.06.03 06:24:58.059,0.95547,0.95557,1.50,2.25
2013.06.03 06:24:58.485,0.95547,0.95557,1.50,1.50
2013.06.03 06:24:58.546,0.95547,0.95559,3.00,2.44
2013.06.03 06:24:58.785,0.9555,0.95562,1.88,1.69
2013.06.03 06:24:58.966,0.95552,0.95565,1.50,1.69
2013.06.03 06:24:59.385,0.95551,0.95565,1.50,1.69
2013.06.03 06:24:59.875,0.95553,0.95565,1.13,1.69
2013.06.03 06:25:00.427,0.95553,0.95565,1.88,3.19
2013.06.03 06:25:01.185,0.95552,0.95565,1.13,1.32
2013.06.03 06:25:01.365,0.95553,0.95567,1.50,1.32
2013.06.03 06:25:01.926,0.95553,0.95568,2.25,1.32
2013.06.03 06:25:02.285,0.95555,0.95569,1.88,1.50
2013.06.03 06:25:02.465,0.95556,0.95571,1.50,3.57
2013.06.03 06:25:03.010,0.95559,0.95571,1.50,2.07
2013.06.03 06:25:03.316,0.9556,0.95573,1.50,1.32
2013.06.03 06:25:03.375,0.9556,0.95574,1.50,1.32
2013.06.03 06:25:04.027,0.95562,0.95574,1.50,1.32
2013.06.03 06:25:04.156,0.95562,0.95575,1.69,1.13
2013.06.03 06:25:04.215,0.95563,0.95577,1.50,3.94
2013.06.03 06:25:04.766,0.95564,0.95578,3.00,3.57
2013.06.03 06:25:05.308,0.95566,0.95578,1.50,3.57
2013.06.03 06:25:05.845,0.95565,0.95578,1.50,2.82
2013.06.03 06:25:05.905,0.95564,0.95578,1.50,2.82
2013.06.03 06:25:07.905,0.95564,0.95578,3.19,2.63
2013.06.03 06:25:08.465,0.95564,0.95578,3.94,2.63
2013.06.03 06:25:09.065,0.95565,0.95576,1.50,1.88
2013.06.03 06:25:11.876,0.95565,0.95577,1.69,1.13
2013.06.03 06:25:12.469,0.95564,0.95576,2.25,1.50
2013.06.03 06:25:12.537,0.95563,0.95575,1.13,2.25
2013.06.03 06:25:12.895,0.95562,0.95572,1.50,1.88
2013.06.03 06:25:13.069,0.95559,0.95572,1.50,1.88
2013.06.03 06:25:14.067,0.95559,0.95572,2.44,1.13
2013.06.03 06:25:14.186,0.95561,0.95573,1.13,1.50
2013.06.03 06:25:14.740,0.95564,0.95576,2.25,2.44
2013.06.03 06:25:14.865,0.95564,0.95576,2.25,1.50
2013.06.03 06:25:14.985,0.95564,0.95576,2.25,1.50
2013.06.03 06:25:15.524,0.95565,0.95577,1.50,2.44
2013.06.03 06:25:15.645,0.95565,0.95578,1.50,2.44
2013.06.03 06:25:30.386,0.95563,0.95577,2.25,1.13
2013.06.03 06:25:33.684,0.95562,0.95576,3.38,3.38
2013.06.03 06:25:33.925,0.95562,0.95575,1.13,2.63
2013.06.03 06:25:34.465,0.95561,0.95574,1.50,1.32
2013.06.03 06:25:35.005,0.95563,0.95575,1.50,2.44
2013.06.03 06:25:35.545,0.95563,0.95577,3.00,2.63
2013.06.03 06:25:35.825,0.95563,0.95577,3.00,2.63
2013.06.03 06:25:36.367,0.95565,0.95577,1.50,3.38
2013.06.03 06:25:37.518,0.95565,0.95577,1.50,2.25
2013.06.03 06:25:38.038,0.95565,0.95577,2.25,2.25
2013.06.03 06:25:39.585,0.95566,0.95577,1.50,2.25
2013.06.03 06:25:40.536,0.95568,0.95577,1.50,2.25
2013.06.03 06:25:40.715,0.95569,0.9558,2.25,1.88
2013.06.03 06:25:40.896,0.95568,0.9558,1.88,2.07
2013.06.03 06:25:41.212,0.95569,0.95582,4.50,1.32
2013.06.03 06:25:41.515,0.95577,0.95587,2.25,2.07
2013.06.03 06:25:41.576,0.95577,0.95589,1.50,2.25
2013.06.03 06:25:41.815,0.95577,0.9559,2.07,1.50
2013.06.03 06:25:41.996,0.95578,0.95591,1.50,1.69
2013.06.03 06:25:42.116,0.95577,0.95589,1.69,1.50
2013.06.03 06:25:42.537,0.95577,0.95588,1.50,1.50
2013.06.03 06:25:42.597,0.95577,0.95588,1.50,1.50
2013.06.03 06:25:42.846,0.9558,0.95593,1.50,3.19
2013.06.03 06:25:43.025,0.95579,0.95592,1.13,1.50
2013.06.03 06:25:43.145,0.95579,0.95591,1.13,3.57
2013.06.03 06:25:43.695,0.95577,0.9559,2.25,1.69
2013.06.03 06:25:44.989,0.95579,0.95591,1.50,1.32
2013.06.03 06:25:45.357,0.95577,0.95591,1.88,2.82
2013.06.03 06:25:45.965,0.95577,0.9559,1.88,1.50
2013.06.03 06:25:46.270,0.95577,0.95588,1.50,1.50
2013.06.03 06:25:46.816,0.95577,0.95589,1.50,1.50
2013.06.03 06:25:47.323,0.95577,0.95588,1.50,1.50
2013.06.03 06:25:48.405,0.95577,0.95588,1.50,1.50
2013.06.03 06:25:49.996,0.95577,0.95588,1.50,1.50
2013.06.03 06:25:50.546,0.95577,0.95587,1.50,2.25
2013.06.03 06:25:51.452,0.95575,0.95585,1.50,1.88
2013.06.03 06:25:51.636,0.95566,0.95577,1.50,1.88
2013.06.03 06:25:51.756,0.95564,0.95575,1.13,3.75
2013.06.03 06:25:52.115,0.95563,0.9557,1.50,1.50
2013.06.03 06:25:52.296,0.95564,0.95578,1.88,2.07
2013.06.03 06:25:52.666,0.95566,0.95578,1.50,1.32
2013.06.03 06:25:53.264,0.95566,0.9558,1.50,2.82
2013.06.03 06:25:54.305,0.95565,0.95578,1.50,2.07
2013.06.03 06:25:54.836,0.95565,0.95578,1.88,2.07
2013.06.03 06:25:55.394,0.95566,0.95578,1.50,1.32
2013.06.03 06:25:56.835,0.95566,0.95578,1.50,1.32
2013.06.03 06:25:57.406,0.95565,0.95578,1.13,2.07
2013.06.03 06:25:58.824,0.95566,0.95578,1.50,2.07
2013.06.03 06:26:01.306,0.95566,0.95578,1.50,1.32
2013.06.03 06:26:01.807,0.95566,0.95578,1.50,1.32
2013.06.03 06:26:04.994,0.95565,0.95578,1.88,1.32
2013.06.03 06:26:05.836,0.95565,0.95578,1.88,1.32
2013.06.03 06:26:08.337,0.95565,0.95578,2.82,1.13
2013.06.03 06:26:11.305,0.95567,0.95578,1.50,1.13
2013.06.03 06:26:12.850,0.95568,0.95581,3.00,1.32
2013.06.03 06:26:12.976,0.95569,0.95582,2.44,1.13
2013.06.03 06:26:13.036,0.95571,0.95584,1.50,2.44
2013.06.03 06:26:13.395,0.95571,0.95585,3.00,2.82
2013.06.03 06:26:13.455,0.95571,0.95583,1.50,1.32
2013.06.03 06:26:14.346,0.95571,0.95583,1.50,1.13
2013.06.03 06:26:14.886,0.95571,0.95585,1.88,2.44
2013.06.03 06:26:15.006,0.95571,0.95585,2.82,2.07
2013.06.03 06:26:15.065,0.95571,0.95585,2.82,2.07
2013.06.03 06:26:15.125,0.95573,0.95585,1.13,2.07
2013.06.03 06:26:15.426,0.95573,0.95587,2.82,2.07
2013.06.03 06:26:15.605,0.95573,0.95587,2.82,2.07
2013.06.03 06:26:15.726,0.95575,0.95587,1.13,1.69
2013.06.03 06:26:15.847,0.95576,0.9559,1.50,1.69
2013.06.03 06:26:16.207,0.95576,0.95587,1.50,2.44
2013.06.03 06:26:16.325,0.95574,0.95587,1.50,2.44
2013.06.03 06:26:16.446,0.95574,0.95587,1.50,2.44
2013.06.03 06:26:16.806,0.95574,0.95582,1.50,2.25
2013.06.03 06:26:17.105,0.95573,0.95584,1.50,2.25
2013.06.03 06:26:17.165,0.95573,0.95587,1.50,2.44
2013.06.03 06:26:17.895,0.95574,0.95587,1.50,1.69
2013.06.03 06:26:18.430,0.95574,0.95587,1.50,1.69
2013.06.03 06:26:18.965,0.95575,0.95587,1.13,1.69
2013.06.03 06:26:19.026,0.95575,0.95584,1.13,1.50
2013.06.03 06:26:19.386,0.95567,0.95575,1.50,3.38
2013.06.03 06:26:19.446,0.95561,0.95575,2.25,3.57
2013.06.03 06:26:19.506,0.9556,0.95572,1.50,1.13
2013.06.03 06:26:19.925,0.95559,0.9557,1.13,1.50
2013.06.03 06:26:20.226,0.95562,0.95573,1.13,2.25
2013.06.03 06:26:20.285,0.95562,0.95574,1.13,1.50
2013.06.03 06:26:20.345,0.95563,0.95574,1.13,1.50
2013.06.03 06:26:20.885,0.95563,0.95574,1.13,1.50
2013.06.03 06:26:21.126,0.95565,0.95578,1.50,2.07
2013.06.03 06:26:21.785,0.95567,0.95578,1.50,2.82
2013.06.03 06:26:23.808,0.95567,0.95578,1.50,2.82
2013.06.03 06:26:25.708,0.95565,0.95578,1.13,2.82
2013.06.03 06:26:25.956,0.95564,0.95576,1.50,4.17
2013.06.03 06:26:26.195,0.95558,0.95569,1.69,2.25
2013.06.03 06:26:26.316,0.95555,0.95567,1.32,1.50
2013.06.03 06:26:26.436,0.95555,0.95567,1.32,1.50
2013.06.03 06:26:26.735,0.95555,0.95567,1.50,1.50
2013.06.03 06:26:27.096,0.95557,0.95571,2.82,1.50
2013.06.03 06:26:28.105,0.9556,0.95571,1.13,1.50
2013.06.03 06:26:28.476,0.95563,0.95573,1.13,1.50
2013.06.03 06:26:28.595,0.95561,0.95573,1.50,1.13
2013.06.03 06:26:28.715,0.95559,0.95572,1.88,1.13
2013.06.03 06:26:29.255,0.95557,0.95571,3.19,1.50
2013.06.03 06:26:29.795,0.95557,0.95571,2.82,1.50
2013.06.03 06:26:32.406,0.95557,0.95571,2.07,1.50
2013.06.03 06:26:32.766,0.95557,0.95567,1.32,1.50
2013.06.03 06:26:32.945,0.95554,0.95566,2.07,2.25
2013.06.03 06:26:34.085,0.95555,0.95568,1.32,2.25
2013.06.03 06:26:35.365,0.95555,0.95568,2.07,1.50
2013.06.03 06:26:37.889,0.95555,0.95568,1.32,3.75
2013.06.03 06:26:42.337,0.95554,0.95568,5.07,3.00
2013.06.03 06:26:42.828,0.95556,0.95569,2.44,1.88
2013.06.03 06:26:43.016,0.95561,0.95573,1.50,1.13
2013.06.03 06:26:43.076,0.95561,0.95573,1.50,1.13
2013.06.03 06:26:43.436,0.9556,0.95572,1.50,1.88
2013.06.03 06:26:43.497,0.95558,0.95572,2.82,2.63
2013.06.03 06:26:43.616,0.95557,0.95571,1.32,1.50
2013.06.03 06:26:45.844,0.95558,0.95571,1.32,2.25
2013.06.03 06:26:59.433,0.95557,0.9557,1.32,1.50
2013.06.03 06:26:59.738,0.95555,0.9557,2.44,4.13
2013.06.03 06:26:59.797,0.95554,0.9557,3.57,2.82
2013.06.03 06:27:00.370,0.95554,0.95568,2.07,3.00
2013.06.03 06:27:01.906,0.95554,0.95568,2.82,3.00
2013.06.03 06:27:03.197,0.95555,0.95568,1.69,1.50
2013.06.03 06:27:03.735,0.95555,0.95569,1.69,3.19
2013.06.03 06:27:04.276,0.95554,0.95568,3.94,1.50
2013.06.03 06:27:04.967,0.95555,0.9557,1.69,3.57
2013.06.03 06:27:05.287,0.95555,0.95568,1.69,1.50
2013.06.03 06:27:09.536,0.95555,0.95568,1.69,1.50
2013.06.03 06:27:09.837,0.95557,0.95571,2.07,1.69
2013.06.03 06:27:09.958,0.95557,0.95572,2.82,2.44
2013.06.03 06:27:10.266,0.95557,0.95571,2.07,1.69
2013.06.03 06:27:10.805,0.95557,0.9557,1.32,1.88
2013.06.03 06:27:11.846,0.95558,0.9557,4.50,1.13
2013.06.03 06:27:12.387,0.95558,0.95568,2.82,1.50
2013.06.03 06:27:12.447,0.95558,0.95568,1.69,1.50
2013.06.03 06:27:12.987,0.95558,0.95568,1.88,1.50
2013.06.03 06:27:13.287,0.95558,0.9557,1.88,3.38
2013.06.03 06:27:13.346,0.95558,0.95569,1.88,1.50
2013.06.03 06:27:13.895,0.95558,0.9557,1.88,1.88
2013.06.03 06:27:14.376,0.9556,0.95569,1.13,1.50
2013.06.03 06:27:14.435,0.9556,0.95572,1.13,1.69
2013.06.03 06:27:14.857,0.95561,0.95574,1.44,2.63
2013.06.03 06:27:15.035,0.95561,0.95572,1.44,2.25
2013.06.03 06:27:15.455,0.95561,0.95573,2.94,2.25
2013.06.03 06:27:16.365,0.95561,0.95573,2.38,2.25
2013.06.03 06:27:16.885,0.95561,0.95573,2.38,2.25
2013.06.03 06:27:19.115,0.95561,0.95571,2.44,1.50
2013.06.03 06:27:19.296,0.95559,0.95571,1.50,3.19
2013.06.03 06:27:19.475,0.95558,0.95569,1.13,2.25
2013.06.03 06:27:20.465,0.95557,0.9557,2.25,2.82
2013.06.03 06:27:21.206,0.95556,0.9557,2.07,2.82
2013.06.03 06:27:21.635,0.95556,0.95568,2.07,1.50
2013.06.03 06:27:24.415,0.95557,0.9557,1.50,2.82
2013.06.03 06:27:31.210,0.95557,0.95568,1.50,1.50
2013.06.03 06:27:41.135,0.95556,0.95569,1.88,1.50
2013.06.03 06:27:47.146,0.95556,0.95569,3.00,1.50
2013.06.03 06:27:47.784,0.95556,0.95569,3.00,1.50
2013.06.03 06:27:50.126,0.95556,0.95568,1.50,2.25
2013.06.03 06:27:50.666,0.95556,0.95567,1.50,1.88
2013.06.03 06:27:51.205,0.95555,0.95568,2.25,3.19
2013.06.03 06:27:51.716,0.95555,0.95568,2.25,3.19
2013.06.03 06:27:52.706,0.95555,0.95568,1.50,2.44
2013.06.03 06:27:53.836,0.95554,0.95567,2.07,1.13
2013.06.03 06:27:54.135,0.95553,0.95565,1.50,2.25
2013.06.03 06:27:54.196,0.95551,0.95564,1.44,2.07
2013.06.03 06:27:54.257,0.9555,0.95562,1.82,1.32
2013.06.03 06:27:54.376,0.9555,0.95563,1.88,1.32
2013.06.03 06:27:55.048,0.9555,0.95562,1.13,1.69
2013.06.03 06:27:55.605,0.9555,0.95563,1.13,2.07
2013.06.03 06:27:55.786,0.95548,0.95563,1.69,3.57
2013.06.03 06:27:56.795,0.95549,0.95561,1.50,1.50
2013.06.03 06:27:57.305,0.95548,0.95562,1.69,1.69
2013.06.03 06:27:57.806,0.95547,0.95561,3.94,1.50
2013.06.03 06:27:58.395,0.95548,0.95562,1.69,1.69
2013.06.03 06:27:59.455,0.95548,0.95562,1.69,4.32
2013.06.03 06:27:59.936,0.95547,0.9556,1.13,1.69
2013.06.03 06:28:00.678,0.95547,0.95558,1.13,1.50
2013.06.03 06:28:00.986,0.95544,0.95557,2.25,1.69
2013.06.03 06:28:01.546,0.95541,0.95556,1.50,1.32
2013.06.03 06:28:05.667,0.95542,0.95556,2.25,1.32
2013.06.03 06:28:06.146,0.95543,0.95556,2.25,1.32
2013.06.03 06:28:06.685,0.95542,0.95556,2.82,2.07
2013.06.03 06:28:12.456,0.95543,0.95556,1.69,1.50
2013.06.03 06:28:12.696,0.95545,0.95558,1.88,1.32
2013.06.03 06:28:13.268,0.95546,0.95559,1.69,1.50
2013.06.03 06:28:14.512,0.95546,0.95559,3.19,1.50
2013.06.03 06:28:19.525,0.95546,0.9556,3.19,1.69
2013.06.03 06:28:20.424,0.95547,0.9556,1.13,1.69
2013.06.03 06:28:27.606,0.95548,0.9556,1.50,1.88
2013.06.03 06:28:28.155,0.95548,0.95561,2.25,3.57
2013.06.03 06:28:32.266,0.95548,0.9556,1.50,1.13
2013.06.03 06:28:33.458,0.95548,0.9556,1.50,1.13
2013.06.03 06:28:34.742,0.95547,0.9556,2.25,1.13
2013.06.03 06:28:39.927,0.95548,0.95561,1.50,3.57
2013.06.03 06:28:40.608,0.95547,0.9556,1.88,2.63
2013.06.03 06:28:42.017,0.95547,0.9556,2.63,1.88
2013.06.03 06:28:42.698,0.95547,0.9556,2.63,1.88
2013.06.03 06:28:42.836,0.95547,0.9556,2.63,1.88
2013.06.03 06:28:45.856,0.95547,0.9556,3.38,1.50
2013.06.03 06:28:47.196,0.95547,0.9556,3.38,1.50
2013.06.03 06:28:48.985,0.95547,0.9556,3.38,1.50
2013.06.03 06:28:50.100,0.95547,0.9556,2.63,1.69
2013.06.03 06:28:53.486,0.95547,0.9556,1.88,1.69
2013.06.03 06:28:55.546,0.95547,0.9556,2.63,2.44
2013.06.03 06:28:56.167,0.95546,0.95559,1.88,2.44
2013.06.03 06:28:56.406,0.95546,0.95556,1.13,1.88
2013.06.03 06:28:56.528,0.95545,0.95556,2.25,6.53
2013.06.03 06:28:56.717,0.95541,0.95552,1.13,2.25
2013.06.03 06:28:57.076,0.95538,0.95553,2.25,3.19
2013.06.03 06:28:57.267,0.95538,0.95551,1.50,2.82
2013.06.03 06:28:57.568,0.95536,0.95549,1.88,1.88
2013.06.03 06:28:58.129,0.95535,0.95549,2.25,1.88
2013.06.03 06:28:58.496,0.95537,0.95551,2.25,3.19
2013.06.03 06:28:58.676,0.95539,0.95552,1.50,3.94
2013.06.03 06:29:01.125,0.95539,0.95551,1.50,2.07
2013.06.03 06:29:01.203,0.95539,0.95551,1.50,2.44
2013.06.03 06:29:01.746,0.9554,0.95552,1.50,2.07
2013.06.03 06:29:03.353,0.95541,0.95552,1.50,2.07
2013.06.03 06:29:04.266,0.95538,0.95552,3.38,4.32
2013.06.03 06:29:04.327,0.95538,0.95551,1.13,1.69
2013.06.03 06:29:04.446,0.95538,0.9555,1.13,1.50
2013.06.03 06:29:05.176,0.95536,0.95549,2.25,2.82
2013.06.03 06:29:06.225,0.95536,0.95549,3.00,1.88
2013.06.03 06:29:06.737,0.95536,0.9555,3.94,1.32
2013.06.03 06:29:07.277,0.95539,0.95552,1.50,2.07
2013.06.03 06:29:07.398,0.95538,0.95548,2.25,1.88
2013.06.03 06:29:07.946,0.95537,0.95548,1.50,1.88
2013.06.03 06:29:08.248,0.95538,0.95551,1.50,3.94
2013.06.03 06:29:08.377,0.95538,0.95551,3.00,2.44
2013.06.03 06:29:08.556,0.95538,0.95551,3.00,2.44
2013.06.03 06:29:09.097,0.95538,0.95552,3.00,3.19
2013.06.03 06:29:09.717,0.95538,0.95552,2.25,2.44
2013.06.03 06:29:10.410,0.95539,0.95552,1.50,2.44
2013.06.03 06:29:10.846,0.95538,0.95552,3.00,3.19
2013.06.03 06:29:11.666,0.95538,0.95552,2.25,2.07
2013.06.03 06:29:11.967,0.95537,0.95548,1.50,1.88
2013.06.03 06:29:12.026,0.95537,0.95548,1.50,1.88
2013.06.03 06:29:12.597,0.95537,0.95548,1.50,1.88
2013.06.03 06:29:14.016,0.95537,0.95548,1.50,1.88
2013.06.03 06:29:14.536,0.95536,0.95548,1.50,1.88
2013.06.03 06:29:15.143,0.95537,0.95548,1.50,1.88
2013.06.03 06:29:15.716,0.95538,0.95548,1.50,1.88
2013.06.03 06:29:16.616,0.95536,0.95548,2.25,1.88
2013.06.03 06:29:19.147,0.95536,0.95545,1.50,1.88
2013.06.03 06:29:19.479,0.95527,0.9554,2.25,2.44
2013.06.03 06:29:19.676,0.95525,0.95538,3.38,1.32
2013.06.03 06:29:19.916,0.95526,0.95537,1.13,2.44
2013.06.03 06:29:20.096,0.95526,0.95537,1.50,1.69
2013.06.03 06:29:20.218,0.95525,0.95535,1.13,1.50
2013.06.03 06:29:20.726,0.95523,0.95532,1.73,1.88
2013.06.03 06:29:20.846,0.95523,0.9553,1.50,2.82
2013.06.03 06:29:21.026,0.95517,0.95526,2.70,1.50
2013.06.03 06:29:21.205,0.95514,0.95526,2.18,1.50
2013.06.03 06:29:21.265,0.95514,0.95526,2.18,1.50
2013.06.03 06:29:22.118,0.95515,0.95528,2.25,2.63
2013.06.03 06:29:23.395,0.95516,0.95528,2.25,1.32
2013.06.03 06:29:23.516,0.95518,0.95528,1.50,1.32
2013.06.03 06:29:23.876,0.95515,0.95526,3.00,1.50
2013.06.03 06:29:23.936,0.95513,0.95525,2.55,1.50
2013.06.03 06:29:24.176,0.95516,0.95526,1.13,1.50
2013.06.03 06:29:24.415,0.95516,0.95526,1.13,2.25
2013.06.03 06:29:24.966,0.95516,0.95526,1.13,2.25
2013.06.03 06:29:25.916,0.95516,0.95528,1.88,1.50
2013.06.03 06:29:26.345,0.95516,0.95529,1.88,1.50
2013.06.03 06:29:26.526,0.95518,0.95529,1.13,2.25
2013.06.03 06:29:26.586,0.95517,0.95529,1.13,1.50
2013.06.03 06:29:26.890,0.95518,0.95529,1.13,2.25
2013.06.03 06:29:27.285,0.95519,0.95531,1.50,1.13
2013.06.03 06:29:28.595,0.95518,0.95531,1.50,1.50
2013.06.03 06:29:28.716,0.95518,0.95533,1.50,2.82
2013.06.03 06:29:29.176,0.95519,0.95531,1.50,1.69
2013.06.03 06:29:31.270,0.95519,0.95532,1.50,1.69
2013.06.03 06:29:32.265,0.95518,0.95532,1.50,1.69
2013.06.03 06:29:32.805,0.95518,0.95532,1.50,1.69
2013.06.03 06:29:33.446,0.95518,0.95532,1.50,1.69
2013.06.03 06:29:33.997,0.95518,0.95532,1.50,1.69
2013.06.03 06:29:34.866,0.95518,0.95532,1.50,1.69
2013.06.03 06:29:35.612,0.95518,0.95532,1.50,1.69
2013.06.03 06:29:35.945,0.95519,0.95532,1.50,1.69
2013.06.03 06:29:36.170,0.95518,0.95532,1.50,1.69
2013.06.03 06:29:39.717,0.95519,0.95532,1.50,1.69
2013.06.03 06:29:40.276,0.95518,0.95532,1.50,1.69
2013.06.03 06:29:40.680,0.95517,0.95532,2.63,1.69
2013.06.03 06:29:43.645,0.95518,0.95532,1.13,1.32
2013.06.03 06:29:44.266,0.95518,0.95532,1.32,1.13
2013.06.03 06:29:45.846,0.95518,0.95532,1.13,1.32
2013.06.03 06:29:47.846,0.95518,0.95532,1.13,2.07
2013.06.03 06:29:48.838,0.95518,0.95531,1.13,1.69
2013.06.03 06:30:00.036,0.95517,0.95532,2.63,1.69
2013.06.03 06:30:01.338,0.95518,0.95532,1.13,1.69
2013.06.03 06:30:01.518,0.95519,0.95532,1.13,1.50
2013.06.03 06:30:02.556,0.95519,0.95531,1.13,1.69
2013.06.03 06:30:03.240,0.95519,0.95531,1.13,1.50
2013.06.03 06:30:04.096,0.95519,0.95532,1.13,1.50
2013.06.03 06:30:04.457,0.95522,0.95534,1.20,1.13
2013.06.03 06:30:04.635,0.95524,0.95537,1.95,1.50
2013.06.03 06:30:05.185,0.95525,0.95537,1.50,1.50
2013.06.03 06:30:10.415,0.95525,0.95537,2.25,1.50
2013.06.03 06:30:10.719,0.95528,0.95541,1.50,4.32
2013.06.03 06:30:10.846,0.95529,0.95542,1.50,4.69
2013.06.03 06:30:11.395,0.95529,0.95543,1.50,2.82
2013.06.03 06:30:12.066,0.9553,0.95543,1.95,2.07
2013.06.03 06:30:12.185,0.95532,0.95543,1.58,1.13
2013.06.03 06:30:13.105,0.95533,0.95543,1.58,1.13
2013.06.03 06:30:13.575,0.95533,0.95546,1.58,1.32
2013.06.03 06:30:13.755,0.95534,0.95546,1.88,2.25
2013.06.03 06:30:14.115,0.95538,0.9555,1.50,1.32
2013.06.03 06:30:14.295,0.9554,0.95551,1.13,1.32
2013.06.03 06:30:14.357,0.95541,0.95552,1.13,1.69
2013.06.03 06:30:14.536,0.95545,0.95557,1.13,2.44
2013.06.03 06:30:14.596,0.95545,0.95557,1.13,1.69
2013.06.03 06:30:14.656,0.95546,0.95557,2.25,1.69
2013.06.03 06:30:14.895,0.95546,0.95559,1.50,1.69
2013.06.03 06:30:15.195,0.95545,0.95558,1.88,1.88
2013.06.03 06:30:15.315,0.95545,0.95558,1.88,1.88
2013.06.03 06:30:15.825,0.95545,0.95558,2.82,1.13
2013.06.03 06:30:16.365,0.95545,0.95558,2.82,1.88
2013.06.03 06:30:16.618,0.95545,0.95557,2.25,1.50
2013.06.03 06:30:17.165,0.95545,0.9556,3.75,2.44
2013.06.03 06:30:17.285,0.95545,0.9556,3.75,2.44
2013.06.03 06:30:18.398,0.95547,0.9556,2.63,2.44
2013.06.03 06:30:18.587,0.9555,0.95564,1.88,2.44
2013.06.03 06:30:18.962,0.95551,0.95564,1.13,2.25
2013.06.03 06:30:19.028,0.95551,0.95565,1.13,2.07
2013.06.03 06:30:19.156,0.95551,0.95565,1.88,2.07
2013.06.03 06:30:19.216,0.95551,0.95565,1.88,2.07
2013.06.03 06:30:19.336,0.95553,0.95565,1.50,1.32
2013.06.03 06:30:19.879,0.95552,0.95565,1.50,1.32
2013.06.03 06:30:20.456,0.95552,0.95566,1.50,2.07
2013.06.03 06:30:20.998,0.95553,0.95567,1.50,2.82
2013.06.03 06:30:23.219,0.95553,0.95565,1.50,1.32
2013.06.03 06:30:23.708,0.95554,0.95567,1.50,1.13
2013.06.03 06:30:24.267,0.95554,0.95567,1.88,1.69
2013.06.03 06:30:26.816,0.95554,0.95563,2.25,1.13
2013.06.03 06:30:26.996,0.95552,0.95563,1.50,2.07
2013.06.03 06:30:27.116,0.95549,0.95563,3.94,1.32
2013.06.03 06:30:27.175,0.9555,0.95563,1.13,1.69
2013.06.03 06:30:27.835,0.9555,0.95564,2.63,2.25
2013.06.03 06:30:28.596,0.95554,0.95565,1.13,1.13
2013.06.03 06:30:30.065,0.95552,0.95564,4.13,1.50
2013.06.03 06:30:30.186,0.95551,0.95563,1.13,2.25
2013.06.03 06:30:30.246,0.9555,0.95562,1.13,1.50
2013.06.03 06:30:30.727,0.95548,0.95561,1.88,1.50
2013.06.03 06:30:30.787,0.95548,0.95561,1.88,1.50
2013.06.03 06:30:31.096,0.95548,0.95562,2.82,1.13
2013.06.03 06:30:31.647,0.95548,0.95562,2.63,2.63
2013.06.03 06:30:32.186,0.95548,0.95561,2.63,1.50
2013.06.03 06:30:32.726,0.95548,0.95562,2.63,2.63
2013.06.03 06:30:34.101,0.95548,0.95562,2.63,2.63
2013.06.03 06:30:41.496,0.95548,0.95562,2.07,2.07
2013.06.03 06:30:42.028,0.95548,0.95562,1.32,2.07
2013.06.03 06:30:42.535,0.95548,0.95562,2.82,2.07
2013.06.03 06:30:47.685,0.95548,0.95562,2.63,2.07
2013.06.03 06:30:48.259,0.95547,0.95561,3.57,1.50
2013.06.03 06:30:49.546,0.95547,0.95561,4.32,1.50
2013.06.03 06:30:51.767,0.95547,0.95561,2.63,1.69
2013.06.03 06:30:51.889,0.95547,0.95561,2.63,2.25
2013.06.03 06:30:52.196,0.95547,0.95559,1.13,2.25
2013.06.03 06:30:57.735,0.95547,0.9556,1.13,1.69
2013.06.03 06:30:57.797,0.95547,0.95559,1.50,1.69
2013.06.03 06:30:57.916,0.95546,0.95558,1.50,3.19
2013.06.03 06:30:59.495,0.95544,0.95558,1.88,1.69
2013.06.03 06:31:00.816,0.95546,0.95557,1.13,1.69
2013.06.03 06:31:02.013,0.95546,0.95558,1.13,1.69
2013.06.03 06:31:02.079,0.95543,0.95553,3.38,1.13
2013.06.03 06:31:02.625,0.9554,0.95553,1.50,2.82
2013.06.03 06:31:03.138,0.95538,0.95553,1.88,2.07
2013.06.03 06:31:06.165,0.95539,0.95553,1.50,2.07
2013.06.03 06:31:06.406,0.9554,0.95552,1.50,1.69
2013.06.03 06:31:06.468,0.95539,0.95552,1.50,1.69
2013.06.03 06:31:06.727,0.95539,0.9555,1.50,1.32
2013.06.03 06:31:06.919,0.95535,0.95547,1.50,2.82
2013.06.03 06:31:06.991,0.95534,0.95546,1.88,2.25
2013.06.03 06:31:07.130,0.95529,0.95542,4.20,1.32
2013.06.03 06:31:07.198,0.95528,0.95541,1.13,1.69
2013.06.03 06:31:07.746,0.95529,0.95541,1.50,1.50
2013.06.03 06:31:08.298,0.95529,0.95541,1.50,1.50
2013.06.03 06:31:10.321,0.95529,0.95541,1.50,1.50
2013.06.03 06:31:10.947,0.95529,0.95541,1.50,1.50
2013.06.03 06:31:11.926,0.95529,0.95541,1.50,1.69
2013.06.03 06:31:17.357,0.95529,0.95541,2.25,1.50
2013.06.03 06:31:18.190,0.95529,0.95541,2.25,1.69
2013.06.03 06:31:20.429,0.95529,0.95543,3.38,2.44
2013.06.03 06:31:20.498,0.9553,0.95543,1.88,2.44
2013.06.03 06:31:21.419,0.9553,0.95543,1.13,1.69
2013.06.03 06:31:21.608,0.9553,0.95543,1.13,1.69
2013.06.03 06:31:21.986,0.9553,0.95542,1.13,1.69
2013.06.03 06:31:23.157,0.95532,0.95542,1.13,1.69
2013.06.03 06:31:23.336,0.95532,0.95544,1.13,3.19
2013.06.03 06:31:37.486,0.95532,0.95543,1.32,1.50
2013.06.03 06:31:37.787,0.9553,0.9554,1.13,1.50
2013.06.03 06:31:38.036,0.95529,0.95542,2.63,1.50
2013.06.03 06:31:38.467,0.9553,0.95542,1.13,1.50
2013.06.03 06:31:39.005,0.9553,0.95542,1.13,2.25
2013.06.03 06:31:39.326,0.9553,0.95542,1.13,2.25
2013.06.03 06:31:39.386,0.9553,0.95542,1.13,1.50
2013.06.03 06:31:43.218,0.95529,0.95541,1.50,1.50
2013.06.03 06:31:43.766,0.9553,0.9554,1.13,1.50
2013.06.03 06:31:44.307,0.9553,0.95541,1.13,2.25
2013.06.03 06:31:44.855,0.95529,0.95542,1.69,2.25
2013.06.03 06:31:44.941,0.9553,0.95542,1.13,2.25
2013.06.03 06:31:45.657,0.9553,0.95541,1.13,1.50
2013.06.03 06:31:46.455,0.9553,0.95541,1.13,1.50
2013.06.03 06:31:47.227,0.9553,0.95541,1.13,2.25
2013.06.03 06:31:48.275,0.9553,0.95542,1.13,1.50
2013.06.03 06:31:49.025,0.9553,0.95542,1.13,1.50
2013.06.03 06:31:50.228,0.9553,0.95542,1.13,1.50
2013.06.03 06:31:50.775,0.95529,0.95542,2.44,2.25
2013.06.03 06:31:54.568,0.95529,0.9554,1.13,1.50
2013.06.03 06:31:55.045,0.95527,0.9554,1.88,1.50
2013.06.03 06:31:55.567,0.95527,0.95538,1.13,1.50
2013.06.03 06:31:56.758,0.95524,0.95538,3.94,1.88
2013.06.03 06:31:56.886,0.95524,0.95537,1.50,1.50
2013.06.03 06:31:57.366,0.95522,0.95535,1.69,1.50
2013.06.03 06:31:59.067,0.95522,0.95535,1.88,1.50
2013.06.03 06:31:59.186,0.95522,0.95535,1.13,1.50
2013.06.03 06:31:59.858,0.95522,0.95536,1.88,1.50
2013.06.03 06:32:00.276,0.95523,0.95536,1.50,1.50
2013.06.03 06:32:00.906,0.95521,0.95536,2.44,1.50
2013.06.03 06:32:02.077,0.95522,0.95536,1.13,1.50
2013.06.03 06:32:02.475,0.95522,0.95534,1.13,1.50
2013.06.03 06:32:07.777,0.95521,0.95533,2.07,1.50
2013.06.03 06:32:08.343,0.95521,0.95534,2.82,1.50
2013.06.03 06:32:09.234,0.95521,0.95534,1.32,1.50
2013.06.03 06:32:10.377,0.9552,0.95534,3.19,2.25
2013.06.03 06:32:13.425,0.9552,0.95534,2.63,2.25
2013.06.03 06:32:13.956,0.9552,0.95534,2.63,2.25
2013.06.03 06:32:15.663,0.95521,0.95534,2.44,2.25
2013.06.03 06:32:22.356,0.95521,0.95533,1.88,1.50
2013.06.03 06:32:28.007,0.95521,0.95534,1.13,1.50
2013.06.03 06:32:28.629,0.9552,0.95534,3.94,2.25
2013.06.03 06:32:37.197,0.95521,0.95534,1.32,1.50
2013.06.03 06:32:38.439,0.95522,0.95534,1.13,1.50
2013.06.03 06:32:38.957,0.95521,0.95534,1.32,2.25
2013.06.03 06:32:39.627,0.9552,0.95534,1.88,2.44
2013.06.03 06:32:40.180,0.95518,0.95533,2.63,3.94
2013.06.03 06:32:40.490,0.95518,0.95531,4.13,1.50
2013.06.03 06:32:41.138,0.95518,0.95531,3.38,2.25
2013.06.03 06:32:41.448,0.95518,0.95525,1.50,1.13
2013.06.03 06:32:41.566,0.95514,0.95525,2.25,1.32
2013.06.03 06:32:41.696,0.95509,0.95523,2.44,1.13
2013.06.03 06:32:41.756,0.95505,0.95523,1.69,1.88
2013.06.03 06:32:42.237,0.95508,0.95523,1.69,2.82
2013.06.03 06:32:42.479,0.95505,0.95518,1.69,1.13
2013.06.03 06:32:42.548,0.95504,0.95517,1.69,1.50
2013.06.03 06:32:43.205,0.95505,0.95519,1.32,1.69
2013.06.03 06:32:43.285,0.95506,0.9552,1.88,3.57
2013.06.03 06:32:43.537,0.95503,0.95518,2.07,1.50
2013.06.03 06:32:44.075,0.95503,0.95518,1.69,1.88
2013.06.03 06:32:45.517,0.95502,0.95518,2.82,1.88
2013.06.03 06:32:46.358,0.95504,0.95518,1.88,1.88
2013.06.03 06:32:46.429,0.95504,0.95518,5.52,1.88
2013.06.03 06:32:46.737,0.95507,0.9552,3.57,1.13
2013.06.03 06:32:47.288,0.95507,0.9552,1.88,2.25
2013.06.03 06:32:48.528,0.95508,0.9552,2.25,1.50
2013.06.03 06:32:49.106,0.95508,0.95522,3.00,3.00
2013.06.03 06:32:49.947,0.95508,0.95521,1.50,1.50
2013.06.03 06:32:50.307,0.95507,0.95519,1.13,1.50
2013.06.03 06:32:50.866,0.95504,0.95518,2.82,1.69
2013.06.03 06:32:51.408,0.95504,0.95519,3.19,4.69
2013.06.03 06:32:51.586,0.95504,0.95519,3.19,3.19
2013.06.03 06:32:52.107,0.95504,0.95518,2.25,1.50
2013.06.03 06:32:56.576,0.95507,0.95519,1.13,1.69
2013.06.03 06:32:57.251,0.95506,0.95519,1.13,1.69
2013.06.03 06:32:57.557,0.95507,0.9552,1.88,1.69
2013.06.03 06:32:57.737,0.95507,0.95521,1.69,1.69
2013.06.03 06:32:57.797,0.95507,0.95521,1.69,1.69
2013.06.03 06:32:58.439,0.95507,0.9552,3.19,1.50
2013.06.03 06:32:58.946,0.95506,0.95519,1.88,1.69
2013.06.03 06:33:01.615,0.95506,0.95519,1.13,2.44
2013.06.03 06:33:02.189,0.95506,0.9552,1.88,3.19
2013.06.03 06:33:02.756,0.95506,0.9552,1.88,3.19
2013.06.03 06:33:03.458,0.95506,0.95519,1.13,2.44
2013.06.03 06:33:04.526,0.95505,0.95519,3.00,2.25
2013.06.03 06:33:04.647,0.95505,0.95519,1.50,3.75
2013.06.03 06:33:05.223,0.95505,0.95518,1.50,2.25
2013.06.03 06:33:09.197,0.95504,0.95517,1.88,1.69
2013.06.03 06:33:10.348,0.95505,0.95519,1.32,1.69
2013.06.03 06:33:10.469,0.95507,0.9552,1.13,2.07
2013.06.03 06:33:10.776,0.95509,0.95523,1.50,2.07
2013.06.03 06:33:11.307,0.95508,0.95522,2.44,2.07
2013.06.03 06:33:11.486,0.95508,0.95522,2.44,2.07
2013.06.03 06:33:12.408,0.95508,0.95523,2.44,1.32
2013.06.03 06:33:13.236,0.95508,0.95522,2.25,1.32
2013.06.03 06:33:17.786,0.95509,0.95521,1.13,1.50
2013.06.03 06:33:18.618,0.95509,0.95522,1.13,2.07
2013.06.03 06:33:19.456,0.95509,0.95521,1.13,2.25
2013.06.03 06:33:21.106,0.95508,0.95521,2.25,2.25
2013.06.03 06:33:21.619,0.95508,0.95522,3.00,3.38
2013.06.03 06:33:28.416,0.95509,0.95522,1.50,2.63
2013.06.03 06:33:28.976,0.95509,0.95521,1.50,1.50
2013.06.03 06:33:29.527,0.95508,0.95521,1.13,2.44
2013.06.03 06:33:30.296,0.95508,0.9552,1.13,1.50
2013.06.03 06:33:30.845,0.95508,0.95518,1.13,1.50
2013.06.03 06:33:31.396,0.95508,0.9552,1.13,1.50
2013.06.03 06:33:31.916,0.95505,0.9552,3.57,1.69
2013.06.03 06:33:32.527,0.95505,0.9552,1.69,2.82
2013.06.03 06:33:32.647,0.95505,0.95517,1.50,1.50
2013.06.03 06:33:33.186,0.95504,0.95516,1.13,2.44
2013.06.03 06:33:33.487,0.95502,0.95515,1.13,1.50
2013.06.03 06:33:36.196,0.95502,0.95515,1.13,1.50
2013.06.03 06:33:37.755,0.95502,0.95514,1.13,1.69
2013.06.03 06:33:39.055,0.95502,0.95515,1.13,1.50
2013.06.03 06:33:43.820,0.95503,0.95515,1.32,1.50
2013.06.03 06:33:44.376,0.95502,0.95515,2.07,1.50
2013.06.03 06:33:48.797,0.95502,0.95514,1.32,1.50
2013.06.03 06:33:49.384,0.95501,0.95515,2.07,1.50
2013.06.03 06:33:53.009,0.95502,0.95515,1.32,3.00
2013.06.03 06:33:53.316,0.95502,0.95515,1.32,3.75
2013.06.03 06:33:55.047,0.95503,0.95513,1.32,3.00
2013.06.03 06:33:55.587,0.95502,0.95514,2.07,2.25
2013.06.03 06:33:56.687,0.95503,0.95513,1.32,1.50
2013.06.03 06:33:57.199,0.95502,0.9551,2.07,1.50
2013.06.03 06:33:57.267,0.955,0.95511,4.32,1.50
2013.06.03 06:33:57.326,0.955,0.95511,1.88,1.50
2013.06.03 06:33:57.509,0.95497,0.9551,3.19,2.25
2013.06.03 06:33:57.637,0.95498,0.95508,1.69,1.50
2013.06.03 06:33:58.198,0.95497,0.95509,3.19,1.50
2013.06.03 06:33:58.736,0.95498,0.95509,1.13,1.50
2013.06.03 06:34:00.896,0.95498,0.95512,2.82,3.94
2013.06.03 06:34:01.446,0.95498,0.95511,2.07,2.25
2013.06.03 06:34:04.186,0.95499,0.95511,1.13,2.25
2013.06.03 06:34:04.306,0.95501,0.95513,1.50,3.00
2013.06.03 06:34:04.426,0.95502,0.95513,1.32,2.25
2013.06.03 06:34:04.948,0.95503,0.95514,1.13,3.00
2013.06.03 06:34:05.738,0.95501,0.95513,1.69,1.50
2013.06.03 06:34:06.090,0.955,0.95512,1.13,1.50
2013.06.03 06:34:11.300,0.955,0.95513,1.13,1.50
2013.06.03 06:34:11.866,0.95499,0.95513,2.07,1.50
2013.06.03 06:34:13.178,0.95499,0.95512,1.32,3.00
2013.06.03 06:34:14.625,0.95499,0.95512,1.88,3.75
2013.06.03 06:34:15.166,0.95499,0.95512,1.88,2.25
2013.06.03 06:34:19.030,0.95498,0.95511,2.07,1.50
2013.06.03 06:34:19.575,0.95499,0.95512,1.69,1.50
2013.06.03 06:34:21.150,0.955,0.95512,1.13,2.25
2013.06.03 06:34:21.821,0.955,0.95512,2.63,3.00
2013.06.03 06:34:24.667,0.955,0.95511,3.38,2.25
2013.06.03 06:34:24.786,0.955,0.95511,2.63,1.50
2013.06.03 06:34:25.086,0.955,0.95512,2.63,4.50
2013.06.03 06:34:28.277,0.955,0.95512,2.63,3.00
2013.06.03 06:34:28.905,0.955,0.95512,2.63,3.75
2013.06.03 06:34:31.211,0.955,0.95512,1.13,3.00
2013.06.03 06:34:31.585,0.955,0.95512,1.13,3.75
2013.06.03 06:34:33.455,0.955,0.95512,1.13,6.00
2013.06.03 06:34:33.636,0.95497,0.9551,3.19,1.50
2013.06.03 06:34:39.051,0.95497,0.95509,3.19,1.50
2013.06.03 06:34:39.595,0.95497,0.9551,3.19,2.25
2013.06.03 06:34:41.157,0.95497,0.95508,1.69,2.25
2013.06.03 06:34:41.729,0.95496,0.95509,1.69,3.00
2013.06.03 06:34:42.398,0.95496,0.95509,1.69,3.75
2013.06.03 06:34:43.856,0.95496,0.95508,1.69,3.00
2013.06.03 06:34:44.516,0.95496,0.95507,1.69,2.25
2013.06.03 06:34:45.057,0.95495,0.95507,2.82,1.50
2013.06.03 06:34:45.359,0.95491,0.955,3.19,1.50
2013.06.03 06:34:45.906,0.9549,0.95501,1.69,2.25
2013.06.03 06:34:46.206,0.95485,0.95498,2.44,1.50
2013.06.03 06:34:46.447,0.95485,0.95497,1.13,2.07
2013.06.03 06:34:46.626,0.95483,0.95496,1.88,3.94
2013.06.03 06:34:46.689,0.95483,0.95495,1.88,1.69
2013.06.03 06:34:46.938,0.95477,0.95489,1.13,2.44
2013.06.03 06:34:47.815,0.95477,0.95489,1.13,1.50
2013.06.03 06:34:48.344,0.95477,0.95489,1.13,3.00
2013.06.03 06:34:48.423,0.95475,0.95489,1.13,3.00
2013.06.03 06:34:48.547,0.95475,0.95488,1.13,2.44
2013.06.03 06:34:49.628,0.95475,0.95489,4.13,2.44
2013.06.03 06:34:49.747,0.95476,0.95489,1.13,1.50
2013.06.03 06:34:49.866,0.95477,0.95489,1.13,1.88
2013.06.03 06:34:49.927,0.95477,0.95489,1.13,1.88
2013.06.03 06:34:49.987,0.95477,0.95487,1.13,1.50
2013.06.03 06:34:50.316,0.95475,0.95486,1.69,1.50
2013.06.03 06:34:50.760,0.95473,0.95486,1.13,1.50
2013.06.03 06:34:50.831,0.95474,0.95486,1.13,1.50
2013.06.03 06:34:51.659,0.95474,0.95486,1.13,2.44
2013.06.03 06:34:53.116,0.95474,0.95487,3.38,1.69
2013.06.03 06:34:53.670,0.95474,0.95485,1.88,1.50
2013.06.03 06:34:54.646,0.95473,0.95485,1.50,1.50
2013.06.03 06:34:54.949,0.95474,0.95486,4.13,1.50
2013.06.03 06:34:55.678,0.95476,0.95485,1.13,1.50
2013.06.03 06:34:56.629,0.95474,0.95483,4.32,1.50
2013.06.03 06:34:56.819,0.95474,0.95483,1.50,1.50
2013.06.03 06:34:57.008,0.95477,0.95484,1.50,1.50
2013.06.03 06:34:57.547,0.95478,0.95483,1.50,1.50
2013.06.03 06:34:58.085,0.95478,0.95483,1.50,1.50
2013.06.03 06:34:59.007,0.95476,0.95483,1.88,1.50
2013.06.03 06:34:59.127,0.95479,0.95486,1.69,1.50
2013.06.03 06:34:59.546,0.95476,0.95488,2.07,2.25
2013.06.03 06:34:59.607,0.95476,0.95488,2.07,2.25
2013.06.03 06:35:00.208,0.95477,0.95488,2.44,3.00
2013.06.03 06:35:00.836,0.95477,0.95488,2.44,2.25
2013.06.03 06:35:02.227,0.95478,0.9549,2.25,3.75
2013.06.03 06:35:02.802,0.95478,0.9549,1.50,3.00
2013.06.03 06:35:03.049,0.95479,0.9549,1.50,3.00
2013.06.03 06:35:03.237,0.95479,0.9549,1.50,3.00
2013.06.03 06:35:03.297,0.95479,0.9549,1.50,3.00
2013.06.03 06:35:03.356,0.95479,0.9549,1.50,3.00
2013.06.03 06:35:03.921,0.95479,0.9549,1.50,3.00
2013.06.03 06:35:04.706,0.95478,0.9549,2.63,3.00
2013.06.03 06:35:06.077,0.95476,0.95489,3.75,3.00
2013.06.03 06:35:06.625,0.95476,0.95487,3.19,1.50
2013.06.03 06:35:07.637,0.95477,0.95486,1.69,1.50
2013.06.03 06:35:08.179,0.95476,0.95487,3.19,2.25
2013.06.03 06:35:08.704,0.95476,0.95486,1.69,1.50
2013.06.03 06:35:09.438,0.9548,0.95487,2.25,1.50
2013.06.03 06:35:09.678,0.95479,0.9549,1.50,3.75
2013.06.03 06:35:09.916,0.9548,0.95492,2.63,1.88
2013.06.03 06:35:09.977,0.95481,0.95493,4.13,3.00
2013.06.03 06:35:10.218,0.95483,0.95493,1.50,1.50
2013.06.03 06:35:12.007,0.95481,0.95493,2.07,1.50
2013.06.03 06:35:12.571,0.95481,0.95493,2.07,1.50
2013.06.03 06:35:13.328,0.95481,0.95493,2.07,1.50
2013.06.03 06:35:25.246,0.95482,0.95491,1.50,1.50
2013.06.03 06:35:25.567,0.95484,0.95494,1.50,1.50
2013.06.03 06:35:27.206,0.95483,0.95494,1.50,1.50
2013.06.03 06:35:29.316,0.95481,0.95494,2.63,1.50
2013.06.03 06:35:31.396,0.95482,0.95494,1.69,1.50
2013.06.03 06:35:32.577,0.95484,0.95495,2.82,2.25
2013.06.03 06:35:32.696,0.95484,0.95496,4.50,1.50
2013.06.03 06:35:32.757,0.95486,0.95496,1.69,2.25
2013.06.03 06:35:32.936,0.95486,0.95497,2.44,2.25
2013.06.03 06:35:33.586,0.95486,0.95497,2.44,1.50
2013.06.03 06:35:34.870,0.95486,0.95495,2.44,1.50
2013.06.03 06:35:35.056,0.95482,0.95495,1.69,3.75
2013.06.03 06:35:36.694,0.95482,0.95495,1.69,3.75
2013.06.03 06:35:37.998,0.95482,0.95496,3.19,2.63
2013.06.03 06:35:38.068,0.95486,0.95496,1.13,1.50
2013.06.03 06:35:38.677,0.95485,0.95497,2.07,2.25
2013.06.03 06:35:38.740,0.95485,0.95497,1.88,1.50
2013.06.03 06:35:39.286,0.95485,0.95497,2.07,1.50
2013.06.03 06:35:43.616,0.95486,0.95497,3.19,1.50
2013.06.03 06:35:45.126,0.95486,0.95497,2.25,3.00
2013.06.03 06:35:45.368,0.95484,0.95496,1.69,1.50
2013.06.03 06:35:45.929,0.95486,0.95497,1.13,3.00
2013.06.03 06:35:46.176,0.95486,0.95497,1.13,3.00
2013.06.03 06:35:46.477,0.95488,0.95498,2.25,2.25
2013.06.03 06:35:47.076,0.95488,0.95498,1.69,2.25
2013.06.03 06:35:48.250,0.95488,0.95498,1.69,2.25
2013.06.03 06:35:48.995,0.95487,0.95498,2.07,2.25
2013.06.03 06:35:49.538,0.95487,0.95497,1.32,1.50
2013.06.03 06:35:50.078,0.95488,0.95497,2.44,2.25
2013.06.03 06:35:50.677,0.95488,0.95497,1.69,2.25
2013.06.03 06:35:51.016,0.95487,0.95497,1.69,2.25
2013.06.03 06:35:53.645,0.95487,0.95493,1.69,1.88
2013.06.03 06:35:53.919,0.95476,0.95488,3.38,2.63
2013.06.03 06:35:54.537,0.95477,0.95488,1.69,2.63
2013.06.03 06:35:55.082,0.95475,0.95488,1.69,2.63
2013.06.03 06:35:55.796,0.95475,0.95484,1.69,2.25
2013.06.03 06:35:55.918,0.95474,0.95486,2.25,1.13
2013.06.03 06:35:55.989,0.95474,0.95488,2.25,4.13
2013.06.03 06:35:56.237,0.95474,0.95485,2.25,1.88
2013.06.03 06:35:56.297,0.95474,0.95485,2.25,6.00
2013.06.03 06:35:56.718,0.95472,0.95483,1.69,1.13
2013.06.03 06:35:57.233,0.95472,0.95483,1.69,1.13
2013.06.03 06:35:58.009,0.95472,0.95485,2.44,3.38
2013.06.03 06:35:58.080,0.95472,0.95482,1.69,1.13
2013.06.03 06:35:58.626,0.9547,0.95482,1.69,1.13
2013.06.03 06:35:58.931,0.95472,0.95484,2.44,1.50
2013.06.03 06:35:58.999,0.95473,0.95485,2.82,3.00
2013.06.03 06:35:59.309,0.95478,0.95491,3.38,1.50
2013.06.03 06:35:59.378,0.95481,0.95492,1.13,1.50
2013.06.03 06:36:00.038,0.95481,0.95488,2.44,1.88
2013.06.03 06:36:00.397,0.95481,0.95491,1.50,3.38
2013.06.03 06:36:00.516,0.95478,0.9549,1.69,1.50
2013.06.03 06:36:01.057,0.95479,0.95491,2.25,1.13
2013.06.03 06:36:01.307,0.95481,0.95493,1.69,3.00
2013.06.03 06:36:01.846,0.95481,0.95493,1.69,1.50
2013.06.03 06:36:04.277,0.95475,0.95487,1.69,1.13
2013.06.03 06:36:04.349,0.95474,0.95487,1.88,1.88
2013.06.03 06:36:04.597,0.95472,0.95484,2.25,1.50
2013.06.03 06:36:05.136,0.95471,0.95484,2.82,1.50
2013.06.03 06:36:05.446,0.95471,0.95483,2.07,2.25
2013.06.03 06:36:08.371,0.95472,0.95483,3.19,2.25
2013.06.03 06:36:08.513,0.95472,0.95485,4.32,3.75
2013.06.03 06:36:09.347,0.95474,0.95487,1.69,1.50
2013.06.03 06:36:09.469,0.95478,0.95488,1.13,2.25
2013.06.03 06:36:09.597,0.95477,0.9549,2.07,1.50
2013.06.03 06:36:10.137,0.95477,0.95491,1.88,3.38
2013.06.03 06:36:10.807,0.95477,0.9549,1.32,2.25
2013.06.03 06:36:11.580,0.95476,0.95486,2.82,1.50
2013.06.03 06:36:11.886,0.95476,0.95488,2.82,1.50
2013.06.03 06:36:12.379,0.95476,0.95487,1.88,1.50
2013.06.03 06:36:12.630,0.95476,0.95489,1.88,1.50
2013.06.03 06:36:12.701,0.95476,0.95489,1.88,1.50
2013.06.03 06:36:12.768,0.95476,0.95489,1.88,1.50
2013.06.03 06:36:13.320,0.95476,0.95488,1.32,1.50
2013.06.03 06:36:13.876,0.95476,0.95488,1.13,2.44
2013.06.03 06:36:15.497,0.95476,0.95489,1.88,2.44
2013.06.03 06:36:16.037,0.95476,0.95489,1.88,1.69
2013.06.03 06:36:17.157,0.95476,0.95488,1.88,2.44
2013.06.03 06:36:17.278,0.95476,0.95487,1.13,1.50
2013.06.03 06:36:17.640,0.95476,0.95485,1.13,1.50
2013.06.03 06:36:18.588,0.95472,0.95479,1.50,1.50
2013.06.03 06:36:18.648,0.95469,0.95478,2.63,1.88
2013.06.03 06:36:18.708,0.95469,0.95478,1.50,1.88
2013.06.03 06:36:19.019,0.95465,0.95477,1.69,4.13
2013.06.03 06:36:19.267,0.95463,0.95475,2.07,1.13
2013.06.03 06:36:19.386,0.95462,0.95474,1.32,4.88
2013.06.03 06:36:19.686,0.95457,0.95469,2.44,1.50
2013.06.03 06:36:20.836,0.95457,0.95472,2.82,2.25
2013.06.03 06:36:20.897,0.95458,0.95472,2.44,1.50
2013.06.03 06:36:21.378,0.95461,0.95474,2.82,2.25
2013.06.03 06:36:21.926,0.95461,0.95473,2.07,1.50
2013.06.03 06:36:22.746,0.95461,0.9547,2.07,1.13
2013.06.03 06:36:22.927,0.95458,0.9547,1.50,1.32
2013.06.03 06:36:22.989,0.9546,0.95469,2.63,1.13
2013.06.03 06:36:23.116,0.9546,0.95469,2.63,1.88
2013.06.03 06:36:23.177,0.95462,0.95469,1.50,1.88
2013.06.03 06:36:23.358,0.95465,0.95474,2.63,1.50
2013.06.03 06:36:23.477,0.95465,0.95476,2.25,1.88
2013.06.03 06:36:23.657,0.95464,0.95475,2.44,1.50
2013.06.03 06:36:23.917,0.95464,0.95475,1.69,2.25
2013.06.03 06:36:24.456,0.95464,0.95475,1.69,1.50
2013.06.03 06:36:25.598,0.95463,0.95473,2.82,2.25
2013.06.03 06:36:25.793,0.95459,0.9547,1.69,1.13
2013.06.03 06:36:25.860,0.95458,0.9547,1.69,1.13
2013.06.03 06:36:26.508,0.95457,0.95469,1.32,1.50
2013.06.03 06:36:27.047,0.95457,0.95469,1.69,1.50
2013.06.03 06:36:27.606,0.95456,0.95469,2.07,2.25
2013.06.03 06:36:27.669,0.95456,0.95465,2.07,2.25
2013.06.03 06:36:27.740,0.95455,0.95466,3.57,2.25
2013.06.03 06:36:27.991,0.95457,0.95468,1.69,2.25
2013.06.03 06:36:28.718,0.95459,0.95469,1.13,2.25
2013.06.03 06:36:29.206,0.95458,0.9547,2.82,1.50
2013.06.03 06:36:29.587,0.95458,0.95467,1.69,2.25
2013.06.03 06:36:29.647,0.95456,0.95467,1.32,3.00
2013.06.03 06:36:29.707,0.95453,0.95465,4.32,2.25
2013.06.03 06:36:29.947,0.95453,0.95463,1.32,1.50
2013.06.03 06:36:30.487,0.95453,0.95465,2.07,1.50
2013.06.03 06:36:30.790,0.95452,0.95463,1.69,1.50
2013.06.03 06:36:31.239,0.95451,0.9546,1.69,1.13
2013.06.03 06:36:31.486,0.95447,0.95458,1.32,4.13
2013.06.03 06:36:32.928,0.95445,0.95457,1.69,1.50
2013.06.03 06:36:34.479,0.95444,0.95457,1.32,2.25
2013.06.03 06:36:34.549,0.95443,0.9545,1.88,1.13
2013.06.03 06:36:34.868,0.95438,0.95449,2.25,1.50
2013.06.03 06:36:34.927,0.95436,0.95449,2.44,2.25
2013.06.03 06:36:36.027,0.95436,0.95449,1.69,3.75
2013.06.03 06:36:36.530,0.95436,0.95449,1.69,2.25
2013.06.03 06:36:37.324,0.95436,0.95449,2.44,2.25
2013.06.03 06:36:38.063,0.95436,0.95449,1.88,3.00
2013.06.03 06:36:38.133,0.95436,0.95447,1.88,1.50
2013.06.03 06:36:38.602,0.95437,0.95447,1.50,1.50
2013.06.03 06:36:39.091,0.95436,0.95448,1.32,1.50
2013.06.03 06:36:41.269,0.95436,0.95448,1.13,1.50
2013.06.03 06:36:42.118,0.95437,0.95448,1.69,1.50
2013.06.03 06:36:43.310,0.95437,0.95448,1.69,1.50
2013.06.03 06:36:43.868,0.95437,0.95449,1.50,2.25
2013.06.03 06:36:45.027,0.95437,0.95449,1.50,2.25
2013.06.03 06:36:45.275,0.95438,0.9545,1.50,3.00
2013.06.03 06:36:45.421,0.95443,0.95455,1.69,1.50
2013.06.03 06:36:45.561,0.95444,0.95457,2.44,1.88
2013.06.03 06:36:45.703,0.95443,0.95455,1.69,1.50
2013.06.03 06:36:46.247,0.95443,0.95453,1.69,1.50
2013.06.03 06:36:46.866,0.95443,0.95453,1.69,1.50
2013.06.03 06:36:47.637,0.95443,0.95455,3.19,1.50
2013.06.03 06:36:48.266,0.95443,0.95457,3.19,2.25
2013.06.03 06:36:48.817,0.95443,0.95455,1.69,3.75
2013.06.03 06:36:49.179,0.95441,0.95454,1.32,2.25
2013.06.03 06:36:49.427,0.95442,0.95453,1.50,1.50
2013.06.03 06:36:49.606,0.95443,0.95455,1.13,1.50
2013.06.03 06:36:50.146,0.95443,0.95456,2.07,2.25
2013.06.03 06:36:50.266,0.95443,0.95454,2.07,1.50
2013.06.03 06:36:50.446,0.95444,0.95456,2.82,1.50
2013.06.03 06:36:50.507,0.95445,0.95456,1.32,1.50
2013.06.03 06:36:50.748,0.95446,0.95459,2.44,3.75
2013.06.03 06:36:50.867,0.95445,0.95458,2.82,2.25
2013.06.03 06:36:50.987,0.95446,0.95459,1.69,3.75
2013.06.03 06:36:52.466,0.95447,0.95459,1.69,3.00
2013.06.03 06:36:53.796,0.95447,0.95459,1.69,3.75
2013.06.03 06:36:54.448,0.95447,0.95459,2.44,3.00
2013.06.03 06:36:55.052,0.95447,0.95459,1.69,2.25
2013.06.03 06:36:57.457,0.95449,0.95459,1.50,2.25
2013.06.03 06:36:57.578,0.9545,0.95459,1.50,1.50
2013.06.03 06:36:57.877,0.95452,0.95462,1.50,3.38
2013.06.03 06:36:58.058,0.95455,0.95463,1.50,1.50
2013.06.03 06:36:58.118,0.95456,0.95465,1.50,1.13
2013.06.03 06:36:58.247,0.95457,0.95468,2.25,1.13
2013.06.03 06:36:58.307,0.9546,0.95468,1.50,1.13
2013.06.03 06:36:58.667,0.95467,0.95474,1.50,1.13
2013.06.03 06:36:58.978,0.95469,0.95479,1.50,4.69
2013.06.03 06:36:59.037,0.95469,0.95479,1.50,1.69
2013.06.03 06:36:59.576,0.95469,0.95479,2.25,5.25
2013.06.03 06:36:59.636,0.95466,0.95476,1.32,1.50
2013.06.03 06:37:00.458,0.95462,0.95476,5.07,2.85
2013.06.03 06:37:00.637,0.95462,0.95475,2.82,1.50
2013.06.03 06:37:01.154,0.95462,0.95475,2.82,1.50
2013.06.03 06:37:03.606,0.95464,0.95474,2.25,1.50
2013.06.03 06:37:04.147,0.95465,0.95477,1.32,1.50
2013.06.03 06:37:04.207,0.95465,0.95479,1.32,1.50
2013.06.03 06:37:05.048,0.95468,0.9548,1.13,4.50
2013.06.03 06:37:05.227,0.95468,0.95482,2.82,1.69
2013.06.03 06:37:10.731,0.95469,0.95482,2.44,1.13
2013.06.03 06:37:11.037,0.95468,0.95482,2.63,2.63
2013.06.03 06:37:11.837,0.95468,0.95481,2.63,1.50
2013.06.03 06:37:13.016,0.95468,0.95481,1.88,1.50
2013.06.03 06:37:15.696,0.95469,0.95482,2.44,1.13
2013.06.03 06:37:16.937,0.95468,0.95482,3.57,1.88
2013.06.03 06:37:17.478,0.95471,0.95482,1.50,1.13
2013.06.03 06:37:18.807,0.95471,0.95483,2.25,2.07
2013.06.03 06:37:19.227,0.9547,0.95484,2.25,2.82
2013.06.03 06:37:19.776,0.9547,0.95484,2.25,2.07
2013.06.03 06:37:20.317,0.9547,0.95484,2.44,2.82
2013.06.03 06:37:20.499,0.9547,0.95484,3.57,2.82
2013.06.03 06:37:20.568,0.9547,0.95482,3.57,1.50
2013.06.03 06:37:20.941,0.95471,0.95482,1.50,3.00
2013.06.03 06:37:21.447,0.9547,0.95482,2.07,1.50
2013.06.03 06:37:21.807,0.95469,0.95476,2.25,3.38
2013.06.03 06:37:22.168,0.95464,0.95469,1.50,1.50
2013.06.03 06:37:22.538,0.95462,0.9547,2.25,1.50
2013.06.03 06:37:22.596,0.95458,0.9547,1.88,1.50
2013.06.03 06:37:23.138,0.95458,0.9547,1.13,1.50
2013.06.03 06:37:23.317,0.95458,0.95471,1.13,1.50
2013.06.03 06:37:23.910,0.95457,0.95471,3.57,1.50
2013.06.03 06:37:26.409,0.95458,0.95471,1.13,1.50
2013.06.03 06:37:26.958,0.95461,0.95471,1.69,1.50
2013.06.03 06:37:27.527,0.95461,0.95471,1.69,1.50
2013.06.03 06:37:30.725,0.95461,0.95473,1.69,1.88
2013.06.03 06:37:30.788,0.95461,0.95473,1.69,2.63
2013.06.03 06:37:30.907,0.95459,0.95471,1.50,1.88
2013.06.03 06:37:31.327,0.95461,0.95472,1.50,1.50
2013.06.03 06:37:31.866,0.95461,0.95472,1.50,1.50
2013.06.03 06:37:32.426,0.95462,0.95474,1.50,1.88
2013.06.03 06:37:33.285,0.95462,0.95474,1.50,1.50
2013.06.03 06:37:33.596,0.95462,0.95474,1.50,1.50
2013.06.03 06:37:33.918,0.95462,0.95474,1.50,1.50
2013.06.03 06:37:34.168,0.95463,0.95474,3.19,1.50
2013.06.03 06:37:34.717,0.95463,0.95475,2.44,1.13
2013.06.03 06:37:36.777,0.95463,0.95476,3.19,2.25
2013.06.03 06:37:36.838,0.95464,0.95477,4.69,2.25
2013.06.03 06:37:37.217,0.95467,0.95477,3.94,1.88
2013.06.03 06:37:37.337,0.95466,0.95478,3.00,2.25
2013.06.03 06:37:37.696,0.95466,0.95479,2.25,1.50
2013.06.03 06:37:38.235,0.95466,0.95479,2.25,1.50
2013.06.03 06:37:38.957,0.95466,0.95479,2.25,1.50
2013.06.03 06:37:40.496,0.95466,0.95479,3.75,1.50
2013.06.03 06:37:41.098,0.95466,0.95479,1.69,1.50
2013.06.03 06:37:41.636,0.95466,0.95479,1.69,1.50
2013.06.03 06:37:43.338,0.95466,0.95479,2.44,2.25
2013.06.03 06:37:43.816,0.95468,0.9548,1.88,2.25
2013.06.03 06:37:44.197,0.95468,0.9548,1.88,2.25
2013.06.03 06:37:44.316,0.95468,0.9548,1.13,1.50
2013.06.03 06:37:44.971,0.95468,0.9548,1.13,1.50
2013.06.03 06:37:45.169,0.95468,0.95481,1.13,3.00
2013.06.03 06:37:45.297,0.95468,0.95481,1.13,1.50
2013.06.03 06:37:45.659,0.9547,0.95481,2.07,1.50
2013.06.03 06:37:45.907,0.9547,0.95484,3.57,1.50
2013.06.03 06:37:46.400,0.95471,0.95484,2.44,1.50
2013.06.03 06:37:46.949,0.95468,0.95482,4.32,3.38
2013.06.03 06:37:47.019,0.9547,0.95482,1.88,2.25
2013.06.03 06:37:47.567,0.95468,0.9548,2.82,1.50
2013.06.03 06:37:47.999,0.95467,0.95477,3.19,1.13
2013.06.03 06:37:48.137,0.95466,0.95477,2.44,1.13
2013.06.03 06:37:48.378,0.95464,0.95477,3.19,1.50
2013.06.03 06:37:48.618,0.95465,0.95477,1.32,1.50
2013.06.03 06:37:48.739,0.95466,0.9548,2.25,2.25
2013.06.03 06:37:48.870,0.95466,0.9548,1.50,2.25
2013.06.03 06:37:48.996,0.95465,0.9548,2.07,2.25
2013.06.03 06:37:49.237,0.95465,0.95478,1.32,1.50
2013.06.03 06:37:49.657,0.95463,0.95477,2.44,2.25
2013.06.03 06:37:52.198,0.95463,0.95477,3.19,2.25
2013.06.03 06:38:00.917,0.95463,0.95475,2.44,1.50
2013.06.03 06:38:01.038,0.95462,0.9547,3.94,1.13
2013.06.03 06:38:01.157,0.95461,0.9547,1.50,1.13
2013.06.03 06:38:01.338,0.95458,0.9547,1.69,1.13
2013.06.03 06:38:01.458,0.95456,0.95468,1.32,1.50
2013.06.03 06:38:01.519,0.95456,0.95468,1.32,3.75
2013.06.03 06:38:02.004,0.95454,0.95466,2.44,2.25
2013.06.03 06:38:02.159,0.95448,0.9546,2.44,1.50
2013.06.03 06:38:02.687,0.95448,0.95461,2.44,1.50
2013.06.03 06:38:05.076,0.95448,0.95462,2.44,1.50
2013.06.03 06:38:05.616,0.95448,0.95463,3.19,2.44
2013.06.03 06:38:06.147,0.95449,0.95463,1.69,2.25
2013.06.03 06:38:07.027,0.95451,0.95463,1.50,1.50
2013.06.03 06:38:07.387,0.95454,0.95464,1.50,1.50
2013.06.03 06:38:07.567,0.95455,0.95467,1.50,3.57
2013.06.03 06:38:07.688,0.95457,0.95467,1.50,2.44
2013.06.03 06:38:08.228,0.95457,0.95468,1.50,1.88
2013.06.03 06:38:09.192,0.95455,0.95468,1.69,1.13
2013.06.03 06:38:09.967,0.95456,0.95468,1.69,1.13
2013.06.03 06:38:13.386,0.95456,0.95467,1.69,1.50
2013.06.03 06:38:15.317,0.95454,0.95468,3.19,3.38
2013.06.03 06:38:16.346,0.95455,0.95468,1.69,3.38
2013.06.03 06:38:17.725,0.95454,0.95468,3.19,3.38
2013.06.03 06:38:19.777,0.95455,0.95468,2.25,2.82
2013.06.03 06:38:22.130,0.95455,0.95463,2.25,1.13
2013.06.03 06:38:22.558,0.95447,0.95462,5.44,1.50
2013.06.03 06:38:24.866,0.95447,0.95463,5.07,6.19
2013.06.03 06:38:25.517,0.95447,0.95461,4.32,1.50
2013.06.03 06:38:26.056,0.95447,0.95462,6.57,1.69
2013.06.03 06:38:26.580,0.95447,0.95461,6.57,1.50
2013.06.03 06:38:27.471,0.95448,0.9546,2.44,1.50
2013.06.03 06:38:28.157,0.95448,0.95461,3.19,1.50
2013.06.03 06:38:28.696,0.95448,0.95461,2.44,2.25
2013.06.03 06:38:29.239,0.95448,0.95462,1.69,1.69
2013.06.03 06:38:29.777,0.95448,0.95461,2.44,2.25
2013.06.03 06:38:30.778,0.95448,0.9546,1.69,1.50
2013.06.03 06:38:30.907,0.95447,0.95459,1.69,3.00
2013.06.03 06:38:31.147,0.95444,0.95457,2.44,1.88
2013.06.03 06:38:31.628,0.95446,0.95458,1.50,1.32
2013.06.03 06:38:32.048,0.95443,0.95453,2.07,2.25
2013.06.03 06:38:32.168,0.95441,0.95451,1.50,1.13
2013.06.03 06:38:32.286,0.95439,0.95454,1.50,2.07
2013.06.03 06:38:32.346,0.95439,0.95452,1.50,2.25
2013.06.03 06:38:32.540,0.95438,0.95452,2.82,1.13
2013.06.03 06:38:33.316,0.9544,0.95453,1.50,1.32
2013.06.03 06:38:36.679,0.95438,0.95452,1.32,1.88
2013.06.03 06:38:36.748,0.95437,0.9545,2.44,1.13
2013.06.03 06:38:36.866,0.95436,0.9545,2.07,1.13
2013.06.03 06:38:37.406,0.95437,0.9545,1.50,1.13
2013.06.03 06:38:39.217,0.95438,0.9545,1.50,1.13
2013.06.03 06:38:39.337,0.95437,0.95448,1.50,2.63
2013.06.03 06:38:39.458,0.95435,0.95448,1.50,2.63
2013.06.03 06:38:39.639,0.95433,0.95446,1.69,1.50
2013.06.03 06:38:39.947,0.95436,0.95448,1.50,2.82
2013.06.03 06:38:40.009,0.95437,0.95449,1.88,1.69
2013.06.03 06:38:40.141,0.95437,0.95449,3.57,1.50
