2017.08.03 15:00:00.111,0.968,0.96807,1.12,1.00
2017.08.03 15:00:00.508,0.96796,0.96806,1.87,1.87
2017.08.03 15:00:01.207,0.96796,0.96806,1.37,3.00
2017.08.03 15:00:02.055,0.96796,0.96806,1.47,1.37
2017.08.03 15:00:02.592,0.96796,0.96806,1.47,3.37
2017.08.03 15:00:02.644,0.96796,0.96806,1.47,4.12
2017.08.03 15:00:02.747,0.96796,0.96806,1.37,2.62
2017.08.03 15:00:03.295,0.96796,0.96806,1.37,1.12
2017.08.03 15:00:03.606,0.96798,0.96808,2.24,1.87
2017.08.03 15:00:04.155,0.96797,0.96809,3.47,3.37
2017.08.03 15:00:04.736,0.96798,0.96808,1.29,1.12
2017.08.03 15:00:04.789,0.96799,0.9681,2.04,4.50
2017.08.03 15:00:05.303,0.968,0.96811,2.38,1.37
2017.08.03 15:00:05.407,0.96799,0.9681,2.42,2.81
2017.08.03 15:00:06.262,0.96799,0.96807,1.37,1.00
2017.08.03 15:00:06.784,0.96798,0.96807,1.37,1.37
2017.08.03 15:00:07.299,0.96798,0.96808,1.37,1.37
2017.08.03 15:00:07.938,0.96798,0.96807,1.37,1.37
2017.08.03 15:00:08.521,0.96799,0.96807,1.37,1.37
2017.08.03 15:00:09.182,0.96799,0.96807,1.37,1.00
2017.08.03 15:00:09.754,0.96799,0.96809,1.37,2.62
2017.08.03 15:00:10.268,0.96799,0.96808,1.37,2.21
2017.08.03 15:00:10.575,0.96798,0.96806,1.37,1.37
2017.08.03 15:00:10.940,0.96798,0.96807,1.37,1.12
2017.08.03 15:00:11.474,0.96799,0.96807,1.37,1.12
2017.08.03 15:00:13.159,0.96799,0.96807,1.37,1.37
2017.08.03 15:00:14.013,0.96798,0.96806,1.37,2.25
2017.08.03 15:00:14.422,0.96798,0.96806,1.37,1.37
2017.08.03 15:00:14.800,0.96798,0.96806,1.37,1.00
2017.08.03 15:00:15.304,0.96799,0.96807,1.12,2.62
2017.08.03 15:00:15.714,0.96801,0.96808,1.12,1.00
2017.08.03 15:00:15.819,0.96803,0.96812,1.12,2.25
2017.08.03 15:00:15.950,0.96805,0.96813,1.12,1.12
2017.08.03 15:00:16.467,0.96804,0.96812,1.37,1.50
2017.08.03 15:00:17.162,0.96801,0.96809,1.50,1.50
2017.08.03 15:00:17.473,0.968,0.96808,1.37,1.87
2017.08.03 15:00:17.525,0.968,0.96808,1.37,1.50
2017.08.03 15:00:18.031,0.96799,0.96808,1.37,1.84
2017.08.03 15:00:18.813,0.96798,0.96806,1.37,1.00
2017.08.03 15:00:19.122,0.96803,0.9681,1.37,2.25
2017.08.03 15:00:19.513,0.96799,0.96808,2.62,1.12
2017.08.03 15:00:20.034,0.96801,0.96809,1.95,1.00
2017.08.03 15:00:20.137,0.96801,0.96812,1.95,1.87
2017.08.03 15:00:20.240,0.96801,0.96809,1.12,1.12
2017.08.03 15:00:20.526,0.96803,0.96812,1.37,1.37
2017.08.03 15:00:21.040,0.96804,0.96811,1.37,3.00
2017.08.03 15:00:21.189,0.96805,0.96813,1.37,1.87
2017.08.03 15:00:21.709,0.96806,0.96813,1.37,1.00
2017.08.03 15:00:23.035,0.96805,0.96813,1.37,2.25
2017.08.03 15:00:23.548,0.96805,0.96812,1.37,1.12
2017.08.03 15:00:24.106,0.96805,0.96813,1.37,1.87
2017.08.03 15:00:24.619,0.96806,0.96814,1.37,1.37
2017.08.03 15:00:26.265,0.96806,0.96814,1.37,1.12
2017.08.03 15:00:26.898,0.96807,0.96814,1.37,1.12
2017.08.03 15:00:27.322,0.96806,0.96814,1.37,1.37
2017.08.03 15:00:27.837,0.96806,0.96815,1.37,1.87
2017.08.03 15:00:28.383,0.96806,0.96814,1.37,1.37
2017.08.03 15:00:30.073,0.96806,0.96813,1.37,1.37
2017.08.03 15:00:30.280,0.96804,0.96812,1.37,1.87
2017.08.03 15:00:30.793,0.96805,0.96813,1.37,1.12
2017.08.03 15:00:30.846,0.96803,0.96808,1.37,1.25
2017.08.03 15:00:30.980,0.96798,0.96805,1.00,1.50
2017.08.03 15:00:31.138,0.96799,0.96809,1.37,4.69
2017.08.03 15:00:31.346,0.96801,0.96811,1.37,1.37
2017.08.03 15:00:31.948,0.968,0.96807,1.50,1.00
2017.08.03 15:00:32.001,0.96798,0.96807,1.87,1.00
2017.08.03 15:00:32.054,0.96798,0.96807,1.37,1.37
2017.08.03 15:00:33.030,0.96798,0.96807,1.37,1.87
2017.08.03 15:00:33.542,0.96798,0.96807,1.50,1.00
2017.08.03 15:00:34.092,0.96798,0.96809,1.50,2.25
2017.08.03 15:00:34.401,0.96803,0.96813,1.00,1.87
2017.08.03 15:00:34.724,0.96799,0.96807,1.12,1.00
2017.08.03 15:00:34.880,0.96802,0.96811,1.50,1.00
2017.08.03 15:00:35.291,0.968,0.9681,1.50,2.81
2017.08.03 15:00:35.681,0.96798,0.96808,1.37,2.25
2017.08.03 15:00:35.993,0.968,0.9681,1.37,1.37
2017.08.03 15:00:36.045,0.968,0.96811,1.37,2.62
2017.08.03 15:00:36.552,0.96801,0.96811,1.37,2.62
2017.08.03 15:00:36.760,0.96801,0.96811,3.37,1.50
2017.08.03 15:00:36.812,0.96804,0.96812,1.87,1.12
2017.08.03 15:00:36.872,0.96804,0.96814,1.37,1.12
2017.08.03 15:00:37.388,0.96805,0.96814,1.87,1.87
2017.08.03 15:00:37.898,0.96805,0.96814,1.87,1.00
2017.08.03 15:00:40.519,0.96805,0.96814,1.37,1.87
2017.08.03 15:00:41.040,0.96805,0.96814,1.37,1.87
2017.08.03 15:00:42.116,0.96805,0.96814,1.37,1.87
2017.08.03 15:00:42.219,0.96806,0.96815,1.87,2.62
2017.08.03 15:00:42.372,0.96806,0.96814,1.87,1.37
2017.08.03 15:00:42.916,0.96806,0.96813,1.12,1.37
2017.08.03 15:00:43.534,0.96805,0.96811,1.37,1.12
2017.08.03 15:00:43.831,0.96803,0.96811,1.37,1.37
2017.08.03 15:00:44.347,0.96803,0.96812,1.37,3.37
2017.08.03 15:00:44.903,0.96804,0.96812,1.37,3.37
2017.08.03 15:00:45.865,0.96805,0.96813,1.37,1.37
2017.08.03 15:00:46.381,0.96806,0.96814,1.37,2.25
2017.08.03 15:00:46.483,0.96806,0.96814,1.37,1.50
2017.08.03 15:00:47.026,0.96806,0.96813,1.37,1.00
2017.08.03 15:00:47.541,0.96809,0.96815,1.37,2.62
2017.08.03 15:00:47.644,0.96811,0.96819,1.37,3.56
2017.08.03 15:00:47.696,0.96813,0.96819,1.37,1.12
2017.08.03 15:00:47.748,0.96813,0.96821,1.37,2.25
2017.08.03 15:00:48.136,0.96814,0.96822,1.37,2.62
2017.08.03 15:00:48.552,0.96814,0.96822,1.37,3.37
2017.08.03 15:00:49.111,0.96814,0.96822,1.37,2.25
2017.08.03 15:00:49.627,0.96815,0.96822,1.37,1.87
2017.08.03 15:00:50.386,0.96815,0.96823,1.37,2.25
2017.08.03 15:00:52.488,0.96815,0.96822,1.37,2.25
2017.08.03 15:00:53.124,0.96815,0.96823,1.37,3.37
2017.08.03 15:00:53.671,0.96814,0.96822,1.37,3.00
2017.08.03 15:00:54.165,0.96814,0.96819,1.00,1.77
2017.08.03 15:00:54.218,0.96812,0.9682,1.37,1.87
2017.08.03 15:00:54.635,0.96813,0.96822,1.37,2.25
2017.08.03 15:00:55.201,0.96814,0.96822,1.37,2.25
2017.08.03 15:00:55.309,0.96811,0.96819,1.50,1.00
2017.08.03 15:00:55.622,0.96813,0.96822,1.37,3.00
2017.08.03 15:00:56.138,0.96814,0.96824,1.37,5.62
2017.08.03 15:00:58.472,0.96814,0.96822,1.37,1.50
2017.08.03 15:00:58.988,0.96814,0.96823,1.37,1.87
2017.08.03 15:00:59.514,0.96819,0.96825,1.37,1.37
2017.08.03 15:00:59.568,0.9682,0.96828,1.37,1.12
2017.08.03 15:00:59.671,0.96818,0.96827,1.12,1.34
2017.08.03 15:01:00.183,0.96818,0.96826,1.37,1.46
2017.08.03 15:01:00.496,0.9682,0.96827,1.37,1.37
2017.08.03 15:01:00.548,0.96821,0.96827,1.37,1.00
2017.08.03 15:01:00.600,0.96822,0.9683,1.37,1.87
2017.08.03 15:01:00.703,0.96822,0.96832,1.37,1.12
2017.08.03 15:01:01.545,0.96822,0.96831,1.37,1.50
2017.08.03 15:01:02.112,0.96823,0.96831,1.37,1.12
2017.08.03 15:01:02.664,0.96823,0.96832,1.37,1.12
2017.08.03 15:01:03.024,0.96823,0.96827,1.00,1.09
2017.08.03 15:01:03.077,0.96819,0.96828,1.87,1.50
2017.08.03 15:01:03.129,0.96819,0.96826,1.12,3.34
2017.08.03 15:01:03.233,0.96814,0.96825,3.37,3.00
2017.08.03 15:01:03.587,0.96813,0.96823,1.37,1.00
2017.08.03 15:01:04.101,0.96813,0.96824,1.37,2.25
2017.08.03 15:01:04.639,0.96813,0.96825,1.87,5.32
2017.08.03 15:01:05.166,0.96814,0.96824,1.47,1.00
2017.08.03 15:01:05.715,0.96813,0.96823,1.37,4.50
2017.08.03 15:01:06.179,0.96813,0.96821,1.37,1.50
2017.08.03 15:01:06.685,0.96813,0.96822,1.37,3.00
2017.08.03 15:01:07.916,0.96811,0.9682,1.50,1.00
2017.08.03 15:01:08.430,0.96811,0.96819,1.37,1.00
2017.08.03 15:01:09.193,0.96811,0.96818,1.37,1.69
2017.08.03 15:01:09.713,0.9681,0.96818,1.37,4.09
2017.08.03 15:01:10.012,0.96808,0.96817,1.37,2.21
2017.08.03 15:01:10.525,0.96807,0.96816,1.37,1.00
2017.08.03 15:01:13.098,0.9681,0.96816,1.87,1.00
2017.08.03 15:01:13.307,0.96813,0.96822,1.37,3.19
2017.08.03 15:01:13.865,0.96814,0.96823,1.37,1.00
2017.08.03 15:01:14.629,0.96814,0.96822,1.37,1.50
2017.08.03 15:01:16.108,0.96814,0.96823,1.37,2.25
2017.08.03 15:01:16.621,0.96814,0.96824,1.37,2.25
2017.08.03 15:01:17.125,0.96814,0.96823,1.37,1.00
2017.08.03 15:01:17.674,0.96815,0.96824,1.37,1.50
2017.08.03 15:01:20.564,0.96816,0.96824,1.37,1.00
2017.08.03 15:01:20.922,0.96815,0.96823,1.00,3.00
2017.08.03 15:01:21.426,0.96815,0.96822,1.00,1.00
2017.08.03 15:01:21.995,0.96815,0.96823,1.00,1.00
2017.08.03 15:01:22.534,0.96815,0.96824,1.00,1.00
2017.08.03 15:01:24.557,0.96816,0.96824,1.37,2.25
2017.08.03 15:01:25.068,0.96816,0.96823,1.37,2.62
2017.08.03 15:01:25.802,0.96816,0.96824,1.37,4.12
2017.08.03 15:01:26.220,0.96816,0.96822,1.37,1.50
2017.08.03 15:01:26.850,0.96816,0.96823,1.37,1.00
2017.08.03 15:01:27.363,0.96816,0.96822,1.37,1.00
2017.08.03 15:01:29.852,0.96816,0.96823,1.37,1.00
2017.08.03 15:01:30.161,0.96817,0.96824,1.12,1.00
2017.08.03 15:01:30.212,0.96817,0.96826,1.12,4.84
2017.08.03 15:01:30.715,0.96817,0.96825,1.12,1.00
2017.08.03 15:01:31.057,0.9682,0.96826,3.60,1.00
2017.08.03 15:01:31.310,0.96825,0.96833,1.12,1.19
2017.08.03 15:01:31.362,0.96825,0.96835,1.12,2.25
2017.08.03 15:01:31.981,0.96825,0.96835,1.12,5.81
2017.08.03 15:01:32.186,0.96825,0.96833,1.12,1.00
2017.08.03 15:01:32.495,0.96834,0.96841,1.37,1.12
2017.08.03 15:01:33.007,0.96835,0.96842,1.37,1.12
2017.08.03 15:01:33.517,0.96834,0.96842,1.37,1.12
2017.08.03 15:01:34.202,0.96836,0.96843,1.87,1.00
2017.08.03 15:01:34.255,0.96836,0.96845,1.50,1.12
2017.08.03 15:01:34.993,0.96835,0.96844,1.37,1.37
2017.08.03 15:01:35.513,0.96836,0.96843,1.37,1.00
2017.08.03 15:01:36.027,0.96835,0.96844,1.37,2.06
2017.08.03 15:01:36.539,0.96835,0.96843,1.37,2.25
2017.08.03 15:01:37.130,0.96836,0.96844,1.37,3.00
2017.08.03 15:01:37.703,0.96836,0.96844,1.37,2.62
2017.08.03 15:01:38.218,0.96836,0.96844,1.37,2.62
2017.08.03 15:01:38.526,0.9684,0.96847,1.37,1.37
2017.08.03 15:01:38.674,0.9684,0.96847,1.37,1.12
2017.08.03 15:01:39.092,0.96838,0.96847,1.87,1.87
2017.08.03 15:01:39.144,0.96838,0.96845,1.37,1.00
2017.08.03 15:01:39.656,0.96837,0.96845,1.37,1.12
2017.08.03 15:01:40.145,0.9684,0.96846,1.37,1.00
2017.08.03 15:01:40.351,0.96841,0.9685,1.00,2.06
2017.08.03 15:01:40.402,0.96841,0.9685,1.00,2.06
2017.08.03 15:01:40.505,0.96841,0.96848,1.00,1.00
2017.08.03 15:01:40.819,0.96841,0.9685,1.00,2.81
2017.08.03 15:01:41.443,0.96841,0.96849,1.00,1.00
2017.08.03 15:01:41.702,0.96841,0.96847,1.00,1.00
2017.08.03 15:01:42.141,0.96838,0.96844,1.37,1.12
2017.08.03 15:01:42.193,0.96836,0.96844,2.25,1.12
2017.08.03 15:01:42.710,0.96835,0.96844,1.12,3.19
2017.08.03 15:01:43.223,0.96835,0.96844,1.50,1.87
2017.08.03 15:01:43.430,0.96837,0.96845,1.37,1.46
2017.08.03 15:01:43.824,0.9684,0.96848,1.87,1.00
2017.08.03 15:01:43.979,0.96839,0.96847,1.12,1.12
2017.08.03 15:01:44.033,0.96837,0.96845,2.59,1.12
2017.08.03 15:01:44.085,0.96836,0.96847,5.59,2.62
2017.08.03 15:01:44.188,0.96837,0.96845,1.12,1.00
2017.08.03 15:01:44.794,0.96836,0.96844,1.12,1.87
2017.08.03 15:01:45.321,0.96835,0.96844,1.12,1.12
2017.08.03 15:01:45.984,0.96835,0.96844,2.62,1.87
2017.08.03 15:01:46.754,0.96835,0.96843,1.87,4.12
2017.08.03 15:01:47.269,0.96834,0.96842,1.37,1.00
2017.08.03 15:01:47.976,0.96833,0.96842,1.87,1.00
2017.08.03 15:01:48.521,0.96833,0.96843,1.12,1.87
2017.08.03 15:01:49.041,0.96833,0.96843,1.37,3.56
2017.08.03 15:01:49.615,0.96835,0.96844,1.00,2.62
2017.08.03 15:01:49.978,0.96834,0.96845,2.62,3.00
2017.08.03 15:01:50.031,0.96838,0.96845,1.50,1.00
2017.08.03 15:01:50.189,0.9684,0.96849,1.87,1.37
2017.08.03 15:01:52.097,0.9684,0.96849,1.37,1.12
2017.08.03 15:01:52.611,0.9684,0.96848,1.87,1.50
2017.08.03 15:01:53.373,0.96838,0.96846,1.37,1.84
2017.08.03 15:01:53.475,0.96836,0.96846,1.37,3.34
2017.08.03 15:01:54.042,0.96835,0.96846,1.87,3.56
2017.08.03 15:01:55.334,0.96835,0.96846,1.87,1.87
2017.08.03 15:01:55.636,0.9684,0.96846,1.00,1.00
2017.08.03 15:01:55.791,0.9684,0.9685,3.37,1.00
2017.08.03 15:01:56.519,0.96842,0.9685,1.00,1.50
2017.08.03 15:01:56.800,0.96843,0.96852,1.12,1.00
2017.08.03 15:01:57.316,0.96842,0.96853,3.45,2.62
2017.08.03 15:01:58.453,0.96844,0.96852,1.37,1.00
2017.08.03 15:01:58.958,0.96844,0.96853,1.37,2.62
2017.08.03 15:01:59.270,0.96852,0.9686,2.62,1.37
2017.08.03 15:01:59.323,0.96854,0.9686,1.37,1.00
2017.08.03 15:01:59.869,0.96855,0.96861,1.37,1.37
2017.08.03 15:02:00.075,0.96854,0.96861,1.12,1.37
2017.08.03 15:02:00.281,0.96852,0.9686,1.12,2.25
2017.08.03 15:02:00.384,0.9685,0.96859,2.25,1.87
2017.08.03 15:02:00.685,0.96849,0.96858,1.12,1.37
2017.08.03 15:02:00.789,0.96849,0.96859,1.12,2.62
2017.08.03 15:02:01.203,0.96846,0.96854,3.75,2.21
2017.08.03 15:02:01.255,0.96846,0.96854,1.12,2.96
2017.08.03 15:02:01.359,0.96844,0.96853,3.75,1.37
2017.08.03 15:02:01.656,0.96844,0.96853,3.00,1.12
2017.08.03 15:02:02.923,0.96844,0.96853,1.87,1.87
2017.08.03 15:02:03.401,0.96842,0.96852,1.57,1.37
2017.08.03 15:02:03.559,0.96842,0.96853,3.82,2.44
2017.08.03 15:02:04.061,0.96842,0.96853,2.32,2.81
2017.08.03 15:02:04.774,0.96842,0.96851,1.87,1.00
2017.08.03 15:02:05.074,0.96844,0.96853,1.37,4.87
2017.08.03 15:02:06.025,0.96844,0.96854,4.12,1.46
2017.08.03 15:02:06.953,0.96844,0.96853,1.87,1.37
2017.08.03 15:02:07.212,0.96844,0.96854,1.87,1.87
2017.08.03 15:02:07.724,0.96843,0.96853,3.37,1.00
2017.08.03 15:02:08.240,0.96843,0.96852,1.37,1.31
2017.08.03 15:02:08.395,0.96845,0.96854,1.87,1.37
2017.08.03 15:02:08.447,0.96845,0.96854,1.37,1.12
2017.08.03 15:02:09.078,0.96844,0.96855,1.50,2.59
2017.08.03 15:02:09.287,0.96843,0.96853,1.87,1.12
2017.08.03 15:02:09.926,0.96843,0.96852,1.12,1.00
2017.08.03 15:02:10.083,0.96842,0.96848,1.12,1.00
2017.08.03 15:02:10.393,0.96835,0.96844,2.25,4.69
2017.08.03 15:02:11.399,0.96831,0.96842,4.50,1.37
2017.08.03 15:02:12.039,0.96831,0.96842,4.12,1.37
2017.08.03 15:02:12.377,0.96833,0.96843,1.00,1.37
2017.08.03 15:02:12.750,0.96833,0.96844,2.25,3.37
2017.08.03 15:02:13.982,0.96834,0.96845,1.00,3.71
2017.08.03 15:02:14.034,0.96835,0.96845,1.00,3.34
2017.08.03 15:02:14.188,0.96833,0.96844,1.12,2.44
2017.08.03 15:02:15.024,0.96833,0.96843,1.12,1.00
2017.08.03 15:02:15.611,0.96836,0.96844,4.46,1.00
2017.08.03 15:02:15.818,0.9684,0.96849,1.00,1.31
2017.08.03 15:02:15.965,0.96838,0.96848,1.12,2.44
2017.08.03 15:02:16.071,0.96836,0.96843,1.87,1.50
2017.08.03 15:02:16.225,0.96832,0.96841,1.00,1.12
2017.08.03 15:02:16.781,0.96832,0.96843,3.37,1.87
2017.08.03 15:02:16.885,0.96834,0.96844,2.62,1.37
2017.08.03 15:02:17.404,0.96836,0.96844,1.00,1.62
2017.08.03 15:02:17.713,0.96833,0.96844,1.50,1.37
2017.08.03 15:02:19.060,0.96833,0.96842,1.50,1.37
2017.08.03 15:02:20.176,0.96833,0.96843,1.50,2.62
2017.08.03 15:02:20.689,0.96834,0.96843,1.37,1.37
2017.08.03 15:02:21.516,0.96834,0.96843,1.37,1.37
2017.08.03 15:02:22.106,0.96838,0.96845,1.87,1.37
2017.08.03 15:02:22.209,0.9684,0.96848,2.62,1.00
2017.08.03 15:02:22.571,0.96843,0.96848,1.00,1.00
2017.08.03 15:02:22.935,0.96843,0.96853,2.62,2.25
2017.08.03 15:02:23.479,0.96844,0.96853,1.37,2.25
2017.08.03 15:02:23.975,0.96846,0.96854,1.37,2.96
2017.08.03 15:02:24.080,0.96848,0.96859,2.25,2.06
2017.08.03 15:02:24.183,0.96847,0.96856,1.00,3.34
2017.08.03 15:02:24.286,0.96844,0.96853,1.37,1.37
2017.08.03 15:02:24.338,0.96842,0.96852,2.70,1.37
2017.08.03 15:02:24.596,0.96842,0.96852,1.87,1.37
2017.08.03 15:02:24.871,0.96843,0.96852,1.12,1.37
2017.08.03 15:02:25.772,0.96843,0.96853,1.50,2.25
2017.08.03 15:02:26.294,0.96843,0.96852,1.50,2.62
2017.08.03 15:02:26.869,0.96842,0.96851,2.25,1.37
2017.08.03 15:02:27.388,0.96843,0.96852,1.00,1.37
2017.08.03 15:02:28.102,0.96843,0.96852,1.00,1.37
2017.08.03 15:02:28.256,0.96843,0.96852,1.37,1.37
2017.08.03 15:02:28.763,0.96843,0.96853,1.87,1.87
2017.08.03 15:02:29.841,0.96843,0.96853,1.87,1.87
2017.08.03 15:02:30.357,0.96842,0.96852,2.25,1.37
2017.08.03 15:02:32.163,0.96842,0.96851,2.25,1.37
2017.08.03 15:02:32.719,0.96842,0.9685,1.00,1.87
2017.08.03 15:02:34.249,0.96839,0.96846,1.50,1.71
2017.08.03 15:02:34.400,0.96836,0.96844,1.00,1.00
2017.08.03 15:02:34.916,0.96834,0.96844,1.50,3.37
2017.08.03 15:02:35.020,0.96833,0.96843,1.50,1.37
2017.08.03 15:02:35.175,0.96832,0.96841,1.00,1.87
2017.08.03 15:02:35.376,0.96832,0.96841,1.00,2.81
2017.08.03 15:02:35.699,0.96829,0.96835,1.12,1.00
2017.08.03 15:02:35.750,0.96826,0.96834,1.12,1.12
2017.08.03 15:02:36.297,0.96824,0.96834,1.50,1.12
2017.08.03 15:02:37.221,0.96824,0.96835,1.50,2.81
2017.08.03 15:02:37.739,0.96824,0.96834,1.00,4.87
2017.08.03 15:02:38.337,0.96823,0.96833,1.50,1.00
2017.08.03 15:02:38.851,0.96823,0.96833,1.37,2.62
2017.08.03 15:02:39.470,0.96823,0.96833,1.37,1.12
2017.08.03 15:02:40.039,0.96822,0.96833,1.50,1.12
2017.08.03 15:02:41.462,0.96823,0.96834,2.62,2.62
2017.08.03 15:02:43.440,0.96828,0.96837,1.69,2.70
2017.08.03 15:02:43.760,0.96827,0.96837,1.57,1.12
2017.08.03 15:02:44.680,0.96826,0.96835,1.37,1.00
2017.08.03 15:02:44.941,0.96824,0.96834,3.00,2.62
2017.08.03 15:02:45.148,0.96823,0.96832,1.37,1.00
2017.08.03 15:02:47.420,0.96823,0.96835,3.45,3.37
2017.08.03 15:02:47.929,0.96825,0.96835,1.37,1.37
2017.08.03 15:02:48.553,0.96825,0.96836,1.47,1.87
2017.08.03 15:02:49.072,0.96826,0.96837,1.37,1.37
2017.08.03 15:02:50.886,0.96826,0.96836,1.37,1.37
2017.08.03 15:02:51.403,0.96827,0.96836,1.37,1.00
2017.08.03 15:02:51.611,0.96826,0.96836,1.00,1.37
2017.08.03 15:02:51.715,0.96824,0.96832,1.12,1.00
2017.08.03 15:02:52.260,0.96823,0.96831,1.37,1.12
2017.08.03 15:02:53.537,0.96823,0.96833,1.37,1.87
2017.08.03 15:02:54.053,0.96823,0.96833,1.37,2.62
2017.08.03 15:02:55.154,0.96823,0.96833,1.37,1.37
2017.08.03 15:02:55.680,0.96823,0.96833,1.37,1.37
2017.08.03 15:02:56.015,0.96825,0.96835,1.37,3.19
2017.08.03 15:02:56.067,0.96825,0.96836,1.87,1.87
2017.08.03 15:02:56.574,0.96825,0.96836,1.87,2.06
2017.08.03 15:02:57.872,0.96825,0.96835,1.12,1.37
2017.08.03 15:02:59.245,0.96825,0.96834,1.37,1.37
2017.08.03 15:03:01.696,0.96825,0.96834,1.37,1.12
2017.08.03 15:03:07.283,0.96825,0.96835,1.12,1.37
2017.08.03 15:03:07.336,0.96829,0.96836,1.50,1.87
2017.08.03 15:03:07.441,0.96831,0.96839,1.37,1.00
2017.08.03 15:03:08.356,0.96831,0.96842,1.37,4.50
2017.08.03 15:03:08.733,0.9683,0.96838,1.00,1.50
2017.08.03 15:03:08.837,0.96827,0.96836,1.50,1.69
2017.08.03 15:03:08.992,0.96825,0.96835,2.62,1.87
2017.08.03 15:03:09.975,0.96824,0.96834,1.12,1.37
2017.08.03 15:03:10.028,0.96823,0.96834,2.25,2.81
2017.08.03 15:03:10.889,0.96824,0.96834,1.37,2.62
2017.08.03 15:03:11.406,0.96823,0.96834,2.25,1.37
2017.08.03 15:03:11.915,0.96825,0.96835,1.87,1.87
2017.08.03 15:03:12.447,0.96823,0.96835,3.00,3.94
2017.08.03 15:03:13.216,0.96825,0.96834,1.50,1.00
2017.08.03 15:03:13.418,0.96822,0.96834,2.25,1.50
2017.08.03 15:03:18.794,0.96822,0.96833,1.87,1.37
2017.08.03 15:03:19.306,0.96822,0.96833,1.37,1.37
2017.08.03 15:03:21.907,0.96822,0.96834,3.75,2.25
2017.08.03 15:03:22.061,0.96822,0.96834,2.25,3.75
2017.08.03 15:03:22.215,0.96822,0.96834,2.25,3.75
2017.08.03 15:03:22.268,0.96824,0.96834,1.37,1.87
2017.08.03 15:03:23.074,0.96825,0.96835,1.37,2.25
2017.08.03 15:03:25.452,0.96823,0.96833,3.75,1.87
2017.08.03 15:03:26.059,0.96823,0.96834,1.00,4.69
2017.08.03 15:03:28.760,0.96824,0.96834,1.00,1.00
2017.08.03 15:03:29.726,0.96822,0.96834,3.75,1.00
2017.08.03 15:03:33.841,0.96824,0.96835,1.37,1.37
2017.08.03 15:03:34.494,0.96825,0.96835,1.37,1.37
2017.08.03 15:03:34.744,0.96832,0.96841,1.12,1.00
2017.08.03 15:03:35.277,0.96832,0.96843,1.37,2.25
2017.08.03 15:03:38.981,0.96832,0.96843,2.62,2.62
2017.08.03 15:03:41.268,0.96831,0.96837,1.50,1.00
2017.08.03 15:03:41.422,0.96825,0.96835,1.00,2.81
2017.08.03 15:03:41.525,0.96823,0.96834,1.87,1.62
2017.08.03 15:03:42.329,0.96824,0.96836,1.87,3.00
2017.08.03 15:03:43.844,0.96824,0.96834,1.37,1.12
2017.08.03 15:03:44.357,0.96823,0.96834,3.00,1.31
2017.08.03 15:03:45.435,0.96823,0.96833,1.37,1.00
2017.08.03 15:03:45.937,0.96822,0.96833,1.37,1.12
2017.08.03 15:03:48.021,0.96825,0.96835,1.37,3.37
2017.08.03 15:03:48.330,0.96831,0.96838,1.37,1.37
2017.08.03 15:03:48.749,0.96831,0.9684,1.37,2.62
2017.08.03 15:03:50.315,0.96831,0.96841,1.37,3.56
2017.08.03 15:03:50.470,0.96832,0.96842,1.37,1.87
2017.08.03 15:03:50.573,0.96832,0.96841,1.37,1.87
2017.08.03 15:03:50.779,0.96827,0.96836,1.37,1.00
2017.08.03 15:03:51.331,0.96826,0.96836,1.37,1.37
2017.08.03 15:03:52.886,0.96826,0.96836,1.37,1.00
2017.08.03 15:03:53.029,0.9683,0.96837,1.37,1.12
2017.08.03 15:03:53.087,0.9683,0.96839,1.37,1.50
2017.08.03 15:03:53.139,0.96829,0.96837,1.00,1.00
2017.08.03 15:03:53.624,0.9683,0.9684,1.37,1.10
2017.08.03 15:03:54.127,0.9683,0.96841,1.37,3.82
2017.08.03 15:03:54.603,0.96828,0.96837,1.87,1.12
2017.08.03 15:03:54.708,0.96826,0.96837,3.00,3.00
2017.08.03 15:03:55.057,0.96825,0.96835,1.37,1.37
2017.08.03 15:03:55.650,0.96825,0.96835,1.37,1.00
2017.08.03 15:03:57.091,0.96824,0.96833,1.12,1.00
2017.08.03 15:03:57.144,0.96822,0.96832,1.00,1.00
2017.08.03 15:03:57.653,0.96822,0.96833,1.00,2.62
2017.08.03 15:03:58.188,0.96821,0.96832,1.37,1.50
2017.08.03 15:03:58.693,0.96821,0.96832,1.37,1.37
2017.08.03 15:04:00.599,0.96821,0.9683,1.37,1.50
2017.08.03 15:04:00.651,0.96819,0.96827,1.87,1.09
2017.08.03 15:04:00.756,0.96814,0.96825,3.00,1.00
2017.08.03 15:04:00.809,0.96814,0.96825,1.87,1.37
2017.08.03 15:04:01.049,0.96813,0.96822,1.12,2.25
2017.08.03 15:04:01.257,0.96811,0.96821,1.12,2.62
2017.08.03 15:04:01.413,0.9681,0.96819,1.87,1.00
2017.08.03 15:04:01.516,0.9681,0.96821,1.87,1.12
2017.08.03 15:04:01.671,0.9681,0.96819,1.87,1.50
2017.08.03 15:04:01.816,0.9681,0.96821,3.00,1.12
2017.08.03 15:04:02.353,0.96812,0.96823,1.50,1.87
2017.08.03 15:04:02.907,0.96813,0.96824,1.37,1.12
2017.08.03 15:04:03.419,0.96814,0.96825,1.12,3.75
2017.08.03 15:04:03.938,0.96813,0.96824,1.37,1.00
2017.08.03 15:04:04.766,0.96814,0.96825,1.87,1.87
2017.08.03 15:04:05.311,0.96814,0.96824,1.12,1.00
2017.08.03 15:04:06.475,0.96813,0.96823,1.87,3.37
2017.08.03 15:04:06.839,0.96812,0.96821,1.12,1.37
2017.08.03 15:04:06.994,0.9681,0.9682,1.12,4.12
2017.08.03 15:04:07.254,0.96811,0.96821,1.87,2.62
2017.08.03 15:04:07.306,0.96813,0.96822,1.00,1.87
2017.08.03 15:04:07.564,0.96813,0.96823,1.00,1.87
2017.08.03 15:04:07.616,0.96811,0.96823,3.75,1.87
2017.08.03 15:04:07.770,0.96812,0.96824,1.87,2.81
2017.08.03 15:04:09.222,0.96812,0.96824,2.25,2.81
2017.08.03 15:04:09.731,0.96814,0.96825,1.12,1.50
2017.08.03 15:04:11.291,0.96813,0.96823,1.50,1.00
2017.08.03 15:04:11.810,0.96813,0.96823,1.00,1.00
2017.08.03 15:04:12.115,0.96811,0.9682,1.87,1.50
2017.08.03 15:04:12.373,0.96809,0.96818,1.12,1.00
2017.08.03 15:04:12.721,0.96806,0.96818,2.70,3.37
2017.08.03 15:04:13.234,0.96806,0.96817,1.12,2.62
2017.08.03 15:04:13.595,0.96808,0.96818,1.00,2.62
2017.08.03 15:04:14.122,0.96808,0.96818,1.00,1.00
2017.08.03 15:04:14.432,0.96812,0.96823,2.62,2.62
2017.08.03 15:04:16.311,0.96811,0.9682,1.00,3.00
2017.08.03 15:04:16.414,0.96808,0.96818,2.25,1.12
2017.08.03 15:04:18.724,0.96807,0.96817,1.50,1.12
2017.08.03 15:04:19.034,0.96809,0.96819,1.37,1.12
2017.08.03 15:04:19.394,0.96807,0.96819,1.47,5.02
2017.08.03 15:04:19.945,0.96807,0.96817,1.47,1.00
2017.08.03 15:04:20.254,0.9681,0.96819,1.00,1.50
2017.08.03 15:04:20.358,0.9681,0.96821,2.62,2.62
2017.08.03 15:04:21.102,0.9681,0.9682,1.00,2.62
2017.08.03 15:04:21.205,0.96807,0.96819,1.95,4.12
2017.08.03 15:04:21.359,0.96807,0.96819,1.12,5.06
2017.08.03 15:04:21.879,0.96806,0.96818,3.64,2.59
2017.08.03 15:04:23.416,0.96808,0.96818,1.50,2.25
2017.08.03 15:04:24.077,0.96808,0.96819,2.62,1.50
2017.08.03 15:04:24.923,0.9681,0.96821,1.00,2.25
2017.08.03 15:04:25.232,0.96811,0.96822,1.50,1.00
2017.08.03 15:04:25.593,0.96811,0.9682,1.00,1.50
2017.08.03 15:04:25.699,0.96811,0.96822,1.00,2.25
2017.08.03 15:04:26.213,0.96811,0.96823,2.25,1.00
2017.08.03 15:04:26.745,0.96815,0.96824,1.00,1.50
2017.08.03 15:04:26.797,0.96815,0.96826,1.50,1.00
2017.08.03 15:04:28.605,0.96814,0.96826,3.37,1.50
2017.08.03 15:04:28.759,0.96818,0.96826,1.25,1.00
2017.08.03 15:04:28.864,0.96818,0.96828,5.21,1.00
2017.08.03 15:04:29.109,0.96815,0.96825,2.55,1.00
2017.08.03 15:04:29.161,0.96815,0.96825,1.20,1.00
2017.08.03 15:04:29.373,0.96817,0.96826,4.16,1.00
2017.08.03 15:04:29.424,0.96818,0.96828,3.34,1.50
2017.08.03 15:04:29.931,0.96817,0.96828,1.12,1.00
2017.08.03 15:04:30.137,0.96816,0.96826,3.75,1.00
2017.08.03 15:04:30.242,0.96814,0.96825,1.87,3.19
2017.08.03 15:04:31.150,0.96813,0.96824,1.87,1.00
2017.08.03 15:04:32.307,0.96814,0.96824,1.50,1.00
2017.08.03 15:04:32.856,0.96813,0.96824,1.00,1.00
2017.08.03 15:04:35.297,0.96818,0.96825,1.09,2.25
2017.08.03 15:04:35.554,0.9682,0.96831,1.87,2.25
2017.08.03 15:04:36.070,0.9682,0.9683,1.87,1.00
2017.08.03 15:04:36.801,0.96819,0.96827,1.12,1.00
2017.08.03 15:04:37.059,0.96811,0.96822,3.19,1.00
2017.08.03 15:04:37.110,0.96813,0.96824,1.00,3.37
2017.08.03 15:04:38.907,0.96813,0.96825,1.12,3.94
2017.08.03 15:04:40.253,0.96814,0.96825,1.00,1.69
2017.08.03 15:04:40.538,0.96817,0.96828,3.75,1.87
2017.08.03 15:04:40.590,0.96816,0.96827,1.95,1.00
2017.08.03 15:04:40.643,0.96815,0.96825,1.87,1.00
2017.08.03 15:04:40.696,0.96815,0.96825,1.50,1.00
2017.08.03 15:04:41.564,0.96815,0.96826,1.12,1.00
2017.08.03 15:04:43.036,0.96816,0.96827,1.00,2.25
2017.08.03 15:04:45.625,0.96817,0.96828,3.00,2.25
2017.08.03 15:04:45.678,0.96819,0.96828,1.12,2.25
2017.08.03 15:04:45.823,0.96819,0.9683,3.00,1.00
2017.08.03 15:04:48.755,0.96818,0.96829,3.00,1.50
2017.08.03 15:04:48.807,0.96818,0.96828,2.25,1.50
2017.08.03 15:04:49.337,0.96817,0.96828,1.31,2.25
2017.08.03 15:04:49.861,0.96818,0.96829,1.37,3.00
2017.08.03 15:04:51.359,0.96818,0.96829,1.12,2.25
2017.08.03 15:04:51.677,0.96814,0.96826,2.70,1.69
2017.08.03 15:04:52.450,0.96814,0.96824,1.00,1.00
2017.08.03 15:04:52.995,0.96813,0.96824,1.50,1.00
2017.08.03 15:04:53.545,0.96813,0.96825,1.50,1.00
2017.08.03 15:04:54.394,0.96813,0.96824,2.25,1.00
2017.08.03 15:04:55.008,0.96813,0.96824,3.45,1.00
2017.08.03 15:04:55.550,0.96812,0.96824,3.37,1.50
2017.08.03 15:04:55.912,0.96817,0.96825,1.00,1.00
2017.08.03 15:04:56.066,0.96817,0.96827,1.00,2.25
2017.08.03 15:04:57.936,0.96819,0.96829,1.00,3.37
2017.08.03 15:04:59.983,0.96819,0.9683,1.12,3.00
2017.08.03 15:05:03.248,0.96818,0.96828,1.37,3.00
2017.08.03 15:05:03.578,0.96814,0.96823,2.25,1.00
2017.08.03 15:05:03.631,0.96814,0.96825,1.50,1.50
2017.08.03 15:05:03.889,0.96814,0.96825,1.95,1.00
2017.08.03 15:05:04.147,0.96816,0.96827,1.00,3.60
2017.08.03 15:05:08.211,0.96815,0.96827,2.62,2.25
2017.08.03 15:05:08.726,0.96815,0.96827,2.62,2.25
2017.08.03 15:05:09.087,0.9682,0.96829,1.00,2.25
2017.08.03 15:05:09.607,0.96819,0.96829,2.62,1.50
2017.08.03 15:05:10.141,0.9682,0.9683,1.00,1.00
2017.08.03 15:05:11.010,0.9682,0.96831,1.87,2.25
2017.08.03 15:05:11.937,0.9682,0.96831,6.75,1.00
2017.08.03 15:05:12.359,0.96822,0.96833,6.75,1.12
2017.08.03 15:05:14.404,0.96823,0.96833,3.00,1.00
2017.08.03 15:05:14.717,0.96829,0.96838,1.00,2.25
2017.08.03 15:05:15.339,0.9683,0.96839,1.00,1.50
2017.08.03 15:05:15.690,0.9683,0.96841,1.12,2.70
2017.08.03 15:05:15.900,0.96829,0.96839,2.62,1.50
2017.08.03 15:05:17.379,0.96829,0.9684,1.50,3.07
2017.08.03 15:05:17.907,0.9683,0.9684,1.00,1.10
2017.08.03 15:05:18.728,0.96829,0.9684,2.62,1.10
2017.08.03 15:05:19.247,0.9683,0.96841,1.87,1.50
2017.08.03 15:05:19.825,0.9683,0.96841,1.12,2.32
2017.08.03 15:05:20.370,0.9683,0.96841,1.00,1.50
2017.08.03 15:05:20.680,0.96829,0.96839,1.00,2.25
2017.08.03 15:05:21.187,0.96828,0.96839,3.37,1.50
2017.08.03 15:05:21.508,0.9683,0.96841,2.62,2.25
2017.08.03 15:05:22.069,0.9683,0.96842,2.62,2.44
2017.08.03 15:05:22.588,0.9683,0.96841,2.62,1.00
2017.08.03 15:05:22.993,0.96832,0.96841,1.87,1.00
2017.08.03 15:05:23.045,0.96832,0.96843,2.25,2.25
2017.08.03 15:05:23.250,0.96836,0.96844,1.00,1.00
2017.08.03 15:05:23.457,0.96835,0.96846,1.00,1.87
2017.08.03 15:05:23.509,0.96834,0.96843,1.50,1.00
2017.08.03 15:05:23.710,0.96832,0.96842,2.06,1.00
2017.08.03 15:05:24.280,0.96831,0.96842,1.87,2.06
2017.08.03 15:05:24.799,0.9683,0.96841,2.25,2.62
2017.08.03 15:05:25.313,0.96831,0.96841,1.00,1.50
2017.08.03 15:05:26.193,0.96832,0.96842,1.00,2.25
2017.08.03 15:05:26.737,0.96831,0.96842,1.87,2.25
2017.08.03 15:05:28.188,0.96831,0.96841,1.50,1.00
2017.08.03 15:05:28.815,0.96831,0.96842,2.25,1.00
2017.08.03 15:05:30.219,0.96838,0.96847,1.00,4.12
2017.08.03 15:05:30.416,0.96838,0.96849,2.62,1.50
2017.08.03 15:05:30.928,0.96838,0.96849,1.87,1.50
2017.08.03 15:05:31.854,0.96839,0.9685,1.12,3.45
2017.08.03 15:05:31.958,0.96841,0.96851,1.12,1.87
2017.08.03 15:05:32.496,0.96841,0.96852,1.12,2.25
2017.08.03 15:05:33.010,0.96841,0.96853,2.62,2.62
2017.08.03 15:05:33.757,0.96842,0.96852,1.12,1.00
2017.08.03 15:05:35.002,0.9684,0.96851,1.12,2.25
2017.08.03 15:05:35.506,0.9684,0.9685,1.00,1.00
2017.08.03 15:05:36.173,0.9684,0.96851,1.50,3.00
2017.08.03 15:05:36.712,0.9684,0.96851,2.25,3.00
2017.08.03 15:05:37.226,0.9684,0.96852,1.50,1.69
2017.08.03 15:05:37.748,0.9684,0.96851,1.50,1.50
2017.08.03 15:05:38.363,0.9684,0.96852,1.50,3.94
2017.08.03 15:05:38.920,0.96839,0.96851,4.50,2.25
2017.08.03 15:05:39.443,0.96839,0.9685,2.25,1.00
2017.08.03 15:05:40.417,0.96839,0.9685,1.87,1.50
2017.08.03 15:05:40.950,0.9684,0.96851,1.37,1.00
2017.08.03 15:05:41.485,0.9684,0.96852,1.87,2.25
2017.08.03 15:05:42.012,0.9684,0.96852,1.87,2.25
2017.08.03 15:05:42.959,0.96839,0.96851,5.25,1.12
2017.08.03 15:05:45.940,0.96839,0.9685,2.25,1.50
2017.08.03 15:05:46.667,0.96839,0.96851,2.25,2.25
2017.08.03 15:05:47.279,0.9684,0.96851,1.12,1.50
2017.08.03 15:05:48.393,0.96839,0.9685,4.57,1.00
2017.08.03 15:05:49.472,0.9684,0.96851,1.00,1.50
2017.08.03 15:05:50.175,0.96839,0.96851,2.62,2.25
2017.08.03 15:05:50.720,0.96842,0.96853,4.12,1.00
2017.08.03 15:05:50.771,0.96844,0.96855,1.12,1.95
2017.08.03 15:05:50.824,0.96841,0.96852,7.12,1.00
2017.08.03 15:05:51.033,0.96842,0.96854,1.37,3.00
2017.08.03 15:05:51.545,0.96846,0.96855,1.12,1.00
2017.08.03 15:05:51.741,0.96848,0.96859,1.37,1.87
2017.08.03 15:05:52.254,0.96849,0.96859,1.50,1.00
2017.08.03 15:05:52.571,0.96851,0.96859,1.37,1.00
2017.08.03 15:05:52.623,0.96856,0.96864,1.12,1.00
2017.08.03 15:05:52.777,0.96856,0.96862,1.46,1.00
2017.08.03 15:05:52.829,0.96856,0.96867,1.46,1.00
2017.08.03 15:05:53.138,0.96854,0.96863,3.75,1.50
2017.08.03 15:05:53.533,0.96854,0.9686,2.25,1.00
2017.08.03 15:05:53.584,0.96848,0.9686,9.45,1.00
2017.08.03 15:05:53.892,0.96848,0.96858,5.32,1.00
2017.08.03 15:05:53.997,0.96848,0.96859,3.75,1.00
2017.08.03 15:05:54.103,0.96848,0.9686,4.95,1.87
2017.08.03 15:05:54.646,0.96848,0.96853,1.50,1.00
2017.08.03 15:05:54.702,0.96848,0.96853,1.12,1.00
2017.08.03 15:05:54.806,0.96847,0.96851,1.00,1.00
2017.08.03 15:05:54.909,0.9684,0.96848,1.12,1.00
2017.08.03 15:05:55.118,0.96841,0.96847,1.19,1.00
2017.08.03 15:05:55.394,0.96835,0.96844,1.25,1.76
2017.08.03 15:05:55.550,0.96834,0.96842,1.25,1.00
2017.08.03 15:05:56.115,0.96832,0.96842,1.37,1.50
2017.08.03 15:05:56.630,0.96831,0.96843,1.87,1.50
2017.08.03 15:05:57.141,0.96833,0.96844,1.12,1.00
2017.08.03 15:05:57.686,0.96833,0.96844,5.32,1.00
2017.08.03 15:05:58.137,0.96833,0.96843,2.25,1.00
2017.08.03 15:05:58.751,0.96833,0.96844,1.00,1.50
2017.08.03 15:05:59.118,0.96832,0.96842,1.50,1.00
2017.08.03 15:05:59.639,0.96831,0.96842,1.37,1.00
2017.08.03 15:06:00.808,0.9683,0.96841,1.57,1.00
2017.08.03 15:06:01.826,0.96831,0.96842,1.37,1.50
2017.08.03 15:06:02.339,0.96831,0.96842,1.37,1.00
2017.08.03 15:06:02.859,0.96839,0.96846,1.00,1.00
2017.08.03 15:06:02.965,0.96838,0.96849,3.37,1.00
2017.08.03 15:06:04.123,0.96839,0.96851,1.00,3.19
2017.08.03 15:06:04.570,0.9684,0.96849,1.00,1.00
2017.08.03 15:06:04.680,0.9684,0.96852,1.00,4.69
2017.08.03 15:06:05.193,0.96839,0.9685,1.50,1.10
2017.08.03 15:06:05.728,0.96838,0.96849,3.00,1.00
2017.08.03 15:06:05.780,0.96837,0.96847,1.50,1.00
2017.08.03 15:06:06.295,0.96837,0.96847,1.00,1.00
2017.08.03 15:06:06.499,0.96837,0.96849,1.12,3.00
2017.08.03 15:06:06.651,0.96836,0.96847,2.25,1.00
2017.08.03 15:06:07.015,0.96837,0.9685,1.84,3.82
2017.08.03 15:06:07.420,0.9684,0.9685,1.00,3.00
2017.08.03 15:06:07.933,0.96839,0.96849,1.00,1.00
2017.08.03 15:06:08.450,0.96839,0.9685,1.00,1.50
2017.08.03 15:06:08.994,0.96839,0.96849,1.00,1.00
2017.08.03 15:06:09.764,0.96839,0.9685,1.00,1.50
2017.08.03 15:06:10.723,0.96838,0.96848,1.50,1.00
2017.08.03 15:06:11.897,0.96837,0.96848,4.46,1.00
2017.08.03 15:06:12.302,0.96839,0.96848,1.00,1.00
2017.08.03 15:06:14.033,0.96838,0.96848,1.12,1.00
2017.08.03 15:06:15.363,0.96837,0.96848,4.09,1.00
2017.08.03 15:06:16.455,0.96839,0.96849,1.12,1.87
2017.08.03 15:06:17.267,0.96839,0.9685,1.12,1.00
2017.08.03 15:06:17.619,0.96839,0.96843,1.00,1.00
2017.08.03 15:06:17.670,0.96832,0.96843,2.25,1.00
2017.08.03 15:06:18.183,0.96832,0.96842,1.00,1.00
2017.08.03 15:06:18.664,0.96836,0.96844,1.00,1.12
2017.08.03 15:06:18.768,0.96833,0.96843,1.12,1.00
2017.08.03 15:06:19.437,0.9683,0.96841,2.62,1.50
2017.08.03 15:06:19.950,0.96829,0.96839,1.50,1.00
2017.08.03 15:06:20.748,0.96829,0.9684,1.50,4.39
2017.08.03 15:06:21.252,0.96828,0.96839,3.37,1.00
2017.08.03 15:06:21.586,0.96822,0.96832,1.95,1.00
2017.08.03 15:06:22.504,0.96822,0.96831,1.12,1.00
2017.08.03 15:06:23.022,0.96822,0.96832,1.12,1.00
2017.08.03 15:06:23.619,0.96821,0.96833,1.47,1.87
2017.08.03 15:06:25.192,0.96821,0.96834,2.62,4.87
2017.08.03 15:06:26.325,0.96822,0.96834,3.07,1.00
2017.08.03 15:06:26.913,0.96823,0.96834,1.57,1.00
2017.08.03 15:06:27.442,0.96823,0.96834,1.12,1.50
2017.08.03 15:06:27.971,0.96823,0.96834,1.37,1.50
2017.08.03 15:06:28.640,0.96823,0.96834,1.00,1.50
2017.08.03 15:06:29.167,0.96821,0.96833,4.01,1.00
2017.08.03 15:06:29.709,0.96821,0.96832,1.01,1.00
2017.08.03 15:06:30.746,0.96821,0.96832,1.76,1.00
2017.08.03 15:06:30.797,0.96821,0.96834,1.76,2.62
2017.08.03 15:06:31.335,0.96821,0.96834,1.76,1.87
2017.08.03 15:06:32.675,0.96821,0.96832,1.76,1.00
2017.08.03 15:06:33.033,0.96818,0.96826,1.00,1.00
2017.08.03 15:06:33.085,0.96815,0.96827,2.32,3.00
2017.08.03 15:06:33.445,0.96813,0.96824,1.87,1.50
2017.08.03 15:06:33.753,0.96811,0.96822,2.81,1.00
2017.08.03 15:06:33.907,0.96813,0.96824,1.12,1.00
2017.08.03 15:06:34.416,0.96814,0.96824,1.87,1.00
2017.08.03 15:06:34.928,0.96814,0.96825,2.70,1.00
2017.08.03 15:06:35.763,0.96813,0.96824,1.12,1.87
2017.08.03 15:06:36.289,0.96812,0.96823,1.25,1.00
2017.08.03 15:06:37.278,0.96809,0.9682,2.14,1.50
2017.08.03 15:06:37.433,0.96809,0.9682,1.76,1.50
2017.08.03 15:06:37.975,0.96809,0.9682,1.01,3.00
2017.08.03 15:06:38.543,0.96809,0.9682,1.01,4.12
2017.08.03 15:06:39.148,0.96809,0.9682,1.01,1.12
2017.08.03 15:06:39.687,0.96809,0.96821,2.51,2.25
2017.08.03 15:06:41.123,0.96809,0.96821,3.26,6.00
2017.08.03 15:06:41.735,0.96809,0.96821,2.89,5.62
2017.08.03 15:06:41.991,0.9681,0.96822,1.37,1.87
2017.08.03 15:06:42.601,0.96812,0.96823,1.50,1.50
2017.08.03 15:06:44.703,0.96811,0.96823,1.87,1.87
2017.08.03 15:06:45.048,0.96811,0.96818,1.00,1.69
2017.08.03 15:06:45.151,0.96805,0.96813,1.00,1.00
2017.08.03 15:06:45.254,0.96803,0.96815,1.00,3.45
2017.08.03 15:06:45.462,0.96809,0.96817,2.47,1.87
2017.08.03 15:06:45.565,0.96809,0.9682,1.87,1.87
2017.08.03 15:06:45.771,0.96809,0.96817,1.00,1.00
2017.08.03 15:06:45.824,0.96806,0.96817,1.45,1.00
2017.08.03 15:06:46.063,0.96805,0.96815,3.00,1.00
2017.08.03 15:06:46.591,0.96804,0.96815,4.50,1.00
2017.08.03 15:06:46.899,0.96802,0.96813,3.75,1.00
2017.08.03 15:06:47.443,0.96803,0.96814,1.37,1.00
2017.08.03 15:06:48.693,0.96803,0.96815,1.37,2.32
2017.08.03 15:06:49.199,0.96803,0.96815,1.12,2.32
2017.08.03 15:06:50.627,0.96808,0.96817,1.05,4.57
2017.08.03 15:06:50.730,0.96808,0.9682,3.60,2.62
2017.08.03 15:06:51.232,0.96805,0.96815,3.26,1.00
2017.08.03 15:06:51.591,0.96808,0.96818,3.00,1.00
2017.08.03 15:06:51.644,0.96808,0.9682,3.75,1.00
2017.08.03 15:06:52.156,0.96809,0.96821,2.32,3.00
2017.08.03 15:06:52.648,0.96809,0.96818,1.00,1.00
2017.08.03 15:06:52.752,0.96806,0.96817,1.87,1.69
2017.08.03 15:06:53.215,0.96804,0.96817,3.45,2.44
2017.08.03 15:06:53.456,0.96804,0.96814,3.45,1.00
2017.08.03 15:06:53.970,0.96802,0.96815,3.56,1.20
2017.08.03 15:06:55.849,0.96804,0.96815,1.37,1.00
2017.08.03 15:06:56.156,0.96805,0.96817,1.50,1.50
2017.08.03 15:06:56.723,0.96805,0.96817,2.25,1.00
2017.08.03 15:06:56.975,0.96805,0.96817,2.85,1.00
2017.08.03 15:06:57.027,0.96809,0.96818,1.25,1.00
2017.08.03 15:06:57.079,0.96809,0.9682,1.25,1.50
2017.08.03 15:06:57.233,0.96809,0.96817,1.00,1.00
2017.08.03 15:06:57.336,0.96806,0.96817,1.87,1.00
2017.08.03 15:06:57.852,0.96805,0.96817,2.62,1.50
2017.08.03 15:06:58.378,0.96806,0.96818,1.12,1.87
2017.08.03 15:06:58.752,0.96808,0.9682,4.69,2.32
2017.08.03 15:06:59.269,0.96809,0.9682,1.01,1.12
2017.08.03 15:06:59.808,0.96809,0.9682,1.57,1.00
2017.08.03 15:07:01.079,0.9681,0.96821,1.12,1.00
2017.08.03 15:07:01.602,0.9681,0.96822,1.37,1.50
2017.08.03 15:07:02.122,0.9681,0.96822,1.00,1.50
2017.08.03 15:07:02.714,0.9681,0.96823,1.50,4.87
2017.08.03 15:07:03.021,0.9681,0.96821,1.87,2.25
2017.08.03 15:07:03.532,0.9681,0.96821,1.87,2.25
2017.08.03 15:07:05.156,0.9681,0.96821,1.87,2.25
2017.08.03 15:07:05.671,0.9681,0.96821,2.62,2.25
2017.08.03 15:07:05.979,0.9681,0.96821,2.62,2.25
2017.08.03 15:07:06.693,0.9681,0.96821,2.62,2.25
2017.08.03 15:07:08.790,0.9681,0.96821,1.95,1.00
2017.08.03 15:07:10.248,0.9681,0.96822,2.70,1.00
2017.08.03 15:07:10.860,0.9681,0.96823,2.70,1.87
2017.08.03 15:07:11.394,0.96811,0.96822,1.00,1.00
2017.08.03 15:07:12.155,0.96811,0.96821,1.00,1.00
2017.08.03 15:07:12.258,0.9681,0.96821,2.70,1.00
2017.08.03 15:07:12.576,0.96817,0.96829,2.25,4.50
2017.08.03 15:07:12.833,0.96817,0.96825,1.00,1.00
2017.08.03 15:07:13.142,0.9681,0.9682,1.45,1.12
2017.08.03 15:07:13.691,0.9681,0.9682,2.14,1.00
2017.08.03 15:07:14.234,0.9681,0.96821,2.14,1.12
2017.08.03 15:07:15.250,0.9681,0.96821,2.14,1.37
2017.08.03 15:07:15.775,0.9681,0.96821,2.14,1.37
2017.08.03 15:07:16.276,0.9681,0.96821,1.26,1.37
2017.08.03 15:07:17.210,0.9681,0.96821,1.39,1.12
2017.08.03 15:07:17.364,0.9681,0.96821,1.39,1.87
2017.08.03 15:07:17.735,0.96808,0.96816,1.12,1.00
2017.08.03 15:07:17.788,0.96807,0.96814,1.00,2.25
2017.08.03 15:07:17.945,0.96802,0.96811,1.25,1.87
2017.08.03 15:07:17.997,0.96802,0.96812,1.25,2.62
2017.08.03 15:07:18.049,0.968,0.96811,2.14,1.87
2017.08.03 15:07:18.154,0.968,0.96809,1.31,1.87
2017.08.03 15:07:18.416,0.96802,0.96812,1.00,1.00
2017.08.03 15:07:20.856,0.96801,0.96812,1.25,1.50
2017.08.03 15:07:21.372,0.968,0.96812,2.32,3.00
2017.08.03 15:07:21.927,0.968,0.96812,2.06,3.75
2017.08.03 15:07:22.472,0.968,0.96812,1.31,6.00
2017.08.03 15:07:24.669,0.96801,0.96812,1.00,1.50
2017.08.03 15:07:25.243,0.96801,0.96812,1.50,1.50
2017.08.03 15:07:25.769,0.968,0.9681,1.00,1.00
2017.08.03 15:07:26.287,0.96799,0.9681,2.62,1.12
2017.08.03 15:07:26.652,0.96799,0.96808,1.12,1.12
2017.08.03 15:07:26.961,0.96801,0.9681,1.00,1.37
2017.08.03 15:07:27.015,0.96801,0.96812,1.00,1.12
2017.08.03 15:07:27.532,0.96801,0.96813,1.87,3.45
2017.08.03 15:07:28.036,0.96802,0.96813,2.62,3.07
2017.08.03 15:07:28.345,0.96811,0.96816,1.00,1.50
2017.08.03 15:07:28.398,0.96809,0.96817,2.10,3.00
2017.08.03 15:07:29.407,0.96808,0.9682,6.94,1.50
2017.08.03 15:07:30.033,0.9681,0.96821,1.12,4.31
2017.08.03 15:07:30.951,0.9681,0.96821,2.25,1.50
2017.08.03 15:07:31.329,0.96812,0.96822,1.37,1.00
2017.08.03 15:07:31.845,0.96812,0.96823,1.37,1.12
2017.08.03 15:07:32.353,0.96813,0.96825,1.12,3.26
2017.08.03 15:07:32.405,0.96815,0.96826,1.37,1.57
2017.08.03 15:07:32.766,0.96817,0.96827,4.50,1.87
2017.08.03 15:07:33.310,0.96819,0.96828,1.37,1.00
2017.08.03 15:07:33.623,0.96821,0.96831,2.62,3.00
2017.08.03 15:07:35.473,0.96822,0.96832,1.12,1.50
2017.08.03 15:07:35.987,0.96823,0.96833,2.62,1.12
2017.08.03 15:07:36.933,0.96822,0.96832,1.50,1.00
2017.08.03 15:07:37.324,0.96823,0.96835,3.00,1.00
2017.08.03 15:07:37.930,0.96823,0.96834,3.00,1.00
2017.08.03 15:07:38.289,0.96822,0.96833,1.12,1.00
2017.08.03 15:07:39.102,0.96821,0.96832,1.69,1.00
2017.08.03 15:07:39.609,0.9682,0.9683,1.57,1.00
2017.08.03 15:07:40.156,0.9682,0.9683,1.00,1.00
2017.08.03 15:07:40.584,0.9682,0.96832,2.62,3.00
2017.08.03 15:07:40.687,0.96822,0.96833,3.75,1.10
2017.08.03 15:07:41.201,0.96822,0.96832,2.32,1.00
2017.08.03 15:07:41.718,0.96823,0.96833,1.87,1.00
2017.08.03 15:07:42.318,0.96822,0.96835,1.57,2.81
2017.08.03 15:07:42.421,0.96822,0.96832,1.50,1.12
2017.08.03 15:07:45.575,0.96822,0.96833,3.00,1.00
2017.08.03 15:07:46.441,0.96822,0.96834,3.00,1.12
2017.08.03 15:07:46.799,0.96822,0.96832,1.50,1.00
2017.08.03 15:07:47.321,0.96821,0.96832,1.37,1.12
2017.08.03 15:07:47.731,0.9682,0.96831,1.00,1.00
2017.08.03 15:07:50.591,0.9682,0.96832,1.87,1.50
2017.08.03 15:07:50.745,0.96822,0.96834,1.50,2.25
2017.08.03 15:07:52.331,0.96821,0.96833,1.50,1.00
2017.08.03 15:07:52.642,0.96827,0.96837,1.87,1.50
2017.08.03 15:07:53.421,0.96827,0.96838,4.31,1.00
2017.08.03 15:07:53.936,0.96828,0.96839,1.69,1.00
2017.08.03 15:07:55.212,0.96829,0.9684,1.00,1.95
2017.08.03 15:07:56.229,0.96828,0.9684,2.81,1.10
2017.08.03 15:07:56.759,0.96828,0.9684,2.62,1.10
2017.08.03 15:07:57.101,0.96826,0.96839,1.37,4.31
2017.08.03 15:07:57.619,0.96826,0.96837,1.37,1.12
2017.08.03 15:07:58.550,0.96825,0.96836,1.57,1.00
2017.08.03 15:07:59.770,0.96823,0.96836,4.20,2.44
2017.08.03 15:08:00.182,0.96828,0.96836,1.00,1.00
2017.08.03 15:08:00.285,0.96828,0.96839,1.31,2.62
2017.08.03 15:08:00.917,0.96827,0.9684,2.62,4.95
2017.08.03 15:08:01.437,0.96829,0.9684,1.00,2.70
2017.08.03 15:08:03.281,0.96829,0.96841,1.50,3.00
2017.08.03 15:08:03.594,0.96829,0.96841,3.00,3.00
2017.08.03 15:08:04.107,0.96829,0.96841,1.50,3.00
2017.08.03 15:08:04.507,0.96828,0.96839,1.69,1.00
2017.08.03 15:08:04.764,0.96829,0.96841,1.00,5.25
2017.08.03 15:08:08.911,0.9683,0.96841,1.12,1.50
2017.08.03 15:08:09.423,0.96831,0.96842,1.12,2.44
2017.08.03 15:08:09.960,0.96829,0.96841,5.47,1.00
2017.08.03 15:08:10.824,0.9683,0.96842,1.87,2.25
2017.08.03 15:08:12.362,0.9683,0.9684,1.50,1.00
2017.08.03 15:08:13.246,0.96829,0.9684,4.72,1.00
2017.08.03 15:08:13.753,0.96829,0.9684,4.72,1.00
2017.08.03 15:08:14.266,0.96829,0.96841,1.50,3.07
2017.08.03 15:08:14.776,0.96829,0.96841,1.50,3.75
2017.08.03 15:08:15.328,0.96829,0.9684,2.10,1.00
2017.08.03 15:08:15.927,0.96828,0.9684,4.16,1.00
2017.08.03 15:08:16.512,0.96828,0.96841,3.97,6.07
2017.08.03 15:08:19.815,0.96829,0.96841,1.50,3.75
2017.08.03 15:08:20.525,0.96829,0.96841,1.50,3.75
2017.08.03 15:08:23.313,0.96829,0.9684,1.12,1.00
2017.08.03 15:08:24.824,0.96829,0.96841,1.30,3.94
2017.08.03 15:08:27.089,0.96829,0.9684,1.12,1.00
2017.08.03 15:08:27.701,0.96828,0.96839,1.00,1.00
2017.08.03 15:08:29.856,0.96827,0.96838,2.70,1.00
2017.08.03 15:08:30.165,0.96823,0.96834,5.62,1.00
2017.08.03 15:08:30.677,0.96824,0.96835,1.12,1.50
2017.08.03 15:08:31.567,0.96822,0.96833,3.75,1.00
2017.08.03 15:08:35.181,0.96823,0.96835,2.25,3.00
2017.08.03 15:08:35.725,0.96823,0.96835,1.87,3.00
2017.08.03 15:08:36.239,0.96824,0.96835,3.00,1.00
2017.08.03 15:08:38.742,0.96828,0.96836,1.39,1.00
2017.08.03 15:08:38.794,0.9683,0.96839,1.87,1.12
2017.08.03 15:08:39.340,0.96829,0.9684,2.47,1.00
2017.08.03 15:08:39.987,0.96829,0.96841,5.17,1.00
2017.08.03 15:08:41.251,0.9683,0.96841,1.50,1.00
2017.08.03 15:08:41.405,0.96831,0.96843,1.50,1.31
2017.08.03 15:08:41.915,0.96831,0.96843,2.25,1.31
2017.08.03 15:08:41.966,0.96834,0.96845,1.00,1.95
2017.08.03 15:08:42.479,0.96832,0.96844,3.37,1.00
2017.08.03 15:08:42.787,0.96832,0.96843,4.50,1.00
2017.08.03 15:08:43.314,0.96831,0.96842,1.50,1.00
2017.08.03 15:08:44.480,0.96831,0.96843,1.50,1.50
2017.08.03 15:08:46.111,0.96831,0.96842,1.50,1.00
2017.08.03 15:08:47.150,0.96832,0.96843,1.12,1.00
2017.08.03 15:08:48.711,0.96831,0.96842,2.62,1.00
2017.08.03 15:08:49.866,0.96831,0.9684,1.87,1.00
2017.08.03 15:08:50.456,0.96829,0.9684,1.87,1.00
2017.08.03 15:08:50.869,0.96826,0.96835,1.50,1.00
2017.08.03 15:08:51.030,0.96824,0.96835,1.20,1.00
2017.08.03 15:08:52.542,0.96827,0.96836,1.12,1.25
2017.08.03 15:08:52.852,0.96828,0.96839,4.50,1.00
2017.08.03 15:08:53.571,0.96828,0.9684,2.66,1.00
2017.08.03 15:08:53.737,0.96829,0.96842,1.50,4.20
2017.08.03 15:08:56.800,0.96832,0.96843,1.00,2.81
2017.08.03 15:08:58.512,0.96831,0.96843,3.37,1.25
2017.08.03 15:08:59.468,0.96831,0.96842,1.87,1.00
2017.08.03 15:09:01.421,0.96831,0.9684,1.50,1.00
2017.08.03 15:09:01.576,0.96829,0.9684,1.12,1.00
2017.08.03 15:09:01.971,0.96831,0.96843,1.00,2.44
2017.08.03 15:09:02.313,0.96832,0.96843,2.25,1.25
2017.08.03 15:09:03.457,0.96832,0.96842,1.87,1.00
2017.08.03 15:09:03.968,0.96831,0.96843,3.75,1.69
2017.08.03 15:09:07.997,0.96836,0.96845,3.94,1.39
2017.08.03 15:09:08.101,0.96838,0.96847,1.50,2.62
2017.08.03 15:09:08.307,0.96836,0.96845,1.87,1.00
2017.08.03 15:09:08.360,0.96836,0.96847,3.19,3.00
2017.08.03 15:09:08.863,0.96834,0.96846,1.50,1.87
2017.08.03 15:09:09.068,0.96836,0.96846,1.19,1.00
2017.08.03 15:09:09.223,0.96838,0.96849,2.62,1.50
2017.08.03 15:09:09.971,0.96837,0.96847,1.50,1.00
2017.08.03 15:09:10.176,0.96837,0.96847,1.00,1.00
2017.08.03 15:09:10.279,0.96838,0.96849,1.50,1.50
2017.08.03 15:09:10.786,0.96838,0.96849,2.62,1.00
2017.08.03 15:09:11.297,0.96838,0.9685,2.62,3.07
2017.08.03 15:09:11.902,0.96839,0.96851,1.50,1.69
2017.08.03 15:09:12.404,0.9684,0.96851,1.50,1.25
2017.08.03 15:09:13.443,0.96841,0.96853,1.87,1.87
2017.08.03 15:09:13.751,0.96846,0.96855,2.51,1.00
2017.08.03 15:09:13.906,0.96847,0.96858,1.87,1.00
2017.08.03 15:09:13.958,0.9685,0.96858,1.00,1.00
2017.08.03 15:09:14.099,0.9685,0.96862,1.00,4.76
2017.08.03 15:09:14.681,0.96849,0.9686,1.12,1.50
2017.08.03 15:09:14.835,0.96847,0.96854,2.25,1.25
2017.08.03 15:09:14.887,0.96846,0.96855,2.62,1.12
2017.08.03 15:09:15.141,0.96842,0.96854,3.19,2.06
2017.08.03 15:09:15.193,0.96842,0.96852,1.87,1.50
2017.08.03 15:09:15.401,0.96841,0.96852,1.25,1.50
2017.08.03 15:09:15.814,0.96841,0.9685,1.00,1.00
2017.08.03 15:09:16.164,0.96838,0.96848,2.32,1.00
2017.08.03 15:09:16.268,0.96837,0.96848,2.70,1.00
2017.08.03 15:09:16.424,0.96839,0.9685,2.70,1.00
2017.08.03 15:09:16.929,0.9684,0.96853,1.00,5.62
2017.08.03 15:09:18.025,0.96839,0.9685,1.87,1.00
2017.08.03 15:09:18.542,0.96839,0.9685,1.00,3.75
2017.08.03 15:09:19.060,0.96838,0.96849,1.37,1.00
2017.08.03 15:09:19.379,0.96839,0.9685,3.07,1.00
2017.08.03 15:09:20.007,0.96839,0.96851,1.87,3.19
2017.08.03 15:09:20.316,0.96833,0.96845,5.89,1.69
2017.08.03 15:09:20.878,0.96833,0.96844,5.25,1.00
2017.08.03 15:09:21.390,0.96832,0.96843,1.95,1.50
2017.08.03 15:09:21.899,0.96831,0.96842,3.75,1.50
2017.08.03 15:09:22.467,0.96832,0.96843,1.12,1.50
2017.08.03 15:09:22.673,0.96834,0.96844,1.00,1.00
2017.08.03 15:09:23.005,0.96836,0.96847,1.87,1.12
2017.08.03 15:09:23.521,0.96837,0.96848,1.87,1.50
2017.08.03 15:09:24.078,0.96838,0.96849,1.12,2.25
2017.08.03 15:09:24.770,0.96838,0.96849,1.37,1.87
2017.08.03 15:09:26.801,0.96838,0.96849,1.37,1.87
2017.08.03 15:09:29.824,0.96839,0.9685,1.50,1.00
2017.08.03 15:09:31.475,0.96839,0.9685,4.20,1.00
2017.08.03 15:09:31.992,0.96839,0.96851,4.20,1.00
2017.08.03 15:09:32.839,0.96839,0.9685,2.62,1.00
2017.08.03 15:09:33.249,0.9684,0.96851,1.50,1.00
2017.08.03 15:09:33.560,0.9684,0.96851,2.25,1.00
2017.08.03 15:09:34.642,0.9684,0.96851,2.25,1.00
2017.08.03 15:09:35.146,0.9684,0.96852,2.25,1.00
2017.08.03 15:09:39.269,0.96839,0.9685,2.62,1.00
2017.08.03 15:09:39.372,0.96839,0.9685,1.12,1.00
2017.08.03 15:09:39.607,0.96839,0.96852,4.87,1.00
2017.08.03 15:09:40.869,0.96839,0.96853,6.22,5.06
2017.08.03 15:09:41.415,0.96839,0.96852,6.22,1.00
2017.08.03 15:09:42.267,0.9684,0.96851,3.00,1.00
2017.08.03 15:09:42.370,0.9684,0.96853,3.75,5.44
2017.08.03 15:09:42.871,0.9684,0.96853,3.82,5.06
2017.08.03 15:09:43.891,0.96841,0.96852,2.25,1.00
2017.08.03 15:09:44.453,0.9684,0.96851,2.25,1.00
2017.08.03 15:09:44.925,0.9684,0.96851,1.00,1.00
2017.08.03 15:09:46.327,0.9684,0.9685,1.00,1.00
2017.08.03 15:09:46.881,0.96838,0.96846,1.12,1.00
2017.08.03 15:09:46.986,0.96836,0.96846,1.12,1.10
2017.08.03 15:09:47.499,0.96835,0.96846,1.50,1.00
2017.08.03 15:09:48.030,0.96835,0.96847,1.50,1.00
2017.08.03 15:09:48.287,0.96836,0.96848,3.94,1.50
2017.08.03 15:09:48.699,0.96838,0.9685,1.50,3.00
2017.08.03 15:09:50.758,0.96839,0.96851,1.87,1.69
2017.08.03 15:09:51.069,0.96838,0.96849,4.12,1.00
2017.08.03 15:09:51.651,0.96839,0.9685,1.50,1.00
2017.08.03 15:09:52.549,0.96839,0.9685,1.50,1.00
2017.08.03 15:09:53.440,0.9684,0.96851,1.37,1.25
2017.08.03 15:09:56.007,0.9684,0.96851,1.50,1.00
2017.08.03 15:09:56.896,0.9684,0.96851,3.75,1.00
2017.08.03 15:09:57.442,0.96839,0.9685,1.50,1.00
2017.08.03 15:09:57.752,0.96838,0.96846,2.62,1.00
2017.08.03 15:09:58.329,0.96836,0.96846,1.37,1.00
2017.08.03 15:09:58.702,0.96837,0.96849,1.87,3.75
2017.08.03 15:09:59.215,0.96837,0.96848,2.47,1.00
2017.08.03 15:09:59.760,0.96839,0.96849,1.00,1.00
2017.08.03 15:10:00.290,0.96839,0.9685,1.00,1.57
2017.08.03 15:10:00.393,0.96839,0.96851,1.95,1.00
2017.08.03 15:10:00.997,0.9684,0.9685,1.47,1.00
2017.08.03 15:10:02.884,0.96839,0.96851,4.12,1.00
2017.08.03 15:10:03.392,0.9684,0.96852,1.47,1.50
2017.08.03 15:10:05.121,0.96842,0.96852,1.87,1.00
2017.08.03 15:10:05.428,0.96842,0.96853,3.37,1.00
2017.08.03 15:10:09.589,0.96843,0.96853,1.37,1.00
2017.08.03 15:10:11.661,0.96842,0.96854,2.06,3.56
2017.08.03 15:10:11.714,0.96841,0.96851,1.50,1.50
2017.08.03 15:10:12.243,0.96841,0.96851,1.50,1.00
2017.08.03 15:10:13.173,0.96841,0.96851,1.12,1.00
2017.08.03 15:10:13.483,0.96841,0.96852,3.75,1.00
2017.08.03 15:10:13.739,0.96842,0.96854,1.50,1.50
2017.08.03 15:10:14.265,0.96844,0.96855,1.50,3.00
2017.08.03 15:10:14.421,0.96843,0.9685,2.62,1.00
2017.08.03 15:10:14.939,0.96843,0.96851,2.25,1.00
2017.08.03 15:10:14.992,0.9684,0.96851,3.00,1.00
2017.08.03 15:10:15.551,0.96841,0.96852,3.00,1.50
2017.08.03 15:10:15.857,0.96842,0.96854,6.45,1.00
2017.08.03 15:10:16.166,0.96847,0.96855,1.12,1.50
2017.08.03 15:10:16.748,0.96847,0.96856,1.12,1.00
2017.08.03 15:10:17.452,0.96847,0.96857,1.37,1.50
2017.08.03 15:10:18.472,0.96847,0.96857,1.50,1.00
2017.08.03 15:10:18.934,0.96849,0.96858,1.00,1.00
2017.08.03 15:10:20.057,0.96849,0.96859,1.00,1.00
2017.08.03 15:10:21.210,0.96849,0.9686,1.00,1.95
2017.08.03 15:10:21.768,0.96849,0.96859,1.00,1.00
2017.08.03 15:10:23.903,0.96848,0.96859,1.00,1.50
2017.08.03 15:10:24.300,0.96848,0.96859,3.75,1.00
2017.08.03 15:10:24.403,0.96849,0.96859,1.00,1.00
2017.08.03 15:10:25.119,0.96848,0.96859,1.87,1.00
2017.08.03 15:10:25.688,0.96849,0.9686,2.25,1.50
2017.08.03 15:10:25.791,0.96853,0.96862,3.97,1.50
2017.08.03 15:10:25.843,0.96855,0.96865,3.94,1.00
2017.08.03 15:10:25.895,0.96855,0.96867,6.04,1.50
2017.08.03 15:10:25.946,0.96855,0.96867,6.67,1.00
2017.08.03 15:10:26.591,0.96857,0.96868,1.50,1.87
2017.08.03 15:10:27.109,0.96858,0.96869,1.12,1.50
2017.08.03 15:10:28.090,0.96857,0.96867,1.50,1.00
2017.08.03 15:10:28.744,0.96856,0.96867,3.94,1.00
2017.08.03 15:10:30.539,0.96857,0.96866,1.00,1.00
2017.08.03 15:10:30.977,0.96855,0.96862,1.00,1.00
2017.08.03 15:10:31.080,0.96852,0.96861,1.00,1.25
2017.08.03 15:10:31.274,0.9685,0.9686,2.25,1.00
2017.08.03 15:10:32.493,0.96849,0.9686,1.12,1.00
2017.08.03 15:10:33.014,0.96849,0.96861,2.70,2.25
2017.08.03 15:10:33.914,0.96849,0.96861,3.45,1.50
2017.08.03 15:10:34.221,0.96849,0.96859,1.00,1.00
2017.08.03 15:10:34.758,0.96847,0.96858,3.07,1.00
2017.08.03 15:10:35.596,0.96847,0.96859,2.32,1.00
2017.08.03 15:10:36.120,0.96847,0.96859,2.32,1.00
2017.08.03 15:10:38.436,0.96848,0.9686,1.50,2.25
2017.08.03 15:10:39.051,0.96849,0.9686,1.00,1.12
2017.08.03 15:10:41.467,0.96849,0.96859,1.00,1.00
2017.08.03 15:10:42.956,0.96849,0.96861,1.10,1.50
2017.08.03 15:10:44.005,0.96851,0.96861,1.00,2.25
2017.08.03 15:10:44.057,0.96852,0.96863,1.00,2.62
2017.08.03 15:10:44.432,0.96854,0.96865,1.50,1.87
2017.08.03 15:10:44.946,0.96855,0.96865,1.00,1.00
2017.08.03 15:10:45.493,0.96855,0.96866,1.50,1.00
2017.08.03 15:10:46.031,0.96855,0.96866,1.91,1.00
2017.08.03 15:10:46.852,0.96854,0.96864,1.50,1.00
2017.08.03 15:10:47.007,0.96853,0.96864,1.12,1.00
2017.08.03 15:10:47.417,0.96854,0.96866,1.12,2.62
2017.08.03 15:10:47.937,0.96853,0.96865,1.87,1.01
2017.08.03 15:10:48.588,0.96854,0.96865,3.60,1.00
2017.08.03 15:10:48.639,0.96856,0.96866,2.44,1.10
2017.08.03 15:10:53.326,0.96856,0.96867,1.25,1.50
2017.08.03 15:10:53.832,0.96856,0.96867,3.94,1.00
2017.08.03 15:10:54.573,0.96858,0.96868,1.12,1.00
2017.08.03 15:10:54.676,0.96858,0.9687,1.12,1.87
2017.08.03 15:10:55.423,0.96858,0.9687,3.75,1.00
2017.08.03 15:10:57.262,0.9686,0.96871,3.07,1.50
2017.08.03 15:10:57.582,0.96861,0.96873,1.50,1.25
2017.08.03 15:10:57.842,0.96861,0.96871,1.12,1.00
2017.08.03 15:10:58.354,0.9686,0.9687,2.32,1.00
2017.08.03 15:10:58.915,0.96858,0.96869,1.76,1.00
2017.08.03 15:11:00.016,0.96857,0.96868,1.57,1.00
2017.08.03 15:11:00.376,0.96855,0.96866,6.00,1.50
2017.08.03 15:11:00.633,0.96853,0.96866,3.19,2.81
2017.08.03 15:11:01.161,0.96852,0.96863,1.47,1.00
2017.08.03 15:11:01.420,0.9685,0.96861,1.00,1.69
2017.08.03 15:11:01.958,0.96849,0.96861,1.50,3.00
2017.08.03 15:11:02.466,0.96848,0.9686,2.44,1.00
2017.08.03 15:11:02.976,0.96849,0.96861,1.20,2.62
2017.08.03 15:11:03.387,0.96847,0.96858,1.87,1.50
2017.08.03 15:11:03.541,0.96847,0.9686,3.37,1.95
2017.08.03 15:11:03.971,0.96847,0.9686,1.87,1.95
2017.08.03 15:11:05.058,0.96848,0.9686,1.00,2.70
2017.08.03 15:11:05.555,0.9685,0.96861,1.00,2.25
2017.08.03 15:11:05.863,0.96856,0.96865,1.31,1.10
2017.08.03 15:11:05.969,0.96856,0.96867,1.25,1.50
2017.08.03 15:11:06.021,0.96855,0.96865,1.56,1.00
2017.08.03 15:11:06.124,0.96852,0.96862,1.12,1.00
2017.08.03 15:11:06.411,0.96853,0.96864,1.00,1.00
2017.08.03 15:11:06.926,0.96853,0.96865,1.50,1.00
2017.08.03 15:11:07.448,0.96853,0.96864,1.50,1.00
2017.08.03 15:11:08.081,0.96852,0.96863,1.87,1.00
2017.08.03 15:11:08.235,0.9685,0.96863,3.45,2.25
2017.08.03 15:11:08.410,0.9685,0.96861,1.00,1.00
2017.08.03 15:11:08.941,0.96851,0.96862,1.00,1.00
2017.08.03 15:11:10.175,0.9685,0.96861,2.32,1.00
2017.08.03 15:11:10.690,0.9685,0.96862,3.45,1.00
2017.08.03 15:11:11.281,0.9685,0.96861,2.70,1.00
2017.08.03 15:11:12.669,0.96849,0.96861,1.57,1.50
2017.08.03 15:11:12.954,0.96847,0.96859,1.50,1.69
2017.08.03 15:11:13.112,0.96846,0.96856,1.50,1.00
2017.08.03 15:11:13.215,0.96845,0.96856,1.87,1.00
2017.08.03 15:11:13.325,0.96845,0.96854,1.12,1.00
2017.08.03 15:11:13.378,0.96843,0.96854,1.12,2.47
2017.08.03 15:11:13.481,0.96842,0.96852,2.70,1.00
2017.08.03 15:11:14.743,0.9684,0.96851,2.25,1.00
2017.08.03 15:11:15.084,0.96842,0.96854,4.57,1.25
2017.08.03 15:11:17.352,0.96846,0.96855,1.00,1.00
2017.08.03 15:11:17.404,0.96846,0.96857,3.56,1.25
2017.08.03 15:11:17.714,0.96848,0.96859,1.00,2.06
2017.08.03 15:11:18.442,0.96847,0.96858,2.25,1.00
2017.08.03 15:11:18.596,0.96849,0.96859,1.87,1.25
2017.08.03 15:11:18.750,0.96849,0.96861,2.62,2.81
2017.08.03 15:11:20.088,0.96853,0.96862,1.00,1.31
2017.08.03 15:11:20.140,0.96853,0.96863,1.12,1.50
2017.08.03 15:11:20.580,0.96854,0.96863,4.69,1.00
2017.08.03 15:11:20.735,0.96855,0.96865,1.56,1.00
2017.08.03 15:11:20.944,0.96854,0.96861,1.37,1.00
2017.08.03 15:11:20.996,0.9685,0.96861,1.95,1.12
2017.08.03 15:11:21.047,0.9685,0.96859,1.20,1.00
2017.08.03 15:11:21.290,0.96848,0.96859,1.00,1.00
2017.08.03 15:11:21.958,0.96847,0.96858,3.75,1.00
2017.08.03 15:11:22.462,0.96847,0.96857,1.87,1.00
2017.08.03 15:11:23.184,0.96847,0.96858,1.50,1.50
2017.08.03 15:11:24.491,0.96848,0.9686,2.25,3.94
2017.08.03 15:11:25.084,0.96847,0.96859,6.00,1.00
2017.08.03 15:11:25.595,0.96849,0.9686,2.62,1.25
2017.08.03 15:11:26.725,0.96848,0.96859,2.62,1.00
2017.08.03 15:11:27.270,0.96848,0.9686,1.87,1.69
2017.08.03 15:11:27.578,0.96847,0.96858,2.32,1.50
2017.08.03 15:11:27.629,0.96847,0.96857,1.20,1.00
2017.08.03 15:11:28.177,0.96846,0.96858,4.69,1.69
2017.08.03 15:11:28.775,0.96846,0.96858,5.81,1.50
2017.08.03 15:11:29.698,0.96848,0.96859,1.37,1.00
2017.08.03 15:11:30.298,0.96848,0.9686,2.25,1.69
2017.08.03 15:11:30.763,0.96849,0.9686,1.00,1.25
2017.08.03 15:11:31.275,0.96848,0.96859,1.50,1.00
2017.08.03 15:11:31.825,0.9685,0.96859,1.12,1.00
2017.08.03 15:11:32.326,0.9685,0.96859,3.37,1.00
2017.08.03 15:11:32.874,0.96849,0.9686,1.87,1.01
2017.08.03 15:11:33.140,0.96849,0.96856,1.00,1.50
2017.08.03 15:11:33.399,0.96847,0.96855,1.00,1.00
2017.08.03 15:11:33.451,0.9685,0.96858,1.00,1.50
2017.08.03 15:11:34.241,0.96849,0.96859,3.00,1.25
2017.08.03 15:11:35.008,0.9685,0.96859,1.37,1.00
2017.08.03 15:11:35.110,0.9685,0.96861,1.00,4.69
2017.08.03 15:11:35.265,0.96853,0.96861,1.00,1.00
2017.08.03 15:11:35.706,0.96853,0.96861,2.62,1.00
2017.08.03 15:11:36.681,0.96853,0.96862,2.62,1.50
2017.08.03 15:11:36.835,0.96853,0.96862,4.50,1.50
2017.08.03 15:11:36.940,0.96853,0.96862,2.62,1.00
2017.08.03 15:11:38.092,0.96855,0.96864,3.75,1.87
2017.08.03 15:11:38.246,0.96857,0.96866,2.25,2.25
2017.08.03 15:11:38.457,0.96855,0.96862,3.37,1.00
2017.08.03 15:11:38.649,0.96855,0.96862,1.00,1.00
2017.08.03 15:11:38.705,0.96855,0.96864,1.12,1.50
2017.08.03 15:11:39.224,0.96856,0.96865,1.50,1.00
2017.08.03 15:11:39.726,0.96856,0.96867,1.31,4.31
2017.08.03 15:11:40.330,0.96858,0.96866,1.50,1.00
2017.08.03 15:11:40.484,0.96858,0.96868,1.50,2.44
2017.08.03 15:11:41.523,0.96859,0.96869,1.50,1.87
2017.08.03 15:11:41.781,0.9686,0.9687,2.25,2.44
2017.08.03 15:11:42.179,0.9686,0.9687,5.25,1.00
2017.08.03 15:11:42.998,0.96861,0.96872,1.50,2.81
2017.08.03 15:11:43.156,0.96861,0.9687,2.62,1.00
2017.08.03 15:11:43.288,0.96861,0.96872,1.37,1.69
2017.08.03 15:11:43.802,0.9686,0.96871,1.50,1.00
2017.08.03 15:11:44.638,0.9686,0.96871,1.00,2.25
2017.08.03 15:11:45.150,0.96859,0.9687,3.37,1.50
2017.08.03 15:11:45.680,0.9686,0.9687,1.00,2.25
2017.08.03 15:11:47.020,0.96859,0.96869,1.37,1.00
2017.08.03 15:11:47.072,0.96858,0.96866,3.37,1.00
2017.08.03 15:11:47.468,0.9685,0.96859,1.37,1.69
2017.08.03 15:11:47.673,0.9685,0.96861,1.12,2.44
2017.08.03 15:11:48.188,0.9685,0.96861,1.37,1.69
2017.08.03 15:11:48.717,0.96849,0.96861,3.00,1.25
2017.08.03 15:11:49.305,0.96849,0.9686,3.00,1.00
2017.08.03 15:11:49.820,0.96849,0.9686,3.00,1.00
2017.08.03 15:11:50.430,0.96849,0.96861,1.87,1.69
2017.08.03 15:11:54.932,0.9685,0.9686,1.50,1.00
2017.08.03 15:11:55.035,0.96848,0.96858,1.12,1.50
2017.08.03 15:11:55.189,0.96847,0.96857,2.32,1.00
2017.08.03 15:11:55.445,0.96847,0.96858,2.70,1.50
2017.08.03 15:11:56.090,0.96849,0.96859,1.50,1.31
2017.08.03 15:11:56.603,0.96849,0.96858,1.00,1.00
2017.08.03 15:11:57.133,0.96848,0.96859,1.87,1.12
2017.08.03 15:11:57.646,0.96849,0.96858,1.37,1.00
2017.08.03 15:11:57.975,0.96849,0.9686,1.37,2.25
2017.08.03 15:11:58.493,0.96849,0.9686,1.50,1.00
2017.08.03 15:12:00.256,0.96849,0.9686,1.50,1.00
2017.08.03 15:12:00.815,0.96849,0.9686,1.12,1.00
2017.08.03 15:12:01.055,0.96849,0.9686,1.37,1.00
2017.08.03 15:12:01.443,0.96849,0.9686,1.12,1.00
2017.08.03 15:12:01.723,0.96849,0.9686,1.37,1.00
2017.08.03 15:12:04.934,0.96849,0.9686,1.37,1.00
2017.08.03 15:12:05.445,0.96849,0.96859,1.50,1.00
2017.08.03 15:12:06.877,0.96849,0.96859,1.37,1.50
2017.08.03 15:12:07.405,0.96848,0.96858,2.62,1.00
2017.08.03 15:12:08.399,0.96847,0.96853,1.12,1.00
2017.08.03 15:12:08.555,0.96843,0.96852,1.37,1.00
2017.08.03 15:12:08.658,0.96844,0.96855,1.50,1.50
2017.08.03 15:12:09.018,0.96846,0.96856,1.37,1.25
2017.08.03 15:12:09.434,0.96845,0.96858,3.82,2.44
2017.08.03 15:12:09.537,0.96845,0.96858,4.20,2.06
2017.08.03 15:12:09.947,0.96845,0.96856,4.20,1.00
2017.08.03 15:12:10.835,0.96845,0.96855,1.95,1.00
2017.08.03 15:12:11.194,0.96843,0.96853,3.37,1.00
2017.08.03 15:12:11.450,0.96843,0.96854,1.87,1.69
2017.08.03 15:12:11.849,0.96844,0.96856,2.25,1.69
2017.08.03 15:12:12.303,0.96844,0.96853,1.50,1.00
2017.08.03 15:12:12.864,0.96843,0.96854,3.37,1.00
2017.08.03 15:12:13.070,0.96842,0.96853,2.25,1.00
2017.08.03 15:12:15.098,0.96842,0.96855,2.32,3.19
2017.08.03 15:12:15.211,0.96842,0.96854,3.07,1.12
2017.08.03 15:12:15.265,0.96842,0.96852,2.62,1.00
2017.08.03 15:12:15.524,0.96842,0.96854,2.62,1.69
2017.08.03 15:12:15.628,0.96842,0.96852,2.25,1.00
2017.08.03 15:12:16.857,0.96843,0.96853,1.87,1.00
2017.08.03 15:12:17.369,0.96843,0.96854,1.87,1.69
2017.08.03 15:12:17.876,0.96842,0.96852,1.87,1.00
2017.08.03 15:12:17.980,0.96841,0.96851,2.25,1.00
2017.08.03 15:12:20.056,0.96841,0.96851,2.62,1.00
2017.08.03 15:12:20.604,0.9684,0.96851,3.82,1.00
2017.08.03 15:12:21.222,0.96841,0.96852,1.87,1.50
2017.08.03 15:12:21.562,0.96843,0.96852,1.87,1.00
2017.08.03 15:12:22.076,0.96841,0.96852,1.37,1.50
2017.08.03 15:12:22.611,0.9684,0.96851,3.45,1.00
2017.08.03 15:12:23.194,0.96841,0.96852,1.37,1.50
2017.08.03 15:12:24.903,0.9684,0.96851,3.07,1.00
2017.08.03 15:12:25.516,0.9684,0.9685,2.32,1.00
2017.08.03 15:12:25.671,0.9684,0.96851,1.87,1.50
2017.08.03 15:12:26.181,0.96839,0.9685,4.87,1.00
2017.08.03 15:12:27.546,0.96839,0.96849,1.37,1.50
2017.08.03 15:12:27.855,0.96838,0.96843,1.12,1.50
2017.08.03 15:12:27.958,0.96834,0.96842,1.37,1.00
2017.08.03 15:12:28.501,0.96834,0.96842,1.12,1.50
2017.08.03 15:12:29.014,0.9683,0.96842,2.70,1.50
2017.08.03 15:12:29.544,0.9683,0.96841,1.57,1.00
2017.08.03 15:12:30.518,0.96831,0.96842,2.62,1.00
2017.08.03 15:12:31.110,0.96831,0.96843,3.75,1.87
2017.08.03 15:12:31.264,0.96831,0.96841,1.37,1.00
2017.08.03 15:12:31.979,0.96833,0.96844,1.12,4.69
2017.08.03 15:12:32.031,0.96833,0.96845,1.57,1.87
2017.08.03 15:12:32.134,0.96839,0.96847,1.00,2.62
2017.08.03 15:12:32.291,0.96839,0.96849,1.37,2.62
2017.08.03 15:12:33.157,0.96839,0.96849,1.00,1.12
2017.08.03 15:12:33.671,0.96839,0.9685,1.50,1.69
2017.08.03 15:12:35.334,0.96842,0.96851,1.87,1.50
2017.08.03 15:12:35.881,0.96839,0.96851,1.87,1.50
2017.08.03 15:12:36.383,0.96839,0.9685,1.87,1.00
2017.08.03 15:12:37.041,0.96839,0.96851,1.87,1.50
2017.08.03 15:12:37.895,0.96839,0.9685,1.87,1.00
2017.08.03 15:12:38.399,0.96839,0.96851,1.50,1.50
2017.08.03 15:12:39.027,0.96838,0.96849,3.00,1.00
2017.08.03 15:12:39.345,0.96837,0.96847,1.37,1.00
2017.08.03 15:12:40.603,0.96837,0.96848,1.87,1.69
2017.08.03 15:12:41.131,0.96836,0.96847,2.62,1.00
2017.08.03 15:12:41.661,0.96837,0.96847,1.00,1.00
2017.08.03 15:12:41.989,0.96835,0.96842,1.50,1.50
2017.08.03 15:12:42.093,0.96832,0.96842,1.00,1.50
2017.08.03 15:12:42.644,0.96831,0.96841,2.25,1.00
2017.08.03 15:12:43.415,0.96831,0.96841,1.87,1.00
2017.08.03 15:12:43.937,0.9683,0.96841,1.95,1.00
2017.08.03 15:12:44.196,0.96832,0.96842,2.62,1.00
2017.08.03 15:12:44.702,0.96832,0.96843,1.37,1.69
2017.08.03 15:12:44.858,0.96831,0.96842,4.12,1.00
2017.08.03 15:12:45.387,0.9683,0.96841,5.32,1.00
2017.08.03 15:12:45.918,0.96831,0.96842,1.50,1.50
2017.08.03 15:12:46.235,0.96832,0.96843,2.62,2.81
2017.08.03 15:12:46.389,0.9683,0.96841,1.00,1.50
2017.08.03 15:12:46.901,0.96829,0.9684,1.00,1.12
2017.08.03 15:12:47.218,0.96827,0.96835,1.00,1.00
2017.08.03 15:12:47.322,0.96824,0.96833,1.00,1.00
2017.08.03 15:12:47.529,0.96821,0.96833,3.00,1.37
2017.08.03 15:12:47.635,0.96825,0.96835,1.50,3.94
2017.08.03 15:12:47.790,0.96822,0.96834,3.07,1.50
2017.08.03 15:12:48.329,0.9682,0.96831,2.25,1.95
2017.08.03 15:12:48.856,0.9682,0.9683,2.25,1.12
2017.08.03 15:12:49.374,0.9682,0.96829,1.00,1.00
2017.08.03 15:12:49.659,0.96818,0.96829,2.44,1.57
2017.08.03 15:12:50.136,0.96817,0.96825,1.00,1.00
2017.08.03 15:12:50.239,0.96812,0.96823,3.00,1.12
2017.08.03 15:12:50.342,0.96812,0.96823,1.50,2.62
2017.08.03 15:12:50.869,0.96814,0.96823,1.50,1.12
2017.08.03 15:12:51.394,0.96814,0.96824,1.50,3.00
2017.08.03 15:12:51.927,0.96813,0.96824,1.00,3.00
2017.08.03 15:12:57.194,0.96814,0.96824,1.00,4.87
2017.08.03 15:12:57.506,0.96817,0.96827,1.00,1.50
2017.08.03 15:12:57.817,0.96814,0.96824,1.12,1.00
2017.08.03 15:12:58.323,0.96813,0.96824,1.00,1.25
2017.08.03 15:12:59.365,0.96811,0.96822,1.87,1.00
2017.08.03 15:12:59.881,0.96812,0.96823,2.25,2.25
2017.08.03 15:13:01.624,0.96812,0.96823,2.32,1.50
2017.08.03 15:13:01.933,0.96818,0.96828,1.00,1.25
2017.08.03 15:13:02.242,0.9682,0.96831,3.75,1.00
2017.08.03 15:13:02.558,0.96816,0.96826,1.12,1.25
2017.08.03 15:13:02.867,0.9682,0.9683,1.00,1.87
2017.08.03 15:13:03.543,0.96819,0.9683,1.00,3.37
2017.08.03 15:13:04.668,0.96821,0.9683,1.00,3.37
2017.08.03 15:13:07.383,0.96821,0.96831,1.00,3.00
2017.08.03 15:13:09.074,0.9682,0.96831,1.12,1.87
2017.08.03 15:13:09.676,0.9682,0.96831,3.37,1.00
2017.08.03 15:13:09.982,0.96824,0.96832,1.00,1.50
2017.08.03 15:13:11.125,0.9682,0.96831,3.37,1.00
2017.08.03 15:13:11.540,0.96819,0.9683,1.87,1.00
2017.08.03 15:13:12.125,0.96819,0.9683,1.12,3.07
2017.08.03 15:13:12.659,0.96819,0.9683,1.12,1.00
2017.08.03 15:13:12.710,0.96821,0.9683,1.00,1.00
2017.08.03 15:13:13.960,0.96821,0.96831,1.00,2.25
2017.08.03 15:13:14.501,0.96821,0.96832,2.25,1.12
2017.08.03 15:13:15.009,0.96824,0.96832,1.00,1.00
2017.08.03 15:13:15.061,0.96821,0.96832,2.25,2.25
2017.08.03 15:13:15.826,0.96822,0.96833,1.00,2.62
2017.08.03 15:13:15.930,0.96822,0.96833,1.50,1.20
2017.08.03 15:13:16.445,0.96821,0.96832,1.12,2.62
2017.08.03 15:13:16.952,0.9682,0.96831,3.75,1.00
2017.08.03 15:13:17.466,0.9682,0.96831,4.50,1.00
2017.08.03 15:13:17.928,0.96822,0.96833,1.00,3.37
2017.08.03 15:13:18.432,0.96821,0.96832,1.87,1.10
2017.08.03 15:13:19.049,0.96824,0.96832,1.00,1.00
2017.08.03 15:13:19.925,0.96824,0.96833,1.00,1.12
2017.08.03 15:13:20.080,0.96821,0.96832,1.12,1.50
2017.08.03 15:13:20.671,0.96822,0.96833,1.00,4.20
2017.08.03 15:13:21.286,0.96821,0.96831,1.00,1.00
2017.08.03 15:13:21.847,0.9682,0.96831,7.50,1.00
2017.08.03 15:13:22.368,0.96821,0.96832,1.87,1.00
2017.08.03 15:13:22.933,0.96822,0.96832,3.75,1.00
2017.08.03 15:13:23.620,0.96823,0.96833,1.87,2.25
2017.08.03 15:13:23.929,0.9683,0.9684,3.37,1.00
2017.08.03 15:13:24.476,0.96831,0.96842,4.12,1.37
2017.08.03 15:13:25.254,0.96831,0.96841,1.00,1.57
2017.08.03 15:13:25.306,0.9683,0.96841,3.37,1.12
2017.08.03 15:13:25.511,0.9683,0.96839,2.25,1.00
2017.08.03 15:13:26.014,0.96828,0.96839,1.69,1.20
2017.08.03 15:13:26.489,0.96831,0.9684,1.00,4.20
2017.08.03 15:13:27.092,0.96831,0.96839,1.00,1.57
2017.08.03 15:13:27.607,0.96831,0.9684,1.00,4.95
2017.08.03 15:13:28.119,0.96831,0.9684,1.12,1.57
2017.08.03 15:13:30.528,0.96831,0.96839,1.00,2.32
2017.08.03 15:13:30.631,0.96829,0.9684,1.00,2.32
2017.08.03 15:13:31.154,0.96827,0.96839,4.31,1.76
2017.08.03 15:13:32.472,0.96827,0.96838,4.69,1.00
2017.08.03 15:13:32.974,0.96827,0.96838,4.69,1.00
2017.08.03 15:13:33.482,0.96827,0.96838,4.69,1.10
2017.08.03 15:13:33.994,0.96827,0.96838,3.19,1.10
2017.08.03 15:13:34.046,0.96827,0.96835,1.69,1.00
2017.08.03 15:13:34.253,0.96822,0.96833,2.44,1.00
2017.08.03 15:13:34.560,0.96826,0.96835,1.62,2.25
2017.08.03 15:13:34.757,0.96826,0.96836,2.25,1.00
2017.08.03 15:13:35.290,0.96826,0.96837,3.75,5.57
2017.08.03 15:13:35.342,0.96826,0.96835,2.25,1.47
2017.08.03 15:13:35.734,0.96823,0.96833,1.00,1.12
2017.08.03 15:13:36.445,0.96823,0.96834,1.50,1.12
2017.08.03 15:13:37.027,0.96823,0.96834,2.25,1.37
2017.08.03 15:13:37.653,0.96824,0.96834,2.25,2.32
2017.08.03 15:13:38.947,0.96824,0.96832,2.25,1.00
2017.08.03 15:13:38.999,0.96821,0.96831,2.62,1.00
2017.08.03 15:13:40.841,0.96824,0.96832,2.25,1.10
2017.08.03 15:13:40.945,0.96824,0.96834,2.25,2.70
2017.08.03 15:13:41.906,0.96824,0.96835,3.00,2.32
2017.08.03 15:13:42.240,0.96824,0.96831,2.25,1.00
2017.08.03 15:13:42.828,0.96821,0.96831,1.00,1.00
2017.08.03 15:13:43.331,0.96821,0.96832,1.50,1.10
2017.08.03 15:13:43.842,0.96823,0.96834,1.00,4.95
2017.08.03 15:13:44.374,0.96822,0.96833,1.12,1.57
2017.08.03 15:13:46.019,0.96821,0.96832,6.75,1.00
2017.08.03 15:13:47.633,0.96822,0.96833,1.12,1.12
2017.08.03 15:13:48.143,0.96821,0.96832,5.25,1.00
2017.08.03 15:13:49.236,0.96824,0.96834,1.00,1.12
2017.08.03 15:13:49.764,0.96823,0.96834,1.50,1.57
2017.08.03 15:13:50.275,0.96824,0.96835,1.00,1.12
2017.08.03 15:13:52.202,0.96824,0.96835,1.72,1.00
2017.08.03 15:13:53.017,0.96825,0.96836,1.00,1.12
2017.08.03 15:13:53.068,0.96827,0.96837,2.06,1.50
2017.08.03 15:13:53.224,0.96829,0.9684,1.12,1.76
2017.08.03 15:13:53.741,0.96829,0.9684,1.12,1.82
2017.08.03 15:13:54.665,0.96829,0.96841,1.12,3.45
2017.08.03 15:13:54.820,0.96829,0.96841,1.12,1.95
2017.08.03 15:13:55.026,0.96829,0.96841,1.87,1.10
2017.08.03 15:13:55.694,0.96829,0.9684,2.25,1.00
2017.08.03 15:13:57.422,0.9683,0.96841,1.00,1.20
2017.08.03 15:13:58.335,0.96829,0.9684,1.87,1.00
2017.08.03 15:14:00.986,0.96828,0.96839,2.44,1.87
2017.08.03 15:14:02.847,0.96828,0.9684,2.44,1.00
2017.08.03 15:14:03.163,0.96828,0.96839,2.06,3.45
2017.08.03 15:14:03.675,0.96828,0.96839,2.06,1.20
2017.08.03 15:14:04.176,0.9683,0.96841,1.00,2.32
2017.08.03 15:14:04.279,0.96831,0.96841,2.25,1.95
2017.08.03 15:14:06.768,0.9683,0.96841,2.62,1.10
2017.08.03 15:14:07.289,0.96831,0.96842,1.00,2.32
2017.08.03 15:14:07.801,0.9683,0.96841,1.50,1.39
2017.08.03 15:14:08.579,0.96832,0.96843,4.50,2.70
2017.08.03 15:14:09.097,0.96837,0.96845,1.25,1.87
2017.08.03 15:14:09.270,0.96838,0.96849,1.00,1.57
2017.08.03 15:14:09.788,0.96838,0.96849,1.00,1.31
2017.08.03 15:14:10.290,0.96838,0.96849,1.00,1.62
2017.08.03 15:14:10.550,0.96839,0.9685,1.00,1.12
2017.08.03 15:14:11.066,0.96838,0.96849,1.12,2.06
2017.08.03 15:14:11.736,0.96837,0.96848,1.87,1.00
2017.08.03 15:14:12.147,0.9684,0.9685,1.00,1.12
2017.08.03 15:14:12.654,0.9684,0.96851,1.00,5.14
2017.08.03 15:14:13.175,0.96839,0.9685,1.00,2.81
2017.08.03 15:14:13.489,0.96837,0.96847,1.87,1.00
2017.08.03 15:14:14.250,0.96837,0.96849,1.00,2.44
2017.08.03 15:14:15.236,0.96836,0.96847,3.37,1.00
2017.08.03 15:14:15.821,0.96836,0.96847,1.12,1.12
2017.08.03 15:14:16.698,0.96838,0.96848,1.00,1.50
2017.08.03 15:14:17.282,0.96838,0.96849,1.00,3.19
2017.08.03 15:14:17.794,0.96839,0.96849,1.00,1.87
2017.08.03 15:14:18.753,0.96839,0.9685,1.00,2.62
2017.08.03 15:14:19.318,0.96838,0.96849,1.00,1.37
2017.08.03 15:14:20.300,0.96837,0.96848,1.87,1.12
2017.08.03 15:14:21.168,0.96837,0.96847,1.00,1.00
2017.08.03 15:14:21.683,0.96837,0.96849,1.25,1.87
2017.08.03 15:14:22.223,0.96836,0.96847,1.50,1.00
2017.08.03 15:14:23.587,0.96835,0.96846,2.32,1.00
2017.08.03 15:14:24.519,0.96834,0.96845,1.76,1.25
2017.08.03 15:14:24.571,0.96834,0.96845,1.39,1.62
2017.08.03 15:14:24.914,0.96832,0.96842,1.00,1.00
2017.08.03 15:14:25.275,0.96834,0.96844,1.00,1.50
2017.08.03 15:14:25.432,0.96834,0.96845,1.20,1.25
2017.08.03 15:14:25.484,0.96832,0.96843,1.00,1.00
2017.08.03 15:14:25.996,0.96831,0.96843,1.69,1.37
2017.08.03 15:14:26.511,0.96832,0.96843,2.07,1.00
2017.08.03 15:14:26.923,0.96834,0.96845,1.00,1.87
2017.08.03 15:14:27.599,0.96836,0.96847,3.00,2.62
2017.08.03 15:14:27.702,0.96836,0.96847,5.06,1.37
2017.08.03 15:14:28.220,0.96836,0.96847,1.12,1.37
2017.08.03 15:14:28.735,0.96835,0.96846,1.00,1.12
2017.08.03 15:14:29.100,0.96835,0.96846,1.00,1.37
2017.08.03 15:14:30.027,0.96834,0.96845,1.87,1.37
2017.08.03 15:14:30.398,0.96837,0.96845,2.25,1.37
2017.08.03 15:14:30.450,0.96837,0.96846,3.60,1.00
2017.08.03 15:14:30.963,0.96837,0.96848,3.00,1.50
2017.08.03 15:14:31.518,0.96837,0.96848,1.00,1.50
2017.08.03 15:14:31.653,0.96836,0.96845,1.00,1.25
2017.08.03 15:14:31.899,0.96837,0.96848,1.00,2.25
2017.08.03 15:14:32.412,0.96837,0.96848,1.12,1.12
2017.08.03 15:14:32.925,0.96838,0.96849,1.00,2.25
2017.08.03 15:14:38.364,0.96838,0.96849,1.00,1.87
2017.08.03 15:14:38.884,0.96839,0.9685,1.00,5.32
2017.08.03 15:14:40.200,0.96839,0.9685,1.00,4.20
2017.08.03 15:14:40.728,0.9684,0.96851,1.00,3.94
2017.08.03 15:14:41.298,0.96839,0.9685,1.00,1.50
2017.08.03 15:14:41.503,0.96838,0.96848,2.25,1.12
2017.08.03 15:14:41.812,0.96834,0.96845,2.25,1.00
2017.08.03 15:14:42.844,0.96834,0.96845,3.07,1.00
2017.08.03 15:14:43.373,0.96835,0.96846,1.87,1.50
2017.08.03 15:14:43.910,0.96836,0.96847,1.72,1.50
2017.08.03 15:14:44.012,0.96837,0.96848,1.12,3.00
2017.08.03 15:14:44.751,0.96837,0.96847,1.12,1.00
2017.08.03 15:14:45.262,0.96837,0.96848,1.72,2.62
2017.08.03 15:14:45.518,0.96837,0.96848,1.12,2.62
2017.08.03 15:14:45.763,0.96837,0.96848,1.12,1.87
2017.08.03 15:14:46.637,0.96836,0.96845,2.25,1.00
2017.08.03 15:14:46.948,0.96836,0.96847,3.22,1.12
2017.08.03 15:14:48.166,0.96836,0.96847,1.50,3.19
2017.08.03 15:14:48.679,0.96835,0.96846,1.00,1.50
2017.08.03 15:14:49.189,0.96835,0.96846,1.00,1.50
2017.08.03 15:14:50.182,0.96835,0.96847,2.32,1.00
2017.08.03 15:14:50.473,0.96835,0.96846,1.50,1.37
2017.08.03 15:14:51.185,0.96837,0.96847,1.00,1.87
2017.08.03 15:14:51.548,0.96835,0.96846,7.05,1.00
2017.08.03 15:14:51.758,0.96837,0.96848,1.54,3.75
2017.08.03 15:14:51.862,0.96837,0.96848,1.35,1.87
2017.08.03 15:14:52.363,0.96838,0.96848,1.00,1.00
2017.08.03 15:14:54.835,0.96838,0.96849,1.00,1.87
2017.08.03 15:14:54.960,0.96837,0.96849,2.62,2.44
2017.08.03 15:14:55.063,0.96838,0.96849,1.00,1.50
2017.08.03 15:14:55.768,0.96838,0.96849,1.00,1.87
2017.08.03 15:14:56.281,0.96838,0.96849,1.00,1.87
2017.08.03 15:14:57.805,0.96839,0.96849,1.00,1.00
2017.08.03 15:14:58.308,0.96839,0.9685,1.00,1.87
2017.08.03 15:14:58.672,0.96838,0.96848,1.00,1.00
2017.08.03 15:14:59.838,0.96838,0.96848,1.00,1.87
2017.08.03 15:15:00.447,0.96837,0.96848,2.81,1.50
2017.08.03 15:15:00.967,0.96838,0.96848,1.00,1.00
2017.08.03 15:15:01.603,0.96838,0.96849,1.00,3.37
2017.08.03 15:15:02.143,0.96837,0.96848,2.44,1.12
2017.08.03 15:15:02.667,0.96838,0.96849,1.12,1.50
2017.08.03 15:15:03.285,0.96837,0.96848,3.19,1.00
2017.08.03 15:15:08.444,0.96837,0.96845,1.00,1.25
2017.08.03 15:15:08.548,0.96835,0.96845,1.00,1.54
2017.08.03 15:15:09.059,0.96834,0.96845,1.12,1.91
2017.08.03 15:15:09.691,0.96836,0.96846,2.06,1.69
2017.08.03 15:15:09.845,0.96836,0.96847,2.25,1.50
2017.08.03 15:15:11.159,0.96837,0.96848,1.25,1.87
2017.08.03 15:15:11.673,0.96837,0.96848,4.54,1.00
2017.08.03 15:15:12.198,0.96838,0.96849,1.12,1.00
2017.08.03 15:15:13.708,0.96837,0.96847,1.31,1.00
2017.08.03 15:15:14.225,0.96837,0.96848,1.00,2.44
2017.08.03 15:15:14.569,0.96835,0.96845,1.00,2.62
2017.08.03 15:15:15.084,0.96835,0.96846,1.00,3.94
2017.08.03 15:15:15.421,0.96834,0.96842,1.00,1.00
2017.08.03 15:15:15.534,0.96831,0.96842,1.57,1.00
2017.08.03 15:15:16.049,0.96831,0.96842,1.00,3.19
2017.08.03 15:15:16.577,0.9683,0.96841,1.20,1.00
2017.08.03 15:15:18.614,0.9683,0.96841,1.47,1.00
2017.08.03 15:15:19.117,0.9683,0.96841,1.00,2.81
2017.08.03 15:15:19.272,0.96829,0.96837,1.50,1.00
2017.08.03 15:15:19.376,0.96827,0.96836,1.00,1.00
2017.08.03 15:15:19.890,0.96826,0.96836,1.00,1.00
2017.08.03 15:15:20.037,0.96826,0.96834,1.00,1.50
2017.08.03 15:15:20.089,0.96822,0.96833,1.00,1.12
2017.08.03 15:15:20.499,0.9682,0.96831,2.70,1.00
2017.08.03 15:15:21.796,0.96819,0.9683,1.50,2.25
2017.08.03 15:15:22.304,0.96819,0.9683,1.00,1.12
2017.08.03 15:15:22.818,0.96818,0.96829,3.11,1.00
2017.08.03 15:15:23.363,0.96819,0.9683,1.00,1.12
2017.08.03 15:15:23.722,0.9682,0.96831,1.37,1.12
2017.08.03 15:15:24.269,0.96819,0.9683,2.62,1.00
2017.08.03 15:15:24.819,0.96819,0.9683,1.00,1.12
2017.08.03 15:15:25.183,0.96817,0.96826,1.10,1.25
2017.08.03 15:15:25.289,0.96814,0.96824,1.00,1.00
2017.08.03 15:15:25.834,0.96813,0.96824,1.50,1.00
2017.08.03 15:15:27.222,0.96812,0.96823,1.37,1.12
2017.08.03 15:15:27.327,0.96811,0.96822,1.69,1.00
2017.08.03 15:15:28.503,0.96811,0.96822,1.00,1.50
2017.08.03 15:15:28.555,0.96809,0.96819,1.69,1.00
2017.08.03 15:15:28.813,0.96803,0.96814,1.00,2.25
2017.08.03 15:15:29.226,0.96809,0.96816,1.50,3.37
2017.08.03 15:15:29.385,0.96812,0.96821,1.00,3.37
2017.08.03 15:15:29.696,0.96809,0.96819,1.00,2.32
2017.08.03 15:15:29.874,0.96805,0.96817,1.50,1.12
2017.08.03 15:15:30.615,0.96804,0.96817,1.50,3.19
2017.08.03 15:15:31.148,0.96805,0.96816,1.00,1.00
2017.08.03 15:15:31.664,0.96806,0.96817,1.00,2.62
2017.08.03 15:15:32.192,0.96805,0.96816,1.12,1.00
2017.08.03 15:15:33.058,0.96808,0.96818,1.00,1.00
2017.08.03 15:15:33.982,0.96809,0.9682,1.91,1.95
2017.08.03 15:15:34.175,0.96809,0.96822,2.66,5.14
2017.08.03 15:15:35.879,0.96812,0.96823,1.00,1.95
2017.08.03 15:15:41.133,0.96811,0.96823,1.12,1.20
2017.08.03 15:15:41.523,0.9681,0.96821,2.25,2.25
2017.08.03 15:15:41.794,0.96806,0.96818,1.12,1.20
2017.08.03 15:15:42.421,0.96807,0.96818,1.12,1.12
2017.08.03 15:15:42.730,0.96809,0.96819,1.00,1.37
2017.08.03 15:15:42.915,0.96809,0.9682,1.00,3.00
2017.08.03 15:15:44.210,0.96809,0.96817,1.00,1.00
2017.08.03 15:15:44.422,0.96807,0.96817,1.12,1.00
2017.08.03 15:15:44.935,0.96807,0.96818,2.25,1.50
2017.08.03 15:15:46.139,0.96807,0.96816,1.00,1.00
2017.08.03 15:15:46.661,0.96806,0.96816,1.00,1.00
2017.08.03 15:15:47.175,0.96806,0.96817,1.00,2.62
2017.08.03 15:15:47.705,0.96806,0.96817,1.72,2.25
2017.08.03 15:15:48.218,0.96807,0.96818,1.12,1.00
2017.08.03 15:15:48.550,0.96809,0.9682,1.87,3.45
2017.08.03 15:15:49.705,0.96809,0.96819,1.00,1.87
2017.08.03 15:15:49.810,0.96807,0.96819,2.25,3.37
2017.08.03 15:15:50.328,0.96807,0.96819,2.25,5.06
2017.08.03 15:15:51.441,0.96808,0.9682,2.06,4.39
2017.08.03 15:15:53.667,0.96808,0.9682,1.50,3.26
2017.08.03 15:15:54.289,0.96808,0.96819,1.50,1.00
2017.08.03 15:15:54.573,0.96808,0.96816,1.00,1.10
2017.08.03 15:15:54.666,0.96806,0.96816,1.50,1.10
2017.08.03 15:15:55.177,0.96804,0.96816,2.25,2.32
2017.08.03 15:15:55.689,0.96803,0.96815,3.37,1.00
2017.08.03 15:15:55.952,0.96808,0.96817,2.85,2.62
2017.08.03 15:15:56.210,0.96815,0.96824,1.00,2.70
2017.08.03 15:15:56.927,0.96816,0.96826,1.00,4.57
2017.08.03 15:15:57.033,0.96818,0.96826,1.00,2.70
2017.08.03 15:15:58.902,0.96817,0.96825,1.00,1.57
2017.08.03 15:15:59.324,0.96817,0.96823,1.00,1.00
2017.08.03 15:15:59.734,0.96815,0.96823,1.00,1.00
2017.08.03 15:16:00.335,0.96815,0.96824,1.00,1.00
2017.08.03 15:16:00.438,0.96818,0.96826,2.62,2.62
2017.08.03 15:16:00.593,0.96821,0.9683,1.00,1.45
2017.08.03 15:16:00.645,0.96821,0.96826,1.00,1.25
2017.08.03 15:16:00.853,0.9682,0.96829,1.00,1.95
2017.08.03 15:16:01.358,0.9682,0.96829,1.00,1.50
2017.08.03 15:16:01.877,0.9682,0.96828,1.00,1.00
2017.08.03 15:16:02.341,0.96818,0.96826,1.00,1.00
2017.08.03 15:16:02.862,0.96818,0.96825,1.00,2.62
2017.08.03 15:16:03.017,0.96816,0.96825,1.00,1.12
2017.08.03 15:16:03.644,0.96816,0.96824,1.00,1.00
2017.08.03 15:16:04.821,0.96816,0.96825,1.50,1.50
2017.08.03 15:16:05.078,0.96817,0.96827,1.00,4.31
2017.08.03 15:16:05.583,0.96817,0.96826,1.00,1.00
2017.08.03 15:16:06.427,0.96818,0.96826,1.00,1.50
2017.08.03 15:16:06.928,0.96819,0.96828,1.00,1.50
2017.08.03 15:16:07.555,0.9682,0.96828,1.00,1.50
2017.08.03 15:16:08.807,0.96821,0.9683,1.00,3.37
2017.08.03 15:16:08.962,0.96821,0.96828,1.00,1.00
2017.08.03 15:16:09.474,0.9682,0.96828,1.00,1.00
2017.08.03 15:16:10.003,0.9682,0.96829,1.00,2.25
2017.08.03 15:16:10.321,0.9682,0.96827,1.00,1.00
2017.08.03 15:16:10.834,0.9682,0.96828,1.00,1.12
2017.08.03 15:16:11.500,0.9682,0.96829,1.00,1.50
2017.08.03 15:16:12.026,0.9682,0.9683,1.00,1.87
2017.08.03 15:16:12.634,0.9682,0.96829,1.00,1.00
2017.08.03 15:16:13.138,0.9682,0.9683,1.00,2.25
2017.08.03 15:16:13.655,0.96821,0.96829,1.00,1.00
2017.08.03 15:16:18.133,0.96821,0.96831,1.00,3.37
2017.08.03 15:16:18.735,0.96822,0.9683,1.00,1.50
2017.08.03 15:16:19.063,0.96832,0.96834,1.00,1.87
2017.08.03 15:16:19.115,0.96832,0.96839,1.00,1.00
2017.08.03 15:16:19.456,0.96832,0.96841,2.25,1.12
2017.08.03 15:16:19.972,0.96831,0.96841,1.00,2.81
2017.08.03 15:16:20.495,0.96832,0.96841,1.00,1.87
2017.08.03 15:16:21.054,0.96833,0.96844,2.62,3.75
2017.08.03 15:16:21.261,0.96837,0.96848,1.50,1.00
2017.08.03 15:16:21.472,0.9684,0.96845,1.00,1.69
2017.08.03 15:16:21.627,0.96836,0.96845,1.00,3.56
2017.08.03 15:16:22.847,0.96836,0.96844,1.00,2.81
2017.08.03 15:16:22.950,0.96834,0.96842,1.00,1.69
2017.08.03 15:16:23.489,0.96833,0.96843,1.00,2.81
2017.08.03 15:16:23.993,0.96834,0.96843,1.00,1.00
2017.08.03 15:16:24.535,0.96839,0.96846,1.00,1.50
2017.08.03 15:16:24.589,0.9684,0.96851,1.50,1.87
2017.08.03 15:16:24.848,0.96842,0.96851,1.00,1.87
2017.08.03 15:16:25.400,0.96841,0.96851,1.00,1.87
2017.08.03 15:16:25.946,0.96842,0.96851,1.00,2.25
2017.08.03 15:16:26.546,0.96841,0.96847,1.00,2.25
2017.08.03 15:16:26.650,0.96837,0.96844,1.00,1.00
2017.08.03 15:16:26.753,0.96835,0.96844,1.50,1.00
2017.08.03 15:16:27.538,0.96833,0.96843,2.25,1.69
2017.08.03 15:16:28.098,0.96839,0.96845,1.00,1.37
2017.08.03 15:16:28.201,0.96839,0.96849,1.50,1.00
2017.08.03 15:16:28.355,0.96841,0.9685,1.00,1.00
2017.08.03 15:16:29.040,0.9684,0.9685,1.00,1.69
2017.08.03 15:16:29.643,0.9684,0.96851,1.00,3.75
2017.08.03 15:16:30.158,0.96839,0.9685,3.37,1.31
2017.08.03 15:16:30.465,0.96842,0.96851,1.50,1.12
2017.08.03 15:16:31.015,0.96842,0.96852,1.00,2.25
2017.08.03 15:16:31.323,0.96846,0.96856,2.25,3.56
2017.08.03 15:16:31.866,0.96847,0.96856,1.00,2.25
2017.08.03 15:16:32.383,0.96848,0.96858,1.00,3.56
2017.08.03 15:16:32.586,0.96848,0.96858,3.00,1.25
2017.08.03 15:16:33.099,0.9685,0.9686,1.00,2.25
2017.08.03 15:16:34.069,0.96849,0.96859,1.00,1.50
2017.08.03 15:16:35.801,0.96849,0.96858,1.00,1.12
2017.08.03 15:16:36.363,0.96848,0.96857,1.00,1.00
2017.08.03 15:16:36.774,0.96846,0.96857,3.75,1.12
2017.08.03 15:16:37.308,0.96846,0.96857,5.62,2.06
2017.08.03 15:16:37.410,0.96846,0.96855,5.62,1.00
2017.08.03 15:16:37.939,0.96848,0.96858,1.00,1.00
2017.08.03 15:16:37.991,0.9685,0.96859,1.50,2.25
2017.08.03 15:16:38.638,0.9685,0.96861,2.25,2.62
2017.08.03 15:16:39.176,0.96851,0.96861,1.00,2.25
2017.08.03 15:16:40.432,0.96852,0.96861,1.50,1.00
2017.08.03 15:16:40.587,0.9685,0.96861,1.50,1.31
2017.08.03 15:16:41.384,0.9685,0.9686,1.50,1.00
2017.08.03 15:16:43.958,0.96851,0.9686,1.00,1.00
2017.08.03 15:16:44.884,0.96851,0.96861,2.25,1.00
2017.08.03 15:16:46.488,0.96851,0.9686,1.00,1.00
2017.08.03 15:16:48.769,0.9685,0.9686,1.00,1.25
2017.08.03 15:16:50.312,0.96849,0.9686,2.25,1.69
2017.08.03 15:16:52.505,0.96849,0.96858,1.50,1.00
2017.08.03 15:16:52.712,0.96848,0.9686,2.25,5.44
2017.08.03 15:16:53.246,0.96849,0.9686,1.00,2.25
2017.08.03 15:16:53.657,0.96852,0.96861,1.50,1.12
2017.08.03 15:16:53.763,0.96852,0.96864,4.35,4.50
2017.08.03 15:16:53.816,0.96855,0.96865,1.00,1.57
2017.08.03 15:16:54.034,0.96855,0.96866,1.00,3.19
2017.08.03 15:16:54.501,0.96855,0.96863,1.00,1.00
2017.08.03 15:16:54.605,0.96852,0.96862,1.00,1.00
2017.08.03 15:16:55.139,0.96852,0.96861,1.50,1.00
2017.08.03 15:16:55.398,0.9685,0.96861,3.45,1.25
2017.08.03 15:16:55.555,0.96853,0.96862,1.50,1.00
2017.08.03 15:16:56.091,0.96853,0.96863,1.50,1.12
2017.08.03 15:16:56.603,0.96855,0.96864,1.00,1.00
2017.08.03 15:16:57.148,0.96854,0.96865,2.25,1.12
2017.08.03 15:16:57.955,0.96857,0.96866,1.50,1.00
2017.08.03 15:16:58.161,0.96859,0.9687,3.00,2.62
2017.08.03 15:16:58.682,0.96859,0.96869,1.50,1.00
2017.08.03 15:16:59.225,0.96859,0.9687,1.00,3.56
2017.08.03 15:16:59.737,0.96859,0.96869,1.00,1.31
2017.08.03 15:17:00.274,0.96858,0.96869,2.62,1.00
2017.08.03 15:17:01.300,0.9686,0.9687,2.25,1.50
2017.08.03 15:17:01.563,0.96862,0.96873,2.70,1.12
2017.08.03 15:17:01.617,0.96866,0.96875,1.00,3.75
2017.08.03 15:17:01.669,0.96867,0.96875,1.00,1.12
2017.08.03 15:17:01.720,0.96867,0.96878,1.50,1.69
2017.08.03 15:17:02.271,0.96867,0.96878,1.00,1.50
2017.08.03 15:17:02.788,0.96867,0.96879,1.87,2.25
2017.08.03 15:17:03.363,0.96868,0.96879,1.00,2.25
2017.08.03 15:17:03.972,0.96868,0.96878,1.00,1.00
2017.08.03 15:17:04.127,0.96866,0.96877,1.00,1.87
2017.08.03 15:17:04.334,0.96865,0.96875,1.00,1.00
2017.08.03 15:17:04.592,0.96865,0.96877,3.82,2.81
2017.08.03 15:17:06.131,0.96867,0.96878,1.37,1.12
2017.08.03 15:17:07.276,0.96867,0.96877,1.00,1.00
2017.08.03 15:17:07.789,0.96866,0.96876,3.00,1.00
2017.08.03 15:17:08.517,0.96866,0.96876,1.37,1.00
2017.08.03 15:17:09.042,0.96867,0.96879,1.37,2.06
2017.08.03 15:17:09.397,0.96868,0.9688,1.37,2.32
2017.08.03 15:17:09.502,0.96873,0.96882,4.12,2.06
2017.08.03 15:17:09.845,0.96875,0.96886,3.37,1.00
2017.08.03 15:17:10.534,0.96876,0.96886,1.37,1.00
2017.08.03 15:17:11.940,0.96876,0.96886,1.12,1.00
2017.08.03 15:17:12.447,0.96875,0.96885,1.00,1.00
2017.08.03 15:17:14.387,0.96875,0.96882,1.00,2.06
2017.08.03 15:17:14.542,0.96871,0.96881,1.20,1.00
2017.08.03 15:17:15.044,0.9687,0.96881,1.69,1.12
2017.08.03 15:17:15.557,0.96869,0.9688,1.37,1.00
2017.08.03 15:17:16.102,0.9687,0.96879,1.37,1.00
2017.08.03 15:17:16.178,0.9687,0.96879,1.12,1.00
2017.08.03 15:17:17.391,0.96869,0.9688,2.62,1.00
2017.08.03 15:17:18.996,0.96868,0.96879,1.50,1.50
2017.08.03 15:17:20.437,0.96868,0.96878,1.37,1.00
2017.08.03 15:17:21.069,0.96868,0.96877,1.37,1.00
2017.08.03 15:17:23.439,0.96867,0.96877,1.57,1.00
2017.08.03 15:17:23.694,0.9687,0.9688,1.50,3.75
2017.08.03 15:17:24.004,0.9687,0.96881,4.57,1.00
2017.08.03 15:17:24.552,0.96871,0.96882,2.25,1.12
2017.08.03 15:17:25.202,0.96871,0.96881,1.87,2.25
2017.08.03 15:17:25.612,0.9687,0.96881,1.37,4.12
2017.08.03 15:17:25.991,0.96869,0.96879,1.12,1.00
2017.08.03 15:17:26.507,0.96868,0.96879,4.87,1.00
2017.08.03 15:17:26.816,0.96868,0.96879,1.50,2.44
2017.08.03 15:17:27.332,0.96867,0.96878,1.50,1.00
2017.08.03 15:17:28.555,0.96869,0.9688,1.12,4.50
2017.08.03 15:17:29.045,0.96873,0.96882,1.10,1.00
2017.08.03 15:17:29.301,0.96871,0.96881,1.87,1.00
2017.08.03 15:17:30.056,0.9687,0.96879,1.57,1.00
2017.08.03 15:17:30.211,0.96868,0.96878,2.25,1.00
2017.08.03 15:17:31.274,0.96868,0.9688,2.62,1.87
2017.08.03 15:17:31.678,0.96868,0.96877,1.00,1.00
2017.08.03 15:17:31.730,0.96866,0.96877,3.07,1.00
2017.08.03 15:17:32.247,0.96864,0.96876,4.87,1.00
2017.08.03 15:17:32.764,0.96865,0.96875,1.37,1.00
2017.08.03 15:17:33.021,0.96866,0.96878,1.87,1.50
2017.08.03 15:17:33.073,0.96868,0.96879,1.50,1.12
2017.08.03 15:17:33.653,0.96867,0.96879,1.57,1.12
2017.08.03 15:17:34.167,0.96868,0.96879,1.00,1.00
2017.08.03 15:17:34.482,0.96867,0.96877,1.00,1.00
2017.08.03 15:17:34.790,0.96869,0.96879,1.50,1.87
2017.08.03 15:17:34.943,0.96867,0.96879,3.45,1.12
2017.08.03 15:17:35.480,0.96868,0.96879,1.00,1.12
2017.08.03 15:17:36.008,0.96869,0.9688,2.25,1.12
2017.08.03 15:17:36.409,0.96871,0.9688,1.50,1.00
2017.08.03 15:17:36.927,0.96869,0.96881,4.20,1.12
2017.08.03 15:17:37.439,0.9687,0.9688,2.25,1.00
2017.08.03 15:17:37.959,0.96869,0.96879,1.12,1.00
2017.08.03 15:17:38.556,0.9687,0.96879,1.50,1.00
2017.08.03 15:17:38.709,0.96868,0.96879,3.37,1.00
2017.08.03 15:17:39.272,0.96868,0.96879,5.70,1.00
2017.08.03 15:17:39.376,0.96868,0.96877,2.25,1.00
2017.08.03 15:17:39.885,0.96867,0.96874,1.50,1.25
2017.08.03 15:17:39.991,0.96863,0.96871,1.00,1.00
2017.08.03 15:17:40.250,0.9686,0.96871,1.12,1.50
2017.08.03 15:17:40.761,0.9686,0.9687,2.25,1.00
2017.08.03 15:17:41.070,0.96863,0.9687,1.00,1.00
2017.08.03 15:17:41.609,0.96863,0.96871,1.00,1.00
2017.08.03 15:17:42.698,0.96862,0.96871,1.00,1.50
2017.08.03 15:17:43.214,0.96863,0.96872,1.00,1.00
2017.08.03 15:17:43.741,0.96863,0.9687,1.00,1.00
2017.08.03 15:17:43.793,0.96859,0.9687,6.37,1.50
2017.08.03 15:17:44.102,0.96863,0.96871,1.00,1.50
2017.08.03 15:17:45.226,0.96859,0.96869,1.50,1.00
2017.08.03 15:17:45.736,0.96858,0.96869,2.25,2.25
2017.08.03 15:17:46.277,0.96858,0.96869,1.87,1.50
2017.08.03 15:17:46.436,0.96861,0.96869,1.00,1.00
2017.08.03 15:17:46.947,0.96861,0.9687,1.00,1.50
2017.08.03 15:17:51.197,0.96861,0.96869,1.00,2.25
2017.08.03 15:17:53.989,0.96861,0.96868,1.00,1.00
2017.08.03 15:17:54.493,0.96861,0.96869,1.00,2.62
2017.08.03 15:17:55.178,0.96861,0.96868,1.00,1.00
2017.08.03 15:17:56.149,0.96861,0.96869,1.00,3.37
2017.08.03 15:17:57.359,0.96858,0.96864,1.50,1.25
2017.08.03 15:17:57.514,0.96852,0.96863,2.14,1.87
2017.08.03 15:17:58.597,0.96852,0.96863,1.47,1.87
2017.08.03 15:18:01.429,0.96853,0.96863,1.00,1.50
2017.08.03 15:18:01.976,0.96853,0.96862,1.12,1.00
2017.08.03 15:18:02.490,0.96853,0.96863,1.00,1.87
2017.08.03 15:18:02.743,0.96856,0.96863,1.00,1.12
2017.08.03 15:18:02.846,0.96853,0.96863,1.12,1.12
2017.08.03 15:18:03.054,0.96856,0.96865,1.35,1.50
2017.08.03 15:18:03.210,0.9686,0.96869,1.00,1.00
2017.08.03 15:18:03.979,0.9686,0.9687,1.50,1.12
2017.08.03 15:18:04.492,0.96861,0.9687,1.00,1.00
2017.08.03 15:18:06.206,0.96861,0.96866,1.00,1.50
2017.08.03 15:18:06.310,0.96859,0.96865,1.00,1.00
2017.08.03 15:18:06.362,0.96855,0.96865,3.00,1.00
2017.08.03 15:18:06.466,0.96859,0.96867,1.00,1.00
2017.08.03 15:18:06.805,0.96861,0.96871,1.00,1.60
2017.08.03 15:18:07.113,0.96866,0.96873,1.00,1.00
2017.08.03 15:18:07.165,0.96866,0.96876,1.00,1.00
2017.08.03 15:18:07.487,0.96869,0.96878,1.00,1.00
2017.08.03 15:18:07.590,0.96871,0.96881,1.00,1.00
2017.08.03 15:18:08.104,0.96871,0.96882,1.00,3.00
2017.08.03 15:18:08.326,0.9687,0.9688,1.10,1.00
2017.08.03 15:18:09.281,0.96871,0.96882,1.00,1.87
2017.08.03 15:18:09.599,0.96876,0.96886,1.00,1.95
2017.08.03 15:18:09.651,0.96876,0.96886,2.25,1.87
2017.08.03 15:18:10.164,0.96877,0.96886,1.00,1.12
2017.08.03 15:18:10.738,0.96876,0.96886,3.00,1.12
2017.08.03 15:18:11.453,0.96877,0.96886,2.25,1.00
2017.08.03 15:18:11.773,0.96878,0.96889,1.50,1.87
2017.08.03 15:18:12.295,0.9688,0.9689,1.50,2.44
2017.08.03 15:18:12.804,0.96881,0.96891,1.00,1.37
2017.08.03 15:18:17.429,0.96882,0.9689,1.50,1.12
2017.08.03 15:18:17.957,0.96881,0.9689,1.00,1.12
2017.08.03 15:18:18.621,0.96881,0.96892,1.50,2.06
2017.08.03 15:18:18.673,0.96888,0.96892,1.00,1.00
2017.08.03 15:18:18.776,0.96887,0.96894,2.25,1.00
2017.08.03 15:18:18.827,0.96887,0.96898,3.00,3.19
2017.08.03 15:18:19.192,0.96889,0.96898,1.00,2.14
2017.08.03 15:18:19.244,0.96887,0.96897,1.00,1.31
2017.08.03 15:18:20.038,0.96886,0.96893,1.12,1.69
2017.08.03 15:18:20.142,0.96882,0.96891,1.50,1.12
2017.08.03 15:18:20.655,0.96881,0.96891,3.00,1.20
2017.08.03 15:18:20.706,0.96883,0.96892,1.50,1.25
2017.08.03 15:18:20.810,0.96881,0.96891,2.25,1.00
2017.08.03 15:18:20.862,0.96881,0.96891,1.00,2.14
2017.08.03 15:18:21.386,0.9688,0.96889,1.00,1.12
2017.08.03 15:18:21.903,0.96881,0.96889,1.00,1.12
2017.08.03 15:18:22.249,0.96881,0.96889,1.00,1.37
2017.08.03 15:18:24.949,0.96881,0.9689,1.00,1.37
2017.08.03 15:18:28.745,0.96881,0.9689,1.00,1.37
2017.08.03 15:18:28.899,0.96881,0.96892,3.75,2.06
2017.08.03 15:18:29.002,0.96884,0.96892,1.50,1.00
2017.08.03 15:18:29.054,0.96885,0.96895,1.12,1.57
2017.08.03 15:18:29.208,0.96887,0.96896,1.00,1.37
2017.08.03 15:18:29.715,0.96887,0.96896,1.00,1.00
2017.08.03 15:18:30.133,0.96889,0.96897,1.00,1.37
2017.08.03 15:18:30.287,0.96889,0.96897,1.00,1.12
2017.08.03 15:18:32.132,0.96889,0.96898,1.00,2.32
2017.08.03 15:18:33.034,0.96889,0.969,3.37,1.87
2017.08.03 15:18:33.189,0.96891,0.969,1.00,1.87
2017.08.03 15:18:33.708,0.96891,0.969,1.00,2.25
2017.08.03 15:18:34.271,0.96889,0.969,1.50,3.45
2017.08.03 15:18:34.824,0.96889,0.969,1.00,2.25
2017.08.03 15:18:35.390,0.9689,0.96899,1.50,1.12
2017.08.03 15:18:35.909,0.96891,0.96899,1.00,1.12
2017.08.03 15:18:36.443,0.96891,0.96901,1.00,3.37
2017.08.03 15:18:37.948,0.96893,0.96901,1.00,2.06
2017.08.03 15:18:38.636,0.96894,0.96904,1.00,1.37
2017.08.03 15:18:39.047,0.96894,0.96902,1.42,1.50
2017.08.03 15:18:39.150,0.96889,0.96899,4.05,1.00
2017.08.03 15:18:39.669,0.96889,0.969,2.25,1.87
2017.08.03 15:18:40.173,0.96888,0.969,3.75,3.56
2017.08.03 15:18:40.820,0.96889,0.969,1.50,3.56
2017.08.03 15:18:41.357,0.96888,0.96899,3.00,1.37
2017.08.03 15:18:41.409,0.96891,0.969,1.00,3.56
2017.08.03 15:18:42.400,0.96891,0.969,1.00,2.81
2017.08.03 15:18:43.558,0.96891,0.969,1.00,1.87
2017.08.03 15:18:43.897,0.96896,0.96905,1.87,1.50
2017.08.03 15:18:44.413,0.96895,0.96905,4.87,1.50
2017.08.03 15:18:44.724,0.96891,0.969,3.00,2.06
2017.08.03 15:18:45.239,0.96891,0.96895,1.00,1.00
2017.08.03 15:18:45.291,0.96888,0.96896,4.50,1.07
2017.08.03 15:18:45.735,0.96888,0.96898,3.75,2.89
2017.08.03 15:18:45.891,0.96886,0.96898,3.37,3.07
2017.08.03 15:18:46.402,0.96886,0.96897,2.62,1.95
2017.08.03 15:18:47.228,0.96887,0.96897,7.50,1.12
2017.08.03 15:18:47.756,0.96888,0.96898,1.00,1.37
2017.08.03 15:18:47.962,0.96893,0.96902,1.00,3.94
2017.08.03 15:18:48.270,0.96896,0.96906,1.50,1.95
2017.08.03 15:18:49.571,0.96896,0.96906,1.00,1.95
2017.08.03 15:18:50.086,0.96894,0.96905,8.10,1.00
2017.08.03 15:18:50.346,0.96894,0.96904,3.75,2.70
2017.08.03 15:18:51.126,0.96894,0.96904,3.75,1.95
2017.08.03 15:18:51.791,0.96893,0.96898,1.00,1.00
2017.08.03 15:18:51.843,0.96891,0.96897,1.00,1.00
2017.08.03 15:18:51.896,0.96887,0.96895,4.50,1.00
2017.08.03 15:18:52.361,0.96887,0.96897,2.25,1.00
2017.08.03 15:18:53.668,0.96888,0.96899,3.37,1.95
2017.08.03 15:18:53.824,0.9689,0.969,1.50,1.39
2017.08.03 15:18:54.131,0.96893,0.969,1.25,1.00
2017.08.03 15:18:54.643,0.96893,0.96901,1.95,1.25
2017.08.03 15:18:55.223,0.96893,0.96901,1.00,1.00
2017.08.03 15:18:55.744,0.96891,0.96901,1.95,2.81
2017.08.03 15:18:56.301,0.96891,0.96901,1.20,2.44
2017.08.03 15:18:57.332,0.96891,0.96902,1.20,2.06
2017.08.03 15:18:57.669,0.96893,0.96904,1.45,1.12
2017.08.03 15:18:58.002,0.96892,0.96901,3.07,1.00
2017.08.03 15:18:58.364,0.96892,0.96903,3.82,1.87
2017.08.03 15:18:58.912,0.96893,0.96903,2.32,1.00
2017.08.03 15:18:58.964,0.96892,0.96903,1.95,1.25
2017.08.03 15:18:59.016,0.96893,0.96903,1.20,1.00
2017.08.03 15:18:59.528,0.96892,0.96903,1.20,1.50
2017.08.03 15:18:59.632,0.96893,0.96903,1.20,1.00
2017.08.03 15:19:00.163,0.96893,0.96902,1.00,1.00
2017.08.03 15:19:00.785,0.96895,0.96904,1.45,2.25
2017.08.03 15:19:01.073,0.96896,0.96906,1.45,1.00
2017.08.03 15:19:01.486,0.96899,0.96909,2.70,2.06
2017.08.03 15:19:01.746,0.96902,0.96913,2.70,1.00
2017.08.03 15:19:02.274,0.96902,0.96915,1.50,3.56
2017.08.03 15:19:02.788,0.96903,0.96914,1.00,3.94
2017.08.03 15:19:04.001,0.96901,0.96909,1.00,1.00
2017.08.03 15:19:04.121,0.96898,0.96909,1.95,1.25
2017.08.03 15:19:04.646,0.96897,0.96909,1.07,2.06
2017.08.03 15:19:05.158,0.96897,0.96908,1.12,1.12
2017.08.03 15:19:05.615,0.96899,0.96908,1.00,1.12
2017.08.03 15:19:07.971,0.96899,0.96906,1.00,1.00
2017.08.03 15:19:08.229,0.96893,0.96901,1.00,1.00
2017.08.03 15:19:08.281,0.9689,0.96901,2.70,1.25
2017.08.03 15:19:08.333,0.9689,0.96901,3.07,1.25
2017.08.03 15:19:08.591,0.9689,0.96901,2.32,2.06
2017.08.03 15:19:08.643,0.96889,0.96898,1.95,1.00
2017.08.03 15:19:09.177,0.96888,0.96898,2.70,1.00
2017.08.03 15:19:12.391,0.96888,0.96898,1.00,1.00
2017.08.03 15:19:12.698,0.96891,0.96899,1.00,1.87
2017.08.03 15:19:15.680,0.96891,0.969,1.00,1.00
2017.08.03 15:19:16.398,0.96891,0.969,2.70,1.00
2017.08.03 15:19:16.957,0.96891,0.96901,2.70,1.50
2017.08.03 15:19:17.493,0.96893,0.96901,1.00,1.31
2017.08.03 15:19:17.649,0.96889,0.969,1.95,1.87
2017.08.03 15:19:17.753,0.96887,0.96898,3.07,1.00
2017.08.03 15:19:18.349,0.96888,0.96898,1.20,1.00
2017.08.03 15:19:20.137,0.96888,0.96899,1.95,1.12
2017.08.03 15:19:20.446,0.96891,0.96899,1.00,1.37
2017.08.03 15:19:21.536,0.96891,0.969,1.00,3.00
2017.08.03 15:19:22.607,0.96891,0.96899,1.00,1.00
2017.08.03 15:19:23.741,0.9689,0.969,1.10,1.00
2017.08.03 15:19:24.255,0.96891,0.96901,2.25,1.00
2017.08.03 15:19:25.204,0.96891,0.96902,2.25,3.37
2017.08.03 15:19:25.752,0.96891,0.96901,2.25,1.00
2017.08.03 15:19:26.291,0.96891,0.96902,3.45,1.87
2017.08.03 15:19:26.343,0.96891,0.96901,2.25,1.37
2017.08.03 15:19:26.807,0.96892,0.96901,3.64,1.00
2017.08.03 15:19:26.961,0.96892,0.96903,5.89,1.00
2017.08.03 15:19:27.413,0.96892,0.96901,1.50,1.25
2017.08.03 15:19:27.723,0.9689,0.96899,3.82,1.87
2017.08.03 15:19:28.551,0.96889,0.96899,1.95,1.87
2017.08.03 15:19:29.425,0.96891,0.96899,1.00,1.00
2017.08.03 15:19:30.187,0.96891,0.969,1.00,1.87
2017.08.03 15:19:31.531,0.96891,0.96901,1.00,2.81
2017.08.03 15:19:32.016,0.96891,0.96901,2.06,1.00
2017.08.03 15:19:32.119,0.9689,0.96901,2.32,1.25
2017.08.03 15:19:32.634,0.96891,0.96901,1.00,2.06
2017.08.03 15:19:34.015,0.96891,0.969,2.25,1.00
2017.08.03 15:19:35.597,0.96892,0.96901,5.17,1.12
2017.08.03 15:19:35.740,0.96891,0.969,3.07,1.00
2017.08.03 15:19:36.561,0.96891,0.96901,2.25,1.00
2017.08.03 15:19:37.524,0.96894,0.96902,3.45,1.00
2017.08.03 15:19:37.627,0.96896,0.96904,1.12,1.00
2017.08.03 15:19:37.729,0.96894,0.96905,3.79,1.00
2017.08.03 15:19:38.276,0.96894,0.96905,5.36,1.00
2017.08.03 15:19:38.532,0.96894,0.96906,6.49,1.50
2017.08.03 15:19:39.533,0.96896,0.96906,1.00,1.25
2017.08.03 15:19:40.046,0.96896,0.96906,1.00,1.87
2017.08.03 15:19:40.354,0.96889,0.969,2.70,1.00
2017.08.03 15:19:40.900,0.96891,0.96899,1.00,1.00
2017.08.03 15:19:43.047,0.96891,0.969,1.00,3.56
2017.08.03 15:19:43.671,0.96891,0.96899,1.00,1.00
2017.08.03 15:19:46.541,0.96891,0.96898,1.00,1.12
2017.08.03 15:19:47.683,0.96888,0.96898,1.07,1.87
2017.08.03 15:19:48.472,0.96888,0.96897,1.07,1.00
2017.08.03 15:19:48.988,0.96885,0.96892,1.12,1.00
2017.08.03 15:19:49.198,0.96881,0.96889,1.00,1.00
2017.08.03 15:19:49.784,0.9688,0.96889,1.10,1.00
2017.08.03 15:19:49.989,0.9688,0.96891,1.10,2.81
2017.08.03 15:19:51.884,0.96879,0.9689,1.87,4.31
2017.08.03 15:19:52.444,0.96879,0.96889,1.12,2.25
2017.08.03 15:19:52.958,0.96879,0.96888,1.00,2.25
2017.08.03 15:19:53.535,0.96877,0.96887,1.31,1.00
2017.08.03 15:19:54.049,0.96876,0.96886,3.00,1.00
2017.08.03 15:19:54.632,0.96876,0.96886,1.00,2.44
2017.08.03 15:19:55.167,0.96875,0.96886,1.76,1.00
2017.08.03 15:19:55.606,0.96876,0.96886,1.37,1.00
2017.08.03 15:19:55.950,0.96879,0.96887,1.00,1.00
2017.08.03 15:19:56.604,0.96879,0.96888,1.00,1.50
2017.08.03 15:19:57.175,0.96879,0.96887,1.00,1.00
2017.08.03 15:20:00.506,0.96879,0.96886,1.00,1.00
2017.08.03 15:20:00.558,0.96879,0.96888,1.00,2.06
2017.08.03 15:20:01.102,0.96879,0.96889,1.10,1.87
2017.08.03 15:20:01.618,0.96879,0.9689,1.57,2.25
2017.08.03 15:20:02.467,0.96879,0.96889,1.57,1.00
2017.08.03 15:20:02.986,0.96879,0.9689,1.95,1.12
2017.08.03 15:20:03.038,0.96881,0.9689,1.50,1.00
2017.08.03 15:20:04.825,0.96881,0.96891,1.87,1.50
2017.08.03 15:20:05.136,0.9689,0.96894,1.50,1.00
2017.08.03 15:20:05.188,0.9689,0.96897,1.50,1.00
2017.08.03 15:20:05.395,0.9689,0.969,2.25,1.00
2017.08.03 15:20:06.888,0.96891,0.969,1.00,1.00
2017.08.03 15:20:09.725,0.96891,0.96901,1.00,3.19
2017.08.03 15:20:09.911,0.96893,0.96902,1.00,1.00
2017.08.03 15:20:10.016,0.96892,0.96904,4.12,3.56
2017.08.03 15:20:10.067,0.96894,0.96904,1.00,1.00
2017.08.03 15:20:10.376,0.96896,0.96905,1.00,1.00
2017.08.03 15:20:10.530,0.96893,0.96905,1.12,2.81
2017.08.03 15:20:10.685,0.96892,0.96901,1.50,1.00
2017.08.03 15:20:11.225,0.96891,0.96901,2.25,1.00
2017.08.03 15:20:11.726,0.96892,0.96901,1.00,1.00
2017.08.03 15:20:12.393,0.9689,0.96901,6.45,1.00
2017.08.03 15:20:12.702,0.96893,0.96901,1.00,1.00
2017.08.03 15:20:13.389,0.96893,0.969,1.00,1.00
2017.08.03 15:20:13.441,0.9689,0.969,4.50,1.00
2017.08.03 15:20:14.705,0.96891,0.969,1.00,2.06
2017.08.03 15:20:15.232,0.9689,0.96899,1.00,1.69
2017.08.03 15:20:16.220,0.96891,0.96899,1.00,1.00
2017.08.03 15:20:16.373,0.96889,0.96899,1.00,1.00
2017.08.03 15:20:17.764,0.96888,0.96899,3.75,1.31
2017.08.03 15:20:18.813,0.96889,0.96899,1.00,1.12
2017.08.03 15:20:19.423,0.96888,0.96899,3.75,1.12
2017.08.03 15:20:19.720,0.96891,0.969,1.00,2.25
2017.08.03 15:20:20.025,0.96894,0.96903,3.00,1.00
2017.08.03 15:20:20.128,0.96897,0.96906,1.00,1.12
2017.08.03 15:20:20.693,0.96897,0.96907,1.00,1.12
2017.08.03 15:20:21.211,0.96895,0.96906,1.87,1.87
2017.08.03 15:20:21.263,0.96897,0.96906,1.50,1.00
2017.08.03 15:20:21.806,0.96897,0.96908,1.87,1.37
2017.08.03 15:20:22.371,0.96897,0.96908,1.12,1.50
2017.08.03 15:20:22.883,0.96897,0.96907,1.12,1.00
2017.08.03 15:20:23.211,0.96899,0.96907,1.00,1.00
2017.08.03 15:20:23.874,0.96899,0.96908,1.00,1.00
2017.08.03 15:20:30.087,0.96904,0.96909,1.00,1.37
2017.08.03 15:20:30.189,0.96905,0.96914,2.25,1.00
