2013.05.22 14:00:00.656,0.97341,0.97361,2.25,1.50
2013.05.22 14:00:00.924,0.97341,0.97361,2.25,1.50
2013.05.22 14:00:01.446,0.9734,0.97363,2.25,1.58
2013.05.22 14:00:02.692,0.97357,0.97375,1.54,4.88
2013.05.22 14:00:03.040,0.97354,0.97371,1.73,1.50
2013.05.22 14:00:03.393,0.97344,0.97363,1.88,1.50
2013.05.22 14:00:03.461,0.97337,0.97359,3.38,1.13
2013.05.22 14:00:03.746,0.97337,0.97348,2.25,1.50
2013.05.22 14:00:04.021,0.97324,0.97342,2.34,1.88
2013.05.22 14:00:04.092,0.9732,0.97333,3.09,1.13
2013.05.22 14:00:04.161,0.97313,0.97333,1.50,3.00
2013.05.22 14:00:04.229,0.97297,0.97318,1.50,3.97
2013.05.22 14:00:04.909,0.97284,0.97301,1.50,1.58
2013.05.22 14:00:04.996,0.97198,0.9727,1.80,10.15
2013.05.22 14:00:05.093,0.97198,0.97207,10.13,3.00
2013.05.22 14:00:05.237,0.97188,0.97205,1.13,2.09
2013.05.22 14:00:07.163,0.9716,0.97181,1.97,1.50
2013.05.22 14:00:09.085,0.97134,0.97167,1.50,6.68
2013.05.22 14:00:10.201,0.97108,0.97128,1.50,11.53
2013.05.22 14:00:11.155,0.97096,0.97109,1.50,11.19
2013.05.22 14:00:13.718,0.97021,0.97092,2.25,7.88
2013.05.22 14:00:13.800,0.96999,0.97049,1.69,1.52
2013.05.22 14:00:14.259,0.96994,0.97017,2.72,1.65
2013.05.22 14:00:14.818,0.97005,0.97023,1.50,2.78
2013.05.22 14:00:14.930,0.97007,0.97044,1.50,1.73
2013.05.22 14:00:15.448,0.97008,0.97045,1.50,1.73
2013.05.22 14:00:15.592,0.9701,0.97045,1.50,1.73
2013.05.22 14:00:16.199,0.97023,0.97051,6.00,4.50
2013.05.22 14:00:16.898,0.97029,0.97043,6.00,2.48
2013.05.22 14:00:17.045,0.96998,0.97028,1.54,2.25
2013.05.22 14:00:17.118,0.96998,0.9702,1.54,2.25
2013.05.22 14:00:17.271,0.96997,0.97035,1.54,2.44
2013.05.22 14:00:17.416,0.96995,0.97036,2.19,1.50
2013.05.22 14:00:17.780,0.96997,0.97038,2.48,2.25
2013.05.22 14:00:18.145,0.96994,0.97021,1.73,1.50
2013.05.22 14:00:18.494,0.96997,0.97011,1.54,1.80
2013.05.22 14:00:18.578,0.96995,0.97011,1.23,1.50
2013.05.22 14:00:18.655,0.96992,0.97011,1.43,1.50
2013.05.22 14:00:18.726,0.96985,0.97016,3.03,1.69
2013.05.22 14:00:19.010,0.96978,0.97008,2.25,1.38
2013.05.22 14:00:19.095,0.96966,0.97006,1.50,2.48
2013.05.22 14:00:19.299,0.96964,0.97001,3.00,1.50
2013.05.22 14:00:19.391,0.96964,0.96999,3.00,1.50
2013.05.22 14:00:20.031,0.96981,0.96999,2.25,1.50
2013.05.22 14:00:20.136,0.96962,0.96981,1.13,1.53
2013.05.22 14:00:20.205,0.96965,0.96976,1.50,2.43
2013.05.22 14:00:20.273,0.96965,0.9698,1.50,1.50
2013.05.22 14:00:20.422,0.96951,0.96984,1.53,1.50
2013.05.22 14:00:20.499,0.96952,0.96983,1.50,1.50
2013.05.22 14:00:20.575,0.96951,0.96974,2.25,2.25
2013.05.22 14:00:21.200,0.96951,0.96972,3.04,2.25
2013.05.22 14:00:21.768,0.96944,0.96957,1.72,1.52
2013.05.22 14:00:21.867,0.96947,0.96965,1.50,1.32
2013.05.22 14:00:22.020,0.96948,0.96966,1.65,1.69
2013.05.22 14:00:22.306,0.96946,0.96969,1.73,2.44
2013.05.22 14:00:22.381,0.96949,0.96972,1.02,1.13
2013.05.22 14:00:22.564,0.96951,0.96976,2.45,1.50
2013.05.22 14:00:22.927,0.9695,0.96981,2.45,2.44
2013.05.22 14:00:23.003,0.96951,0.96977,1.52,1.69
2013.05.22 14:00:23.137,0.96952,0.96984,2.44,1.69
2013.05.22 14:00:23.210,0.96952,0.96984,2.44,1.69
2013.05.22 14:00:23.401,0.96958,0.96987,1.24,1.69
2013.05.22 14:00:23.660,0.96959,0.96987,1.69,2.44
2013.05.22 14:00:24.001,0.96957,0.96983,2.07,1.69
2013.05.22 14:00:24.542,0.96972,0.96985,6.75,1.50
2013.05.22 14:00:24.684,0.96975,0.96986,6.00,2.44
2013.05.22 14:00:24.758,0.96976,0.96986,3.75,2.44
2013.05.22 14:00:24.970,0.96974,0.96986,1.50,1.69
2013.05.22 14:00:25.046,0.96974,0.96987,1.50,1.69
2013.05.22 14:00:25.464,0.9698,0.96988,3.00,1.50
2013.05.22 14:00:25.672,0.96984,0.96997,3.00,1.69
2013.05.22 14:00:25.887,0.96976,0.9699,1.50,2.25
2013.05.22 14:00:25.962,0.96975,0.96982,2.25,2.25
2013.05.22 14:00:26.033,0.96973,0.96982,2.25,2.25
2013.05.22 14:00:26.103,0.96958,0.96982,2.44,2.25
2013.05.22 14:00:26.173,0.96963,0.96985,2.25,1.50
2013.05.22 14:00:26.309,0.96967,0.96987,1.50,1.84
2013.05.22 14:00:26.454,0.96963,0.96983,1.50,1.69
2013.05.22 14:00:27.329,0.96963,0.96979,2.25,1.50
2013.05.22 14:00:27.403,0.96958,0.9698,2.44,1.50
2013.05.22 14:00:27.616,0.9696,0.96984,2.44,1.69
2013.05.22 14:00:27.824,0.96959,0.96983,2.44,1.69
2013.05.22 14:00:28.205,0.96957,0.96977,2.44,1.50
2013.05.22 14:00:28.564,0.96955,0.96979,1.69,2.25
2013.05.22 14:00:29.089,0.96955,0.96975,1.69,1.50
2013.05.22 14:00:29.450,0.96951,0.96967,2.25,2.29
2013.05.22 14:00:29.884,0.96954,0.9696,1.50,1.50
2013.05.22 14:00:29.954,0.96954,0.96968,1.65,2.40
2013.05.22 14:00:30.094,0.96957,0.96972,1.84,3.19
2013.05.22 14:00:30.243,0.96959,0.96973,2.48,1.50
2013.05.22 14:00:30.594,0.96955,0.96971,1.32,2.25
2013.05.22 14:00:30.667,0.96954,0.96971,1.32,2.25
2013.05.22 14:00:30.735,0.96955,0.96971,1.32,2.25
2013.05.22 14:00:31.012,0.96959,0.96973,1.69,1.50
2013.05.22 14:00:31.081,0.96959,0.96973,2.44,1.50
2013.05.22 14:00:31.665,0.96961,0.96975,1.69,2.25
2013.05.22 14:00:32.038,0.96964,0.96976,1.50,2.25
2013.05.22 14:00:32.183,0.96965,0.96978,1.69,1.50
2013.05.22 14:00:32.255,0.96966,0.9698,1.53,2.25
2013.05.22 14:00:32.396,0.96969,0.96984,2.29,1.50
2013.05.22 14:00:32.478,0.96971,0.96984,1.50,1.50
2013.05.22 14:00:33.188,0.96966,0.96983,1.69,1.50
2013.05.22 14:00:33.293,0.96959,0.96979,2.44,1.50
2013.05.22 14:00:33.365,0.96962,0.96983,1.50,2.44
2013.05.22 14:00:33.501,0.96961,0.96978,2.44,2.25
2013.05.22 14:00:33.817,0.96957,0.96971,1.50,1.13
2013.05.22 14:00:33.897,0.96955,0.96975,1.50,1.69
2013.05.22 14:00:33.975,0.96954,0.96973,1.69,1.58
2013.05.22 14:00:34.114,0.96957,0.96976,3.75,1.69
2013.05.22 14:00:34.251,0.96953,0.96976,1.69,1.69
2013.05.22 14:00:34.390,0.96956,0.96978,2.40,3.94
2013.05.22 14:00:34.731,0.96972,0.96986,1.13,1.69
2013.05.22 14:00:35.081,0.96985,0.97,5.44,2.12
2013.05.22 14:00:35.292,0.96993,0.97007,1.13,1.80
2013.05.22 14:00:35.366,0.96992,0.97012,2.44,2.40
2013.05.22 14:00:35.499,0.96992,0.97014,1.69,1.09
2013.05.22 14:00:35.579,0.96992,0.9701,1.69,1.50
2013.05.22 14:00:35.721,0.96989,0.9701,2.44,1.50
2013.05.22 14:00:35.792,0.96989,0.9701,1.69,1.50
2013.05.22 14:00:36.302,0.96989,0.9701,1.69,1.50
2013.05.22 14:00:36.489,0.96988,0.9701,3.95,1.50
2013.05.22 14:00:36.559,0.96989,0.9701,1.69,1.50
2013.05.22 14:00:36.896,0.97009,0.97021,5.65,1.69
2013.05.22 14:00:36.967,0.97012,0.97029,3.25,1.69
2013.05.22 14:00:37.241,0.97014,0.97024,2.44,1.50
2013.05.22 14:00:37.451,0.97018,0.97034,2.44,1.50
2013.05.22 14:00:37.651,0.97021,0.97034,1.50,2.44
2013.05.22 14:00:37.722,0.97017,0.97032,1.52,1.69
2013.05.22 14:00:37.863,0.97015,0.97031,1.53,2.82
2013.05.22 14:00:37.936,0.97008,0.97029,2.82,1.50
2013.05.22 14:00:38.005,0.97008,0.97029,1.88,2.44
2013.05.22 14:00:38.213,0.97006,0.97031,3.34,1.69
2013.05.22 14:00:38.505,0.97014,0.97035,2.46,1.69
2013.05.22 14:00:38.981,0.97023,0.97035,2.07,1.69
2013.05.22 14:00:39.277,0.97028,0.9704,1.50,1.97
2013.05.22 14:00:39.411,0.97023,0.9704,1.25,1.97
2013.05.22 14:00:39.841,0.97024,0.97044,2.65,1.32
2013.05.22 14:00:39.912,0.97025,0.97045,1.71,2.34
2013.05.22 14:00:40.242,0.97042,0.97047,1.97,1.13
2013.05.22 14:00:40.449,0.97043,0.97055,3.29,1.50
2013.05.22 14:00:40.520,0.9704,0.97055,2.14,1.50
2013.05.22 14:00:40.594,0.97043,0.97061,1.50,7.43
2013.05.22 14:00:40.660,0.9704,0.97059,2.07,1.43
2013.05.22 14:00:40.859,0.97046,0.9706,1.50,1.24
2013.05.22 14:00:41.199,0.97046,0.97059,1.50,2.89
2013.05.22 14:00:41.553,0.97036,0.97056,2.25,1.69
2013.05.22 14:00:41.622,0.97036,0.97059,2.67,3.68
2013.05.22 14:00:41.767,0.97038,0.97059,1.50,1.69
2013.05.22 14:00:41.836,0.97044,0.9706,2.25,2.18
2013.05.22 14:00:42.171,0.9704,0.97057,3.00,2.07
2013.05.22 14:00:42.370,0.97043,0.97057,1.35,1.13
2013.05.22 14:00:42.440,0.9705,0.97057,3.75,1.13
2013.05.22 14:00:42.768,0.97049,0.97057,2.03,1.13
2013.05.22 14:00:42.910,0.97049,0.9706,3.90,1.13
2013.05.22 14:00:43.217,0.97062,0.97087,10.44,2.18
2013.05.22 14:00:43.587,0.97037,0.9705,2.25,3.57
2013.05.22 14:00:43.719,0.97035,0.9705,1.50,4.90
2013.05.22 14:00:43.788,0.97035,0.97049,1.50,1.50
2013.05.22 14:00:44.141,0.97036,0.97047,2.25,3.00
2013.05.22 14:00:44.331,0.97036,0.97051,2.25,3.00
2013.05.22 14:00:44.845,0.97036,0.97047,2.25,2.25
2013.05.22 14:00:45.146,0.97033,0.97041,2.25,1.50
2013.05.22 14:00:45.291,0.97029,0.97041,2.44,1.50
2013.05.22 14:00:45.506,0.97031,0.97042,2.25,2.25
2013.05.22 14:00:45.577,0.97031,0.97045,2.25,1.50
2013.05.22 14:00:45.702,0.97031,0.97047,2.25,2.44
2013.05.22 14:00:45.970,0.97031,0.97045,2.25,1.89
2013.05.22 14:00:46.302,0.97011,0.97038,2.25,21.27
2013.05.22 14:00:46.444,0.97003,0.97019,2.25,9.31
2013.05.22 14:00:46.584,0.97,0.97013,1.13,3.67
2013.05.22 14:00:46.655,0.97005,0.97013,1.73,2.03
2013.05.22 14:00:46.791,0.97008,0.97021,2.48,2.44
2013.05.22 14:00:46.923,0.97012,0.97024,1.50,1.50
2013.05.22 14:00:47.063,0.97012,0.97028,1.50,2.25
2013.05.22 14:00:47.134,0.97019,0.97028,6.00,2.44
2013.05.22 14:00:47.416,0.97009,0.97023,3.23,1.69
2013.05.22 14:00:47.556,0.97009,0.97024,3.23,1.69
2013.05.22 14:00:47.998,0.97003,0.97023,1.50,1.69
2013.05.22 14:00:48.147,0.97005,0.97024,2.25,1.69
2013.05.22 14:00:48.470,0.97005,0.97011,1.50,1.50
2013.05.22 14:00:48.821,0.96989,0.97007,1.13,1.69
2013.05.22 14:00:48.903,0.96995,0.97007,2.25,1.69
2013.05.22 14:00:49.124,0.96971,0.96986,1.50,1.50
2013.05.22 14:00:49.192,0.9698,0.96992,2.25,1.69
2013.05.22 14:00:49.319,0.9698,0.96997,2.25,2.44
2013.05.22 14:00:49.392,0.9698,0.96998,1.50,1.69
2013.05.22 14:00:49.463,0.9698,0.96994,1.50,1.50
2013.05.22 14:00:49.742,0.9698,0.96998,2.25,1.69
2013.05.22 14:00:49.882,0.9698,0.96995,2.25,1.69
2013.05.22 14:00:49.949,0.96971,0.96995,3.23,1.69
2013.05.22 14:00:50.025,0.96971,0.96989,2.48,1.69
2013.05.22 14:00:50.351,0.9698,0.96992,2.25,4.84
2013.05.22 14:00:50.421,0.96981,0.9699,1.88,1.20
2013.05.22 14:00:50.491,0.96987,0.96999,3.75,1.50
2013.05.22 14:00:51.663,0.96997,0.97003,2.25,1.69
2013.05.22 14:00:51.792,0.96998,0.97012,1.50,3.00
2013.05.22 14:00:52.059,0.97007,0.97021,2.25,3.94
2013.05.22 14:00:52.131,0.9701,0.97023,2.25,1.69
2013.05.22 14:00:52.340,0.97005,0.97021,2.25,1.50
2013.05.22 14:00:52.410,0.97005,0.97022,2.25,2.44
2013.05.22 14:00:52.480,0.97005,0.97022,2.25,2.44
2013.05.22 14:00:52.610,0.9701,0.97024,2.25,2.44
2013.05.22 14:00:53.212,0.9701,0.97027,3.00,1.69
2013.05.22 14:00:53.280,0.9701,0.97031,3.19,2.44
2013.05.22 14:00:53.573,0.97011,0.97026,1.50,2.25
2013.05.22 14:00:53.922,0.96997,0.97007,1.50,9.82
2013.05.22 14:00:54.721,0.96997,0.97005,1.50,2.25
2013.05.22 14:00:54.800,0.96997,0.97009,2.46,3.53
2013.05.22 14:00:54.880,0.96998,0.97015,2.46,2.44
2013.05.22 14:00:55.022,0.96998,0.97015,3.36,1.69
2013.05.22 14:00:55.323,0.97009,0.97013,1.50,2.25
2013.05.22 14:00:55.391,0.97004,0.97013,1.15,2.25
2013.05.22 14:00:55.531,0.97001,0.97009,4.15,3.00
2013.05.22 14:00:55.601,0.97001,0.9701,1.71,2.25
2013.05.22 14:00:55.731,0.97004,0.97011,1.50,1.50
2013.05.22 14:00:55.802,0.97004,0.97013,1.50,3.00
2013.05.22 14:00:55.870,0.97008,0.97017,3.21,2.25
2013.05.22 14:00:55.999,0.97011,0.97026,3.21,4.99
2013.05.22 14:00:56.278,0.97022,0.97033,3.75,4.05
2013.05.22 14:00:56.364,0.97027,0.97032,2.25,1.69
2013.05.22 14:00:56.436,0.97025,0.97032,2.25,1.69
2013.05.22 14:00:56.575,0.97025,0.97034,2.46,3.75
2013.05.22 14:00:56.797,0.97028,0.97042,2.25,2.25
2013.05.22 14:00:56.870,0.97031,0.97043,2.25,1.50
2013.05.22 14:00:56.941,0.97026,0.97041,1.15,1.13
2013.05.22 14:00:57.012,0.97024,0.9703,1.50,3.75
2013.05.22 14:00:57.081,0.97019,0.97029,3.19,3.00
2013.05.22 14:00:57.154,0.97016,0.97026,3.57,1.50
2013.05.22 14:00:57.295,0.97014,0.97023,3.19,1.50
2013.05.22 14:00:57.377,0.97014,0.97022,2.40,1.50
2013.05.22 14:00:58.027,0.97004,0.97023,1.11,3.94
2013.05.22 14:00:58.126,0.97011,0.97024,1.95,3.00
2013.05.22 14:00:58.320,0.97014,0.97031,3.08,3.34
2013.05.22 14:00:58.580,0.97013,0.97026,1.13,1.50
2013.05.22 14:00:58.709,0.97013,0.9703,1.13,3.15
2013.05.22 14:00:58.917,0.97013,0.97021,1.14,1.50
2013.05.22 14:00:59.282,0.9701,0.97019,1.15,7.50
2013.05.22 14:00:59.480,0.97009,0.97017,1.90,1.50
2013.05.22 14:00:59.822,0.97009,0.97023,1.90,2.25
2013.05.22 14:00:59.891,0.9701,0.97028,1.35,3.19
2013.05.22 14:01:00.030,0.97018,0.97028,2.25,3.00
2013.05.22 14:01:00.383,0.97023,0.97034,7.92,2.25
2013.05.22 14:01:00.746,0.97035,0.97046,10.15,1.50
2013.05.22 14:01:00.895,0.97042,0.97049,1.78,1.50
2013.05.22 14:01:01.513,0.97044,0.97053,1.72,1.50
2013.05.22 14:01:01.593,0.9704,0.97053,1.17,1.50
2013.05.22 14:01:01.791,0.97037,0.97049,2.07,3.75
2013.05.22 14:01:01.859,0.97036,0.97045,2.42,1.50
2013.05.22 14:01:02.132,0.97036,0.97044,1.84,4.50
2013.05.22 14:01:02.265,0.97039,0.97046,2.25,2.25
2013.05.22 14:01:02.335,0.97039,0.97047,2.54,1.50
2013.05.22 14:01:02.541,0.97044,0.9706,1.73,3.06
2013.05.22 14:01:02.609,0.97044,0.9706,1.73,1.09
2013.05.22 14:01:02.954,0.97049,0.97064,2.09,2.25
2013.05.22 14:01:03.140,0.97046,0.97064,3.02,2.25
2013.05.22 14:01:03.546,0.97051,0.97064,1.21,2.25
2013.05.22 14:01:03.616,0.97058,0.97065,1.71,2.72
2013.05.22 14:01:03.684,0.97057,0.97068,1.71,2.44
2013.05.22 14:01:03.749,0.97057,0.97068,1.71,1.69
2013.05.22 14:01:03.888,0.97058,0.97068,1.52,1.50
2013.05.22 14:01:04.726,0.9706,0.97066,1.17,2.25
2013.05.22 14:01:04.815,0.97078,0.97089,4.05,1.50
2013.05.22 14:01:04.881,0.97082,0.97089,2.25,1.50
2013.05.22 14:01:04.951,0.97082,0.97093,3.19,1.50
2013.05.22 14:01:05.024,0.97084,0.971,1.50,1.43
2013.05.22 14:01:05.089,0.97082,0.97093,3.21,2.25
2013.05.22 14:01:05.161,0.97082,0.97093,2.28,2.25
2013.05.22 14:01:05.230,0.97082,0.97093,1.53,2.25
2013.05.22 14:01:05.717,0.97087,0.97104,1.53,1.50
2013.05.22 14:01:05.861,0.97083,0.97101,3.04,2.40
2013.05.22 14:01:05.931,0.97087,0.97101,2.48,2.40
2013.05.22 14:01:06.006,0.97092,0.97107,2.63,1.65
2013.05.22 14:01:06.074,0.97094,0.97111,1.65,3.94
2013.05.22 14:01:06.259,0.97096,0.97114,1.69,1.50
2013.05.22 14:01:06.475,0.97099,0.97115,2.25,1.69
2013.05.22 14:01:06.612,0.97099,0.97114,1.50,1.50
2013.05.22 14:01:06.680,0.97099,0.97116,1.50,2.25
2013.05.22 14:01:06.749,0.97096,0.97116,2.05,2.25
2013.05.22 14:01:07.071,0.97096,0.97116,1.88,2.44
2013.05.22 14:01:07.349,0.97099,0.97117,2.87,1.50
2013.05.22 14:01:07.550,0.97098,0.97115,1.90,2.25
2013.05.22 14:01:07.871,0.97096,0.97115,2.05,2.25
2013.05.22 14:01:08.011,0.97096,0.97109,1.90,3.00
2013.05.22 14:01:08.359,0.97094,0.97104,2.25,1.69
2013.05.22 14:01:08.699,0.97104,0.97117,10.81,2.25
2013.05.22 14:01:09.014,0.97111,0.97124,2.46,1.65
2013.05.22 14:01:09.148,0.97111,0.97126,1.90,2.40
2013.05.22 14:01:09.224,0.97111,0.97124,1.50,1.65
2013.05.22 14:01:09.427,0.97104,0.97118,3.21,2.02
2013.05.22 14:01:09.500,0.97104,0.9712,2.46,2.25
2013.05.22 14:01:09.575,0.97109,0.9712,1.71,2.25
2013.05.22 14:01:09.641,0.97109,0.97124,1.71,2.40
2013.05.22 14:01:09.771,0.97108,0.97124,1.71,3.15
2013.05.22 14:01:10.092,0.97114,0.9713,2.46,2.59
2013.05.22 14:01:10.360,0.97112,0.97125,3.00,1.69
2013.05.22 14:01:11.514,0.9711,0.97117,3.00,7.28
2013.05.22 14:01:11.640,0.97118,0.97126,1.11,1.88
2013.05.22 14:01:11.716,0.97108,0.97118,2.33,4.59
2013.05.22 14:01:11.794,0.97091,0.97106,1.13,7.22
2013.05.22 14:01:12.006,0.97088,0.97094,1.43,3.75
2013.05.22 14:01:12.083,0.97083,0.97096,3.21,3.19
2013.05.22 14:01:12.393,0.97077,0.97088,1.09,3.75
2013.05.22 14:01:12.614,0.9708,0.97088,5.25,4.23
2013.05.22 14:01:12.725,0.97076,0.9708,1.50,1.50
2013.05.22 14:01:12.803,0.97075,0.97086,6.75,2.97
2013.05.22 14:01:14.819,0.97061,0.97078,1.71,1.50
2013.05.22 14:01:15.570,0.9706,0.97077,2.65,2.93
2013.05.22 14:01:15.782,0.97049,0.9706,1.50,3.11
2013.05.22 14:01:15.855,0.97049,0.97059,1.50,2.45
2013.05.22 14:01:16.147,0.97038,0.97048,1.50,2.63
2013.05.22 14:01:16.223,0.97032,0.97041,1.50,2.25
2013.05.22 14:01:16.291,0.97032,0.97039,2.25,1.69
2013.05.22 14:01:16.364,0.97033,0.97042,1.50,2.25
2013.05.22 14:01:16.501,0.97041,0.97049,2.25,2.25
2013.05.22 14:01:16.645,0.97036,0.97048,2.44,2.25
2013.05.22 14:01:16.714,0.97032,0.97048,1.19,2.44
2013.05.22 14:01:16.783,0.97031,0.97046,2.09,1.50
2013.05.22 14:01:16.853,0.97034,0.97051,1.72,2.44
2013.05.22 14:01:16.919,0.97035,0.97053,2.67,2.25
2013.05.22 14:01:16.991,0.97038,0.97053,2.09,2.25
2013.05.22 14:01:17.330,0.97036,0.97053,1.32,2.25
2013.05.22 14:01:17.400,0.97036,0.97044,1.32,1.50
2013.05.22 14:01:17.600,0.97032,0.97041,2.25,2.93
2013.05.22 14:01:17.742,0.97032,0.97045,2.40,1.69
2013.05.22 14:01:17.874,0.97033,0.97047,1.86,1.69
2013.05.22 14:01:18.082,0.97039,0.97048,2.65,1.13
2013.05.22 14:01:18.271,0.97044,0.9705,1.71,1.13
2013.05.22 14:01:18.958,0.97044,0.97052,5.44,1.50
2013.05.22 14:01:19.057,0.97046,0.97052,2.25,1.50
2013.05.22 14:01:19.210,0.97048,0.97054,2.25,2.25
2013.05.22 14:01:19.419,0.97048,0.97057,2.25,3.00
2013.05.22 14:01:19.489,0.9705,0.97057,2.25,3.00
2013.05.22 14:01:19.930,0.9705,0.97057,1.71,1.50
2013.05.22 14:01:20.002,0.97055,0.97064,4.13,3.00
2013.05.22 14:01:20.140,0.97056,0.97064,4.88,3.00
2013.05.22 14:01:20.270,0.97053,0.97064,2.25,1.50
2013.05.22 14:01:20.340,0.97048,0.97057,1.88,6.75
2013.05.22 14:01:20.483,0.97051,0.97055,1.88,1.50
2013.05.22 14:01:20.611,0.97053,0.97061,2.25,1.50
2013.05.22 14:01:20.810,0.97051,0.97061,2.84,1.50
2013.05.22 14:01:21.361,0.97052,0.97064,1.90,1.50
2013.05.22 14:01:21.430,0.97053,0.97065,2.46,3.00
2013.05.22 14:01:21.752,0.97053,0.97063,2.65,1.50
2013.05.22 14:01:22.102,0.97053,0.97061,3.57,1.09
2013.05.22 14:01:22.170,0.97052,0.97056,1.50,1.50
2013.05.22 14:01:22.522,0.97052,0.97059,1.53,1.50
2013.05.22 14:01:22.660,0.97038,0.97058,1.65,1.50
2013.05.22 14:01:22.796,0.97038,0.97054,1.53,1.69
2013.05.22 14:01:22.948,0.9704,0.97055,1.75,1.50
2013.05.22 14:01:23.210,0.97045,0.97059,1.50,1.69
2013.05.22 14:01:23.540,0.97042,0.97056,1.50,2.40
2013.05.22 14:01:23.926,0.97044,0.97057,1.50,1.65
2013.05.22 14:01:24.416,0.97044,0.97054,1.50,1.69
2013.05.22 14:01:24.568,0.97046,0.97058,2.25,2.72
2013.05.22 14:01:25.169,0.97044,0.97058,4.15,3.00
2013.05.22 14:01:25.286,0.97049,0.9706,1.90,1.50
2013.05.22 14:01:25.440,0.97043,0.97056,3.09,2.25
2013.05.22 14:01:25.509,0.97043,0.97053,2.72,1.50
2013.05.22 14:01:25.995,0.97041,0.97047,1.50,2.25
2013.05.22 14:01:26.132,0.9704,0.9705,4.50,1.99
2013.05.22 14:01:26.199,0.97042,0.97048,1.50,1.69
2013.05.22 14:01:26.544,0.97037,0.97054,2.73,2.10
2013.05.22 14:01:26.679,0.97035,0.97049,2.25,1.52
2013.05.22 14:01:26.821,0.97035,0.97052,3.00,2.33
2013.05.22 14:01:26.895,0.97038,0.97052,1.50,1.58
2013.05.22 14:01:26.961,0.9704,0.97053,1.50,2.25
2013.05.22 14:01:27.034,0.97042,0.97053,2.25,1.50
2013.05.22 14:01:27.368,0.97043,0.97059,2.46,2.01
2013.05.22 14:01:27.445,0.97043,0.97061,2.46,3.70
2013.05.22 14:01:27.690,0.97045,0.9706,1.50,1.53
2013.05.22 14:01:27.760,0.97045,0.97063,3.19,3.00
2013.05.22 14:01:27.830,0.97043,0.97058,3.19,1.50
2013.05.22 14:01:28.169,0.9705,0.97063,1.65,1.50
2013.05.22 14:01:28.384,0.97047,0.9706,3.19,2.70
2013.05.22 14:01:28.454,0.97045,0.97058,1.50,1.50
2013.05.22 14:01:28.525,0.97047,0.97059,2.25,1.20
2013.05.22 14:01:28.660,0.97044,0.97056,1.65,1.50
2013.05.22 14:01:28.860,0.97041,0.97056,3.75,1.50
2013.05.22 14:01:28.929,0.97041,0.97056,2.25,1.50
2013.05.22 14:01:29.000,0.97038,0.97056,3.40,1.50
2013.05.22 14:01:29.199,0.97038,0.97056,1.69,1.50
2013.05.22 14:01:29.703,0.97038,0.97055,1.90,2.25
2013.05.22 14:01:29.915,0.97038,0.97054,1.90,1.50
2013.05.22 14:01:29.982,0.97043,0.97058,2.46,2.07
2013.05.22 14:01:30.220,0.97043,0.97059,2.46,1.52
2013.05.22 14:01:30.378,0.97043,0.97057,2.46,1.50
2013.05.22 14:01:31.101,0.97044,0.97054,1.15,1.50
2013.05.22 14:01:31.170,0.97045,0.97059,1.15,1.13
2013.05.22 14:01:31.493,0.97043,0.97058,2.65,1.13
2013.05.22 14:01:31.763,0.97042,0.97057,1.69,1.50
2013.05.22 14:01:31.967,0.97038,0.97055,3.34,1.50
2013.05.22 14:01:32.112,0.97042,0.97057,1.50,1.69
2013.05.22 14:01:32.371,0.97044,0.9706,1.15,1.13
2013.05.22 14:01:32.518,0.97044,0.9706,1.90,1.13
2013.05.22 14:01:33.087,0.97046,0.97064,1.15,1.13
2013.05.22 14:01:33.162,0.97046,0.97065,1.15,2.44
2013.05.22 14:01:33.754,0.97049,0.97065,1.34,2.25
2013.05.22 14:01:33.834,0.97057,0.97067,2.25,3.90
2013.05.22 14:01:33.916,0.97057,0.97068,3.19,3.75
2013.05.22 14:01:33.991,0.9706,0.97068,2.25,3.00
2013.05.22 14:01:34.064,0.9706,0.97073,2.25,2.25
2013.05.22 14:01:34.135,0.97061,0.97074,1.71,2.25
2013.05.22 14:01:34.459,0.97065,0.97074,1.15,2.25
2013.05.22 14:01:34.674,0.9707,0.97082,1.11,1.50
2013.05.22 14:01:34.799,0.97071,0.97084,1.86,2.25
2013.05.22 14:01:35.006,0.97075,0.97088,1.15,1.50
2013.05.22 14:01:35.202,0.97077,0.97094,2.46,2.25
2013.05.22 14:01:35.389,0.97072,0.97092,3.55,2.25
2013.05.22 14:01:35.462,0.97072,0.97092,3.21,3.34
2013.05.22 14:01:35.661,0.97074,0.97094,3.21,1.69
2013.05.22 14:01:35.728,0.97074,0.97095,3.21,1.50
2013.05.22 14:01:36.133,0.97077,0.97097,1.50,3.49
2013.05.22 14:01:36.915,0.97074,0.97092,2.65,2.25
2013.05.22 14:01:37.015,0.97077,0.97095,1.71,1.84
2013.05.22 14:01:37.100,0.97079,0.97097,3.00,4.84
2013.05.22 14:01:37.315,0.97084,0.971,4.58,1.09
2013.05.22 14:01:37.521,0.97084,0.97101,1.32,3.15
2013.05.22 14:01:37.841,0.97086,0.97103,2.46,1.50
2013.05.22 14:01:37.924,0.97086,0.97104,2.46,2.72
2013.05.22 14:01:37.991,0.97086,0.97103,2.46,1.09
2013.05.22 14:01:38.062,0.97084,0.971,1.15,1.50
2013.05.22 14:01:38.130,0.97083,0.97097,4.24,2.40
2013.05.22 14:01:38.204,0.97083,0.97097,2.34,2.40
2013.05.22 14:01:38.340,0.97082,0.97098,4.61,1.09
2013.05.22 14:01:38.470,0.97082,0.97095,2.28,1.50
2013.05.22 14:01:38.669,0.9708,0.97098,1.86,4.84
2013.05.22 14:01:38.799,0.9708,0.97098,1.86,2.59
2013.05.22 14:01:39.143,0.97098,0.97103,1.50,1.50
2013.05.22 14:01:39.281,0.97102,0.97112,1.50,2.25
2013.05.22 14:01:39.471,0.971,0.97115,2.29,1.50
2013.05.22 14:01:39.543,0.971,0.97114,2.29,1.50
2013.05.22 14:01:39.684,0.97101,0.9712,1.54,2.40
2013.05.22 14:01:40.032,0.97104,0.97119,2.46,2.25
2013.05.22 14:01:40.101,0.97108,0.9712,2.39,1.65
2013.05.22 14:01:40.356,0.97106,0.97112,1.50,1.50
2013.05.22 14:01:40.423,0.97103,0.97112,1.50,2.25
2013.05.22 14:01:40.501,0.97099,0.9711,1.13,1.50
2013.05.22 14:01:40.577,0.97101,0.97114,1.50,1.50
2013.05.22 14:01:40.665,0.9711,0.97116,1.53,1.50
2013.05.22 14:01:40.803,0.9711,0.97119,1.17,2.25
2013.05.22 14:01:40.874,0.9711,0.97119,1.73,2.25
2013.05.22 14:01:41.416,0.97119,0.97127,3.75,1.50
2013.05.22 14:01:41.664,0.97119,0.97127,1.28,2.78
2013.05.22 14:01:41.732,0.97121,0.97127,1.50,2.03
2013.05.22 14:01:42.052,0.97131,0.97145,6.19,2.25
2013.05.22 14:01:42.125,0.97139,0.97147,3.47,2.25
2013.05.22 14:01:42.196,0.97142,0.97149,2.72,1.50
2013.05.22 14:01:42.768,0.97148,0.97157,3.00,2.25
2013.05.22 14:01:42.840,0.97151,0.97157,1.73,2.25
2013.05.22 14:01:43.051,0.97158,0.97174,3.00,3.10
2013.05.22 14:01:43.123,0.97164,0.97179,2.40,2.25
2013.05.22 14:01:43.681,0.97176,0.97193,1.50,2.13
2013.05.22 14:01:43.809,0.97179,0.97193,1.97,2.13
2013.05.22 14:01:44.161,0.97188,0.97197,1.88,2.25
2013.05.22 14:01:44.229,0.97195,0.97217,3.62,3.45
2013.05.22 14:01:44.299,0.97201,0.97217,2.59,3.45
2013.05.22 14:01:44.607,0.97208,0.97217,1.69,3.45
2013.05.22 14:01:44.811,0.97207,0.97217,1.69,3.45
2013.05.22 14:01:45.024,0.97201,0.97216,1.50,8.32
2013.05.22 14:01:45.442,0.97199,0.97212,1.50,3.94
2013.05.22 14:01:45.512,0.97198,0.97209,1.80,3.94
2013.05.22 14:01:45.652,0.97198,0.97203,1.80,1.50
2013.05.22 14:01:45.993,0.97197,0.97204,5.10,1.50
2013.05.22 14:01:46.064,0.97199,0.97204,1.50,1.50
2013.05.22 14:01:46.213,0.97196,0.97202,1.50,1.73
2013.05.22 14:01:46.354,0.97198,0.97206,3.00,4.69
2013.05.22 14:01:46.425,0.972,0.97206,2.25,3.94
2013.05.22 14:01:46.694,0.97197,0.97205,1.50,1.50
2013.05.22 14:01:47.054,0.97186,0.97199,1.14,5.53
2013.05.22 14:01:47.613,0.97185,0.97193,9.29,1.69
2013.05.22 14:01:47.974,0.97177,0.97186,5.56,3.75
2013.05.22 14:01:48.055,0.97179,0.97184,1.50,1.50
2013.05.22 14:01:48.543,0.97182,0.97189,5.93,1.50
2013.05.22 14:01:48.636,0.97176,0.97185,1.78,4.09
2013.05.22 14:01:48.711,0.97178,0.97186,3.94,4.22
2013.05.22 14:01:48.785,0.97179,0.97186,3.04,3.06
2013.05.22 14:01:48.913,0.97181,0.9719,8.27,1.69
2013.05.22 14:01:49.190,0.97176,0.97183,1.88,1.50
2013.05.22 14:01:49.324,0.97179,0.97186,3.97,1.50
2013.05.22 14:01:49.675,0.97178,0.97189,1.96,1.50
2013.05.22 14:01:49.813,0.97172,0.97189,1.71,2.25
2013.05.22 14:01:50.374,0.97173,0.97183,1.11,1.50
2013.05.22 14:01:50.524,0.97173,0.97185,1.11,2.25
2013.05.22 14:01:50.662,0.97173,0.97187,1.11,1.50
2013.05.22 14:01:50.982,0.97172,0.97191,1.11,1.32
2013.05.22 14:01:51.056,0.97172,0.97191,1.11,2.07
2013.05.22 14:01:51.413,0.9717,0.97183,1.53,1.50
2013.05.22 14:01:51.557,0.97169,0.97188,2.28,3.94
2013.05.22 14:01:51.767,0.97171,0.97188,1.22,3.00
2013.05.22 14:01:51.918,0.97171,0.97187,1.63,2.25
2013.05.22 14:01:52.284,0.97173,0.97192,1.45,2.25
2013.05.22 14:01:52.410,0.97175,0.97192,1.45,1.50
2013.05.22 14:01:52.599,0.97175,0.97184,1.06,1.50
2013.05.22 14:01:52.675,0.97172,0.97191,1.87,2.25
2013.05.22 14:01:53.000,0.97166,0.97185,2.47,1.50
2013.05.22 14:01:53.070,0.97166,0.97183,2.47,1.95
2013.05.22 14:01:53.143,0.97168,0.97181,1.50,5.07
2013.05.22 14:01:53.210,0.97168,0.97175,1.50,1.50
2013.05.22 14:01:53.672,0.97165,0.97181,1.38,1.65
2013.05.22 14:01:54.264,0.97156,0.9717,1.77,1.50
2013.05.22 14:01:54.929,0.97156,0.97172,1.77,1.50
2013.05.22 14:01:55.179,0.97156,0.97162,1.77,1.50
2013.05.22 14:01:55.249,0.97155,0.97172,1.82,3.90
2013.05.22 14:01:55.580,0.97147,0.97165,3.32,2.25
2013.05.22 14:01:55.863,0.97148,0.97165,1.83,2.25
2013.05.22 14:01:55.931,0.97148,0.97164,1.83,1.50
2013.05.22 14:01:56.599,0.97148,0.97164,1.83,2.25
2013.05.22 14:01:56.909,0.97148,0.97164,1.83,2.25
2013.05.22 14:01:56.981,0.97148,0.97164,1.83,1.50
2013.05.22 14:01:57.051,0.97146,0.97151,1.76,1.88
2013.05.22 14:01:57.242,0.97136,0.97145,1.13,1.09
2013.05.22 14:01:57.597,0.97139,0.97151,5.46,1.80
2013.05.22 14:01:58.156,0.97142,0.97151,1.64,1.50
2013.05.22 14:01:58.231,0.97142,0.97148,2.39,2.25
2013.05.22 14:01:58.309,0.97135,0.97141,1.50,1.65
2013.05.22 14:01:58.381,0.97134,0.97142,7.70,1.50
2013.05.22 14:01:58.453,0.97134,0.9714,2.25,1.84
2013.05.22 14:01:58.668,0.97133,0.9714,3.02,1.84
2013.05.22 14:01:58.816,0.97127,0.97131,1.98,1.50
2013.05.22 14:01:59.310,0.97128,0.97138,5.22,3.00
2013.05.22 14:01:59.440,0.97127,0.97134,6.06,1.65
2013.05.22 14:01:59.510,0.97125,0.9713,5.18,1.97
2013.05.22 14:01:59.580,0.97124,0.9713,3.90,1.97
2013.05.22 14:01:59.654,0.97119,0.97124,1.13,2.25
2013.05.22 14:01:59.875,0.9712,0.97126,2.27,1.65
2013.05.22 14:01:59.958,0.97121,0.97126,1.50,1.50
2013.05.22 14:02:01.886,0.97115,0.97129,6.68,4.80
2013.05.22 14:02:02.053,0.97105,0.97116,1.80,1.50
2013.05.22 14:02:02.188,0.97101,0.97118,1.71,2.07
2013.05.22 14:02:02.330,0.97101,0.97118,1.71,1.32
2013.05.22 14:02:02.581,0.971,0.97116,1.71,1.32
2013.05.22 14:02:02.782,0.971,0.97116,1.90,1.13
2013.05.22 14:02:03.009,0.971,0.97118,1.90,1.50
2013.05.22 14:02:03.273,0.97101,0.97119,1.90,1.88
2013.05.22 14:02:03.613,0.97105,0.97119,1.99,1.50
2013.05.22 14:02:03.756,0.97103,0.97117,1.71,1.13
2013.05.22 14:02:03.827,0.97102,0.97117,1.13,1.50
2013.05.22 14:02:04.177,0.9711,0.97119,1.07,3.19
2013.05.22 14:02:04.328,0.9711,0.97118,3.57,1.69
2013.05.22 14:02:04.476,0.97098,0.97116,1.15,3.00
2013.05.22 14:02:04.558,0.97095,0.97106,3.27,2.25
2013.05.22 14:02:04.622,0.97095,0.97104,2.25,2.25
2013.05.22 14:02:04.765,0.97092,0.97102,1.50,1.50
2013.05.22 14:02:04.836,0.97089,0.97102,1.50,1.50
2013.05.22 14:02:04.969,0.97094,0.97104,2.42,2.82
2013.05.22 14:02:05.101,0.97084,0.97102,2.82,1.88
2013.05.22 14:02:05.230,0.97088,0.97102,2.12,1.88
2013.05.22 14:02:05.359,0.97083,0.97102,1.88,1.88
2013.05.22 14:02:05.427,0.97083,0.97102,1.88,1.13
2013.05.22 14:02:05.572,0.97088,0.97102,1.32,1.88
2013.05.22 14:02:05.935,0.97094,0.97103,1.37,2.63
2013.05.22 14:02:06.200,0.97093,0.97101,1.15,2.63
2013.05.22 14:02:06.393,0.97089,0.97099,2.45,1.50
2013.05.22 14:02:06.462,0.97089,0.97095,2.45,2.25
2013.05.22 14:02:06.790,0.97085,0.97093,1.02,1.13
2013.05.22 14:02:06.860,0.97085,0.97095,1.02,4.69
2013.05.22 14:02:06.930,0.97085,0.97093,3.65,1.50
2013.05.22 14:02:07.000,0.97084,0.97093,3.57,1.50
2013.05.22 14:02:07.129,0.97079,0.97089,2.93,1.50
2013.05.22 14:02:07.259,0.97075,0.97083,2.10,2.25
2013.05.22 14:02:07.601,0.97073,0.97083,1.17,1.32
2013.05.22 14:02:07.673,0.97073,0.97083,2.34,1.88
2013.05.22 14:02:07.740,0.97069,0.97083,1.50,2.25
2013.05.22 14:02:08.357,0.97076,0.97088,3.52,1.50
2013.05.22 14:02:08.439,0.97079,0.97089,2.18,2.25
2013.05.22 14:02:08.655,0.9708,0.97088,1.68,1.69
2013.05.22 14:02:08.801,0.97081,0.9709,2.01,1.50
2013.05.22 14:02:09.073,0.97082,0.97091,2.28,1.13
2013.05.22 14:02:09.144,0.97079,0.97092,1.72,1.13
2013.05.22 14:02:09.284,0.97084,0.97092,2.55,1.13
2013.05.22 14:02:09.429,0.97084,0.97102,2.25,1.13
2013.05.22 14:02:09.638,0.97083,0.971,2.03,1.50
2013.05.22 14:02:09.828,0.97077,0.971,1.50,2.25
2013.05.22 14:02:09.899,0.97077,0.97092,1.50,2.25
2013.05.22 14:02:09.969,0.97077,0.97092,2.25,2.25
2013.05.22 14:02:10.042,0.97079,0.97092,1.50,3.00
2013.05.22 14:02:10.576,0.97077,0.97091,1.71,1.13
2013.05.22 14:02:10.638,0.97075,0.97092,4.34,1.88
2013.05.22 14:02:10.715,0.97076,0.9709,1.15,1.50
2013.05.22 14:02:10.781,0.97076,0.9709,1.15,1.50
2013.05.22 14:02:10.927,0.97074,0.97085,1.69,3.00
2013.05.22 14:02:11.200,0.97071,0.9708,1.50,1.50
2013.05.22 14:02:11.340,0.97068,0.97082,1.50,1.50
2013.05.22 14:02:11.550,0.97069,0.97082,1.50,1.50
2013.05.22 14:02:11.619,0.97069,0.97085,1.50,2.25
2013.05.22 14:02:11.749,0.97072,0.97083,1.58,1.50
2013.05.22 14:02:11.822,0.97072,0.97085,1.50,2.25
2013.05.22 14:02:11.891,0.97072,0.97083,1.50,1.50
2013.05.22 14:02:11.960,0.97066,0.97079,2.44,1.50
2013.05.22 14:02:12.171,0.97065,0.97077,1.50,1.50
2013.05.22 14:02:12.660,0.9706,0.97077,4.69,1.50
2013.05.22 14:02:12.851,0.9706,0.97075,3.19,1.50
2013.05.22 14:02:13.392,0.9706,0.97073,3.00,1.50
2013.05.22 14:02:13.461,0.97059,0.97073,1.50,2.25
2013.05.22 14:02:13.660,0.97055,0.97069,1.50,1.50
2013.05.22 14:02:13.791,0.9705,0.9706,2.72,1.50
2013.05.22 14:02:13.860,0.9705,0.97058,2.72,1.50
2013.05.22 14:02:14.200,0.97037,0.9705,1.50,3.19
2013.05.22 14:02:15.002,0.97037,0.97048,1.50,1.50
2013.05.22 14:02:15.070,0.97037,0.97052,2.25,1.69
2013.05.22 14:02:15.424,0.97031,0.97047,1.15,1.50
2013.05.22 14:02:15.561,0.97032,0.97049,1.71,2.63
2013.05.22 14:02:15.629,0.97033,0.97049,2.46,1.88
2013.05.22 14:02:15.973,0.97033,0.97047,1.69,1.50
2013.05.22 14:02:16.040,0.97034,0.97047,1.69,1.50
2013.05.22 14:02:16.180,0.97032,0.97045,3.57,1.50
2013.05.22 14:02:16.535,0.97026,0.97041,1.69,1.50
2013.05.22 14:02:16.746,0.97026,0.97041,1.50,1.50
2013.05.22 14:02:16.887,0.97026,0.97041,1.50,1.50
2013.05.22 14:02:17.406,0.97023,0.9704,2.44,2.29
2013.05.22 14:02:19.429,0.97015,0.97025,1.90,2.72
2013.05.22 14:02:19.643,0.97022,0.97034,2.46,3.34
2013.05.22 14:02:19.714,0.97028,0.97034,1.50,1.09
2013.05.22 14:02:20.023,0.97029,0.97043,3.96,1.13
2013.05.22 14:02:20.350,0.97033,0.97043,1.13,1.13
2013.05.22 14:02:20.420,0.97034,0.97046,1.15,2.25
2013.05.22 14:02:20.753,0.97038,0.97052,2.46,1.80
2013.05.22 14:02:20.821,0.97034,0.97052,2.46,1.05
2013.05.22 14:02:20.893,0.97035,0.97044,1.50,2.72
2013.05.22 14:02:20.961,0.97036,0.97044,1.71,1.97
2013.05.22 14:02:21.034,0.97036,0.97052,1.71,1.92
2013.05.22 14:02:21.100,0.97037,0.97053,1.15,2.10
2013.05.22 14:02:21.239,0.97038,0.97055,2.44,1.50
2013.05.22 14:02:21.310,0.9704,0.97056,1.50,2.25
2013.05.22 14:02:21.384,0.97045,0.97057,1.50,1.50
2013.05.22 14:02:21.452,0.97045,0.97057,1.50,1.13
2013.05.22 14:02:21.594,0.97046,0.97061,1.88,3.75
2013.05.22 14:02:21.666,0.97046,0.97056,1.50,2.25
2013.05.22 14:02:22.216,0.97042,0.97056,1.52,3.00
2013.05.22 14:02:22.813,0.97049,0.97058,5.33,1.50
2013.05.22 14:02:22.949,0.97052,0.97064,1.04,1.73
2013.05.22 14:02:23.020,0.97053,0.97065,2.15,1.50
2013.05.22 14:02:23.091,0.97055,0.97065,1.71,1.50
2013.05.22 14:02:23.414,0.97057,0.97066,1.15,2.25
2013.05.22 14:02:23.484,0.97061,0.97074,1.04,1.13
2013.05.22 14:02:23.555,0.97062,0.97074,1.97,1.13
2013.05.22 14:02:23.891,0.97063,0.97077,1.15,2.25
2013.05.22 14:02:24.032,0.97059,0.97074,1.34,2.25
2013.05.22 14:02:24.170,0.97055,0.97069,1.90,2.25
2013.05.22 14:02:24.239,0.97055,0.97069,1.71,2.25
2013.05.22 14:02:25.262,0.97057,0.97069,1.71,2.25
2013.05.22 14:02:25.400,0.97057,0.97069,1.71,2.25
2013.05.22 14:02:25.924,0.97057,0.97069,1.34,1.50
2013.05.22 14:02:26.348,0.97053,0.97069,1.34,3.00
2013.05.22 14:02:26.426,0.97053,0.97063,1.34,2.25
2013.05.22 14:02:26.509,0.97052,0.97067,1.04,2.25
2013.05.22 14:02:26.650,0.97052,0.97063,1.20,2.25
2013.05.22 14:02:26.790,0.97056,0.97072,1.71,1.69
2013.05.22 14:02:26.864,0.97059,0.97074,1.34,1.50
2013.05.22 14:02:26.930,0.97061,0.97076,1.15,2.25
2013.05.22 14:02:27.060,0.97061,0.97079,1.30,3.00
2013.05.22 14:02:27.257,0.9706,0.97079,1.30,3.00
2013.05.22 14:02:27.615,0.97059,0.97074,1.15,2.25
2013.05.22 14:02:27.680,0.97058,0.97079,4.30,3.19
2013.05.22 14:02:27.753,0.97062,0.97079,1.15,2.25
2013.05.22 14:02:28.259,0.97067,0.97079,1.50,2.25
2013.05.22 14:02:28.357,0.97067,0.97084,1.90,2.25
2013.05.22 14:02:28.571,0.97069,0.97084,1.71,2.25
2013.05.22 14:02:28.900,0.97068,0.97086,1.71,2.82
2013.05.22 14:02:29.041,0.97068,0.9708,1.71,2.25
2013.05.22 14:02:29.182,0.97067,0.97079,1.15,1.50
2013.05.22 14:02:29.252,0.97065,0.97076,1.90,1.50
2013.05.22 14:02:29.389,0.97061,0.97076,1.49,2.25
2013.05.22 14:02:29.820,0.97058,0.97073,1.69,1.50
2013.05.22 14:02:30.150,0.97053,0.97061,3.00,1.50
2013.05.22 14:02:30.410,0.97047,0.97058,1.50,1.50
2013.05.22 14:02:30.480,0.97042,0.97059,1.71,1.47
2013.05.22 14:02:30.729,0.97039,0.97058,1.71,1.32
2013.05.22 14:02:30.945,0.97037,0.97059,2.27,1.47
2013.05.22 14:02:31.010,0.97049,0.97059,2.25,1.47
2013.05.22 14:02:31.145,0.97039,0.97052,1.71,2.25
2013.05.22 14:02:31.283,0.97038,0.97057,2.65,2.82
2013.05.22 14:02:31.621,0.97034,0.97049,1.97,3.00
2013.05.22 14:02:31.841,0.9703,0.97045,1.88,1.13
2013.05.22 14:02:32.042,0.97029,0.97043,1.13,1.50
2013.05.22 14:02:32.311,0.97023,0.97041,3.40,1.50
2013.05.22 14:02:32.382,0.97024,0.97037,1.69,1.50
2013.05.22 14:02:32.581,0.97018,0.97035,2.84,1.50
2013.05.22 14:02:32.653,0.97018,0.97035,3.40,1.88
2013.05.22 14:02:32.726,0.97019,0.97036,1.71,1.13
2013.05.22 14:02:32.860,0.97021,0.97037,1.52,1.50
2013.05.22 14:02:32.933,0.97021,0.9704,1.52,2.25
2013.05.22 14:02:33.003,0.97023,0.9704,1.71,1.13
2013.05.22 14:02:33.338,0.97029,0.97046,1.71,1.69
2013.05.22 14:02:33.752,0.97031,0.97046,1.34,1.50
2013.05.22 14:02:34.302,0.97031,0.97042,1.34,1.50
2013.05.22 14:02:34.390,0.97024,0.9704,2.65,1.50
2013.05.22 14:02:34.519,0.97023,0.9704,1.30,1.88
2013.05.22 14:02:34.865,0.97022,0.97038,1.11,1.50
2013.05.22 14:02:35.210,0.97015,0.97032,1.71,1.50
2013.05.22 14:02:35.544,0.97026,0.97043,2.86,3.75
2013.05.22 14:02:35.683,0.97027,0.97045,1.15,1.50
2013.05.22 14:02:35.965,0.97031,0.97047,1.52,1.88
2013.05.22 14:02:36.411,0.97029,0.97044,2.27,1.13
2013.05.22 14:02:36.621,0.97026,0.97044,3.40,1.50
2013.05.22 14:02:36.833,0.97025,0.97039,1.52,1.50
2013.05.22 14:02:36.902,0.97025,0.97039,1.15,2.25
2013.05.22 14:02:36.972,0.97022,0.97037,1.15,1.50
2013.05.22 14:02:37.039,0.97021,0.97035,1.71,2.25
2013.05.22 14:02:37.111,0.9702,0.97035,1.90,2.25
2013.05.22 14:02:37.498,0.97018,0.97035,1.71,2.25
2013.05.22 14:02:38.133,0.97018,0.97035,1.71,2.25
2013.05.22 14:02:38.407,0.97016,0.97031,1.15,1.50
2013.05.22 14:02:38.546,0.97013,0.97032,2.46,2.63
2013.05.22 14:02:38.906,0.97013,0.9703,2.46,3.00
2013.05.22 14:02:39.169,0.97015,0.97032,1.71,1.50
2013.05.22 14:02:39.302,0.97015,0.97032,2.09,2.63
2013.05.22 14:02:39.500,0.97013,0.97029,1.34,1.50
2013.05.22 14:02:39.570,0.97013,0.97027,1.34,2.25
2013.05.22 14:02:39.640,0.97013,0.97027,1.34,2.44
2013.05.22 14:02:39.921,0.97011,0.97025,1.34,1.50
2013.05.22 14:02:39.995,0.97009,0.97025,1.34,1.50
2013.05.22 14:02:40.063,0.97009,0.97025,1.71,1.88
2013.05.22 14:02:40.992,0.97009,0.97026,1.90,1.50
2013.05.22 14:02:41.355,0.9701,0.97019,1.13,2.25
2013.05.22 14:02:41.424,0.97009,0.97019,1.50,2.25
2013.05.22 14:02:41.491,0.97007,0.97019,1.50,3.00
2013.05.22 14:02:41.561,0.97007,0.97013,1.50,1.50
2013.05.22 14:02:41.911,0.96994,0.97005,1.50,6.27
2013.05.22 14:02:41.982,0.96993,0.96999,1.50,1.50
2013.05.22 14:02:42.334,0.96993,0.96999,1.50,2.25
2013.05.22 14:02:42.402,0.96993,0.96999,2.25,1.50
2013.05.22 14:02:42.668,0.96989,0.96996,1.50,1.50
2013.05.22 14:02:43.025,0.96979,0.9699,1.52,4.41
2013.05.22 14:02:43.103,0.96977,0.96984,1.13,1.50
2013.05.22 14:02:43.361,0.96977,0.96993,2.85,2.25
2013.05.22 14:02:43.614,0.96974,0.96993,4.34,1.69
2013.05.22 14:02:43.696,0.96976,0.96991,1.71,2.07
2013.05.22 14:02:43.964,0.96976,0.96993,1.52,1.13
2013.05.22 14:02:44.030,0.96977,0.9699,1.71,1.13
2013.05.22 14:02:44.106,0.96974,0.96987,3.40,1.28
2013.05.22 14:02:44.173,0.96973,0.96986,1.71,1.47
2013.05.22 14:02:44.243,0.96975,0.96988,1.50,2.22
2013.05.22 14:02:44.370,0.96978,0.96989,2.25,1.13
2013.05.22 14:02:44.684,0.9698,0.96987,1.71,1.13
2013.05.22 14:02:44.892,0.96978,0.96995,4.50,2.21
2013.05.22 14:02:44.963,0.96982,0.97001,1.71,1.84
2013.05.22 14:02:45.089,0.96985,0.97001,1.34,1.09
2013.05.22 14:02:45.293,0.96987,0.97001,1.71,1.09
2013.05.22 14:02:45.562,0.96988,0.97004,2.25,2.31
2013.05.22 14:02:45.930,0.9699,0.97005,2.25,1.69
2013.05.22 14:02:46.269,0.97003,0.97015,3.21,2.72
2013.05.22 14:02:47.499,0.97007,0.97015,1.71,5.25
2013.05.22 14:02:47.574,0.97008,0.97024,1.71,1.50
2013.05.22 14:02:47.715,0.97012,0.97027,2.46,3.19
2013.05.22 14:02:47.864,0.97017,0.97033,2.46,3.47
2013.05.22 14:02:47.930,0.97017,0.97033,2.46,2.72
2013.05.22 14:02:47.999,0.97017,0.97033,1.71,2.72
2013.05.22 14:02:48.355,0.97022,0.97036,1.71,1.50
2013.05.22 14:02:48.753,0.97024,0.97041,1.71,4.09
2013.05.22 14:02:48.981,0.97034,0.97043,1.50,2.87
2013.05.22 14:02:49.194,0.97038,0.97049,2.25,5.63
2013.05.22 14:02:49.324,0.97041,0.97049,2.46,3.00
2013.05.22 14:02:49.803,0.97041,0.97049,2.46,2.25
2013.05.22 14:02:50.353,0.97042,0.97048,1.50,1.50
2013.05.22 14:02:50.495,0.97042,0.97054,2.25,1.50
2013.05.22 14:02:50.559,0.97044,0.97057,1.50,1.13
2013.05.22 14:02:50.630,0.97044,0.97056,1.50,1.88
2013.05.22 14:02:50.775,0.97041,0.97057,1.50,3.94
2013.05.22 14:02:51.321,0.97038,0.97046,3.00,1.50
2013.05.22 14:02:51.392,0.97032,0.97041,1.69,3.00
2013.05.22 14:02:51.463,0.97027,0.97041,3.19,3.00
2013.05.22 14:02:51.853,0.9703,0.97043,1.50,2.25
2013.05.22 14:02:52.064,0.97026,0.97043,1.71,1.50
2013.05.22 14:02:52.204,0.9703,0.97045,1.50,3.57
2013.05.22 14:02:52.278,0.97032,0.97048,1.50,2.44
2013.05.22 14:02:52.431,0.97031,0.97048,2.25,1.69
2013.05.22 14:02:52.506,0.97028,0.97047,1.71,1.32
2013.05.22 14:02:52.576,0.97028,0.97046,1.71,1.69
2013.05.22 14:02:52.914,0.97026,0.97043,1.71,1.69
2013.05.22 14:02:53.049,0.9703,0.97044,1.50,1.13
2013.05.22 14:02:53.191,0.97028,0.97045,2.46,2.82
2013.05.22 14:02:53.319,0.97028,0.97045,2.46,1.50
2013.05.22 14:02:53.534,0.9703,0.97046,3.21,1.88
2013.05.22 14:02:54.534,0.97032,0.97047,1.71,1.50
2013.05.22 14:02:54.609,0.97036,0.97051,1.71,3.62
2013.05.22 14:02:54.687,0.97045,0.97054,1.73,2.44
2013.05.22 14:02:55.043,0.97043,0.97055,2.25,1.88
2013.05.22 14:02:55.350,0.97043,0.97056,1.50,1.50
2013.05.22 14:02:55.773,0.97044,0.97062,1.50,2.22
2013.05.22 14:02:55.846,0.97044,0.97062,1.71,1.47
2013.05.22 14:02:56.043,0.97048,0.97063,1.50,2.82
2013.05.22 14:02:56.241,0.97046,0.97062,1.50,1.88
2013.05.22 14:02:56.444,0.97047,0.9706,2.25,1.13
2013.05.22 14:02:56.642,0.97045,0.97057,1.71,1.88
2013.05.22 14:02:56.711,0.97045,0.97059,2.48,1.50
2013.05.22 14:02:57.018,0.97048,0.97063,2.25,1.50
2013.05.22 14:02:57.090,0.97051,0.97066,2.46,2.44
2013.05.22 14:02:57.160,0.97051,0.97066,2.46,1.50
2013.05.22 14:02:57.232,0.97059,0.97067,2.25,1.50
2013.05.22 14:02:57.359,0.97056,0.97069,2.25,2.25
2013.05.22 14:02:57.431,0.97062,0.9707,1.50,2.25
2013.05.22 14:02:57.788,0.97069,0.97076,1.50,2.33
2013.05.22 14:02:58.009,0.97081,0.97097,6.58,1.50
2013.05.22 14:02:58.150,0.97089,0.971,2.25,2.25
2013.05.22 14:02:58.591,0.97089,0.97098,4.02,2.25
2013.05.22 14:02:58.875,0.97093,0.97103,1.69,2.25
2013.05.22 14:02:59.226,0.97095,0.9711,1.50,1.13
2013.05.22 14:02:59.294,0.97103,0.97111,1.50,2.07
2013.05.22 14:02:59.365,0.97095,0.97111,1.50,1.32
2013.05.22 14:02:59.430,0.97097,0.97111,1.69,1.13
2013.05.22 14:02:59.760,0.97103,0.97115,1.50,1.13
2013.05.22 14:02:59.903,0.9711,0.97122,1.50,4.22
2013.05.22 14:02:59.970,0.97116,0.97122,2.25,1.97
2013.05.22 14:03:00.045,0.97116,0.9713,2.63,2.72
2013.05.22 14:03:00.112,0.97115,0.9713,2.25,2.72
2013.05.22 14:03:00.182,0.97116,0.9713,1.50,2.72
2013.05.22 14:03:01.576,0.97126,0.97133,1.50,1.50
2013.05.22 14:03:01.661,0.9712,0.97136,2.29,3.75
2013.05.22 14:03:01.730,0.9712,0.97128,1.53,2.25
2013.05.22 14:03:01.801,0.97117,0.97128,1.71,2.25
2013.05.22 14:03:01.870,0.97114,0.97126,2.44,1.53
2013.05.22 14:03:01.941,0.97113,0.97121,1.69,2.25
2013.05.22 14:03:02.200,0.97106,0.97117,1.50,2.25
2013.05.22 14:03:02.273,0.97109,0.97114,1.50,1.50
2013.05.22 14:03:02.411,0.97112,0.97123,1.71,2.25
2013.05.22 14:03:02.480,0.97112,0.97123,1.71,1.50
2013.05.22 14:03:02.624,0.97121,0.97126,1.50,1.50
2013.05.22 14:03:02.696,0.9712,0.9713,1.71,1.88
2013.05.22 14:03:02.836,0.97117,0.9713,1.71,2.25
2013.05.22 14:03:02.902,0.97121,0.9713,1.50,2.25
2013.05.22 14:03:03.031,0.97117,0.9713,1.71,2.25
2013.05.22 14:03:03.100,0.97116,0.97129,1.71,1.13
2013.05.22 14:03:03.443,0.97106,0.97115,1.28,2.40
2013.05.22 14:03:03.901,0.97098,0.97109,1.71,2.25
2013.05.22 14:03:03.974,0.97098,0.9711,1.71,2.25
2013.05.22 14:03:04.118,0.97098,0.97109,1.71,2.25
2013.05.22 14:03:04.406,0.971,0.97108,2.31,2.25
2013.05.22 14:03:04.539,0.97099,0.97114,1.04,2.44
2013.05.22 14:03:04.610,0.97102,0.97116,3.21,2.44
2013.05.22 14:03:04.678,0.97104,0.9712,1.71,3.19
2013.05.22 14:03:04.750,0.97103,0.97119,1.71,2.44
2013.05.22 14:03:05.083,0.97106,0.97117,1.50,2.25
2013.05.22 14:03:05.361,0.97103,0.97116,1.71,2.25
2013.05.22 14:03:05.570,0.97105,0.97116,1.50,2.25
2013.05.22 14:03:05.642,0.97104,0.97116,1.50,2.25
2013.05.22 14:03:05.715,0.97103,0.97114,1.50,2.25
2013.05.22 14:03:06.202,0.97099,0.97114,1.15,2.25
2013.05.22 14:03:06.273,0.971,0.97112,1.50,2.25
2013.05.22 14:03:06.626,0.97102,0.97113,1.50,2.25
2013.05.22 14:03:07.927,0.97101,0.97113,1.71,2.25
2013.05.22 14:03:08.439,0.97097,0.97113,1.71,2.25
2013.05.22 14:03:08.631,0.97096,0.97113,1.86,2.25
2013.05.22 14:03:08.775,0.97098,0.97113,1.71,2.63
2013.05.22 14:03:08.958,0.971,0.97113,1.50,1.13
2013.05.22 14:03:09.401,0.97096,0.97109,3.36,1.28
2013.05.22 14:03:09.601,0.97091,0.97104,1.71,1.13
2013.05.22 14:03:09.673,0.97091,0.97106,1.71,3.41
2013.05.22 14:03:09.879,0.97091,0.97105,2.31,1.69
2013.05.22 14:03:10.020,0.97103,0.97111,1.50,6.15
2013.05.22 14:03:10.163,0.97101,0.97111,2.46,1.13
2013.05.22 14:03:10.678,0.97098,0.97113,1.50,1.50
2013.05.22 14:03:10.761,0.971,0.97114,1.50,1.13
2013.05.22 14:03:11.050,0.97103,0.97114,2.25,1.13
2013.05.22 14:03:11.138,0.97098,0.97115,1.71,2.63
2013.05.22 14:03:11.211,0.97097,0.97113,3.86,1.50
2013.05.22 14:03:11.720,0.97099,0.97115,2.25,3.19
2013.05.22 14:03:12.183,0.97101,0.97116,2.46,2.82
2013.05.22 14:03:12.261,0.97102,0.97116,1.65,1.69
2013.05.22 14:03:12.585,0.9711,0.97123,1.50,1.50
2013.05.22 14:03:12.652,0.9711,0.97125,1.50,1.69
2013.05.22 14:03:12.780,0.9711,0.97125,2.46,1.69
2013.05.22 14:03:12.856,0.97111,0.97126,1.50,1.69
2013.05.22 14:03:12.921,0.97116,0.97127,2.25,2.59
2013.05.22 14:03:12.991,0.97114,0.97127,3.00,1.50
2013.05.22 14:03:13.063,0.97114,0.97128,3.00,1.50
2013.05.22 14:03:13.268,0.97112,0.97128,2.25,2.82
2013.05.22 14:03:13.390,0.97112,0.97124,2.25,1.50
2013.05.22 14:03:13.531,0.97109,0.97121,2.25,1.13
2013.05.22 14:03:13.604,0.97107,0.9712,2.25,1.13
2013.05.22 14:03:14.477,0.97108,0.9712,1.50,2.07
2013.05.22 14:03:14.565,0.97109,0.97123,1.50,1.13
2013.05.22 14:03:15.071,0.97108,0.97123,1.50,1.50
2013.05.22 14:03:15.266,0.97109,0.97124,1.71,1.50
2013.05.22 14:03:15.779,0.97107,0.97123,3.21,1.50
2013.05.22 14:03:16.406,0.97106,0.97121,1.71,1.05
2013.05.22 14:03:16.480,0.97104,0.97115,2.25,1.13
2013.05.22 14:03:16.624,0.97104,0.97115,2.25,1.13
2013.05.22 14:03:16.832,0.97095,0.97107,1.65,1.75
2013.05.22 14:03:16.974,0.97088,0.971,2.09,2.25
2013.05.22 14:03:17.044,0.97088,0.971,2.09,2.25
2013.05.22 14:03:17.109,0.97088,0.97103,2.09,1.69
2013.05.22 14:03:17.489,0.97088,0.97103,3.57,1.50
2013.05.22 14:03:18.042,0.97089,0.97104,1.71,2.25
2013.05.22 14:03:18.438,0.97091,0.97104,1.50,2.25
2013.05.22 14:03:18.630,0.97092,0.97107,1.71,3.19
2013.05.22 14:03:18.699,0.97092,0.97108,1.71,2.82
2013.05.22 14:03:18.831,0.97091,0.97108,1.71,2.82
2013.05.22 14:03:19.198,0.97091,0.97106,1.71,2.25
2013.05.22 14:03:19.279,0.9709,0.97106,1.71,2.25
2013.05.22 14:03:20.191,0.97092,0.97106,1.35,2.25
2013.05.22 14:03:20.509,0.97108,0.97114,1.50,1.50
2013.05.22 14:03:21.254,0.97111,0.97127,1.50,1.69
2013.05.22 14:03:21.320,0.97112,0.97128,1.50,2.07
2013.05.22 14:03:21.761,0.97115,0.97129,2.25,1.69
2013.05.22 14:03:22.069,0.97117,0.97132,1.71,2.25
2013.05.22 14:03:22.619,0.97117,0.97133,1.71,2.63
2013.05.22 14:03:23.285,0.97117,0.97133,1.71,2.63
2013.05.22 14:03:23.470,0.97117,0.97134,1.71,3.57
2013.05.22 14:03:23.541,0.9712,0.97136,1.71,2.22
2013.05.22 14:03:23.684,0.9712,0.97136,1.71,2.07
2013.05.22 14:03:23.749,0.9712,0.97136,1.71,3.57
2013.05.22 14:03:24.381,0.97119,0.97135,1.71,1.13
2013.05.22 14:03:24.923,0.97117,0.97133,1.71,1.50
2013.05.22 14:03:25.241,0.97117,0.97131,1.71,1.50
2013.05.22 14:03:25.583,0.9712,0.97133,2.11,3.75
2013.05.22 14:03:25.650,0.9712,0.97133,2.11,2.25
2013.05.22 14:03:25.865,0.97122,0.97137,2.46,1.50
2013.05.22 14:03:26.259,0.97125,0.97141,1.71,3.34
2013.05.22 14:03:26.408,0.97125,0.97141,1.71,3.90
2013.05.22 14:03:26.623,0.97125,0.9714,1.71,3.15
2013.05.22 14:03:26.834,0.9713,0.97146,2.65,1.88
2013.05.22 14:03:27.090,0.97126,0.97144,1.30,1.50
2013.05.22 14:03:27.306,0.97126,0.97144,1.90,1.50
2013.05.22 14:03:27.372,0.97126,0.9714,1.15,1.50
2013.05.22 14:03:27.643,0.97121,0.97138,2.65,2.25
2013.05.22 14:03:28.105,0.97122,0.97138,1.71,1.50
2013.05.22 14:03:28.184,0.97121,0.97137,1.15,2.63
2013.05.22 14:03:28.320,0.97122,0.97138,1.71,3.00
2013.05.22 14:03:28.829,0.9712,0.97137,2.46,1.32
2013.05.22 14:03:29.631,0.9713,0.97137,2.25,1.32
2013.05.22 14:03:29.760,0.97124,0.97135,2.25,1.50
2013.05.22 14:03:29.830,0.97121,0.97134,1.50,1.52
2013.05.22 14:03:30.079,0.97122,0.97135,2.25,3.68
2013.05.22 14:03:30.219,0.9712,0.97135,2.25,3.68
2013.05.22 14:03:30.303,0.97116,0.97134,1.30,5.29
2013.05.22 14:03:30.449,0.97114,0.97129,1.71,1.50
2013.05.22 14:03:30.802,0.97105,0.97117,1.50,2.25
2013.05.22 14:03:31.122,0.97094,0.97108,1.71,1.50
2013.05.22 14:03:31.258,0.97092,0.97108,2.46,1.50
2013.05.22 14:03:31.337,0.971,0.97108,2.25,1.50
2013.05.22 14:03:31.689,0.97105,0.97116,2.25,2.25
2013.05.22 14:03:31.760,0.97107,0.97118,2.25,1.88
2013.05.22 14:03:31.963,0.97105,0.97118,2.46,1.13
2013.05.22 14:03:32.101,0.97105,0.97121,2.46,1.13
2013.05.22 14:03:32.668,0.97106,0.97121,1.13,1.13
2013.05.22 14:03:32.799,0.97104,0.97117,2.46,1.50
2013.05.22 14:03:33.059,0.97102,0.97116,1.15,1.50
2013.05.22 14:03:33.132,0.97108,0.97116,3.00,1.13
2013.05.22 14:03:33.282,0.97105,0.97116,1.97,1.13
2013.05.22 14:03:33.419,0.97101,0.97117,2.65,1.88
2013.05.22 14:03:33.970,0.97101,0.97118,2.46,1.13
2013.05.22 14:03:34.229,0.97101,0.97118,2.46,1.13
2013.05.22 14:03:34.359,0.97101,0.97118,2.46,1.13
2013.05.22 14:03:35.140,0.97101,0.97118,2.46,1.13
2013.05.22 14:03:35.342,0.97101,0.97117,2.46,1.13
2013.05.22 14:03:35.485,0.971,0.97117,1.15,1.13
2013.05.22 14:03:35.621,0.971,0.97116,2.65,1.13
2013.05.22 14:03:36.180,0.97104,0.97118,1.71,1.13
2013.05.22 14:03:36.490,0.97104,0.97121,2.65,1.13
2013.05.22 14:03:36.560,0.97105,0.97123,1.71,4.32
2013.05.22 14:03:36.748,0.97106,0.97123,1.15,2.25
2013.05.22 14:03:37.334,0.97105,0.97123,1.15,2.40
2013.05.22 14:03:37.681,0.97099,0.97115,2.25,2.25
2013.05.22 14:03:37.820,0.97099,0.97115,2.46,2.29
2013.05.22 14:03:37.892,0.97103,0.97115,1.71,1.52
2013.05.22 14:03:38.150,0.97105,0.97115,1.13,2.25
2013.05.22 14:03:38.281,0.971,0.97115,2.07,2.25
2013.05.22 14:03:38.351,0.97098,0.97115,3.72,3.02
2013.05.22 14:03:38.661,0.97101,0.97116,2.46,1.69
2013.05.22 14:03:39.122,0.97101,0.97118,3.77,3.00
2013.05.22 14:03:39.249,0.97103,0.97118,1.34,3.00
2013.05.22 14:03:39.750,0.97101,0.97119,3.02,3.00
2013.05.22 14:03:39.820,0.97102,0.97119,1.15,3.00
2013.05.22 14:03:40.364,0.97102,0.97118,2.27,3.00
2013.05.22 14:03:40.670,0.97103,0.9712,3.40,2.25
2013.05.22 14:03:41.129,0.97109,0.9712,1.13,2.25
2013.05.22 14:03:41.272,0.97109,0.97123,1.13,2.40
2013.05.22 14:03:41.810,0.97107,0.97123,2.65,2.25
2013.05.22 14:03:42.333,0.97107,0.97123,1.86,3.00
2013.05.22 14:03:42.403,0.97113,0.97127,2.25,1.69
2013.05.22 14:03:42.530,0.97115,0.97131,1.50,1.50
2013.05.22 14:03:42.600,0.97114,0.97125,1.77,2.25
2013.05.22 14:03:42.670,0.97113,0.97125,1.69,2.25
2013.05.22 14:03:42.978,0.9711,0.97126,1.32,2.25
2013.05.22 14:03:43.531,0.97111,0.97124,1.15,1.50
2013.05.22 14:03:43.740,0.97108,0.97121,1.69,2.25
2013.05.22 14:03:43.941,0.97105,0.97119,1.13,1.50
2013.05.22 14:03:44.079,0.97102,0.9712,2.65,1.69
2013.05.22 14:03:44.413,0.97105,0.97122,2.09,1.69
2013.05.22 14:03:44.730,0.97113,0.97127,1.50,3.19
2013.05.22 14:03:45.277,0.97114,0.97127,1.32,1.50
2013.05.22 14:03:45.590,0.97113,0.97129,2.50,2.25
2013.05.22 14:03:46.823,0.97114,0.97127,6.65,1.50
2013.05.22 14:03:47.158,0.97113,0.97124,1.15,2.25
2013.05.22 14:03:47.621,0.97108,0.97124,1.13,3.00
2013.05.22 14:03:47.689,0.97108,0.97124,1.34,1.50
2013.05.22 14:03:47.760,0.97107,0.97124,3.40,3.00
2013.05.22 14:03:47.829,0.97107,0.97123,3.40,1.50
2013.05.22 14:03:48.343,0.97106,0.97122,1.67,1.50
2013.05.22 14:03:48.898,0.97105,0.97123,1.11,1.50
2013.05.22 14:03:48.969,0.97105,0.9712,1.11,2.25
2013.05.22 14:03:49.291,0.97103,0.9712,1.69,3.00
2013.05.22 14:03:49.362,0.97102,0.97116,1.15,2.25
2013.05.22 14:03:49.430,0.97101,0.97116,3.75,2.25
2013.05.22 14:03:50.080,0.97101,0.97115,2.40,2.64
2013.05.22 14:03:50.424,0.97098,0.97113,5.12,1.50
2013.05.22 14:03:50.731,0.97098,0.9711,2.72,1.50
2013.05.22 14:03:51.071,0.97102,0.97118,2.25,1.69
2013.05.22 14:03:51.508,0.97105,0.97119,2.46,1.69
2013.05.22 14:03:51.649,0.97107,0.97119,3.00,1.50
2013.05.22 14:03:51.720,0.9711,0.97122,2.63,1.32
2013.05.22 14:03:51.991,0.97112,0.9713,2.25,1.32
2013.05.22 14:03:52.480,0.9711,0.97127,2.72,2.25
2013.05.22 14:03:52.820,0.97107,0.97116,1.90,1.98
2013.05.22 14:03:53.033,0.97099,0.97109,1.65,1.50
2013.05.22 14:03:53.099,0.97097,0.97109,3.38,1.50
2013.05.22 14:03:53.290,0.97103,0.97113,2.25,1.50
2013.05.22 14:03:53.493,0.97099,0.9711,1.52,1.50
2013.05.22 14:03:53.561,0.97095,0.9711,1.71,1.50
2013.05.22 14:03:53.700,0.97096,0.97114,1.50,4.69
2013.05.22 14:03:54.020,0.97094,0.97113,1.50,4.32
2013.05.22 14:03:54.149,0.97094,0.97107,1.50,1.22
2013.05.22 14:03:54.883,0.97084,0.97095,3.20,2.25
2013.05.22 14:03:54.973,0.9708,0.97093,1.50,1.69
2013.05.22 14:03:55.125,0.9708,0.97094,2.25,1.69
2013.05.22 14:03:55.341,0.9708,0.97098,2.25,2.44
2013.05.22 14:03:55.624,0.97085,0.971,2.25,1.69
2013.05.22 14:03:55.689,0.97085,0.971,2.25,1.69
2013.05.22 14:03:55.961,0.97087,0.971,2.25,1.69
2013.05.22 14:03:56.031,0.97087,0.97101,2.25,1.69
2013.05.22 14:03:56.183,0.97085,0.97101,2.25,1.69
2013.05.22 14:03:56.399,0.97085,0.971,2.25,1.13
2013.05.22 14:03:56.613,0.97079,0.97093,2.72,1.50
2013.05.22 14:03:56.681,0.97075,0.97093,2.25,2.25
2013.05.22 14:03:56.820,0.97074,0.9709,2.22,1.69
2013.05.22 14:03:57.329,0.97074,0.9709,2.89,2.44
2013.05.22 14:03:58.060,0.9707,0.97088,1.64,2.25
2013.05.22 14:03:58.251,0.97071,0.97089,1.28,1.69
2013.05.22 14:03:58.322,0.9707,0.97088,2.25,1.69
2013.05.22 14:03:58.631,0.97072,0.9709,4.50,1.50
2013.05.22 14:03:59.133,0.97071,0.97089,1.28,3.00
2013.05.22 14:03:59.530,0.97067,0.97077,3.40,2.25
2013.05.22 14:03:59.673,0.97067,0.97078,3.00,1.13
2013.05.22 14:03:59.741,0.97067,0.97082,3.00,1.32
2013.05.22 14:03:59.950,0.97067,0.97082,3.00,1.13
2013.05.22 14:04:00.030,0.97066,0.97082,2.25,1.32
2013.05.22 14:04:00.489,0.97065,0.97084,3.15,1.69
2013.05.22 14:04:01.062,0.97065,0.97083,2.40,1.50
2013.05.22 14:04:01.571,0.97066,0.97083,1.32,2.25
2013.05.22 14:04:01.774,0.97071,0.97087,2.25,1.32
2013.05.22 14:04:01.919,0.97072,0.97089,1.71,2.10
2013.05.22 14:04:02.190,0.97074,0.97091,1.34,2.25
2013.05.22 14:04:02.534,0.97075,0.97091,1.34,2.25
2013.05.22 14:04:03.092,0.9708,0.97092,1.50,2.25
2013.05.22 14:04:03.159,0.97082,0.97096,1.50,1.47
2013.05.22 14:04:03.300,0.97082,0.97097,1.50,1.32
2013.05.22 14:04:03.645,0.97085,0.97098,1.50,1.09
2013.05.22 14:04:03.769,0.97086,0.97101,2.25,1.69
2013.05.22 14:04:03.840,0.97086,0.97101,2.25,1.32
2013.05.22 14:04:04.030,0.97086,0.97103,1.50,2.07
2013.05.22 14:04:04.099,0.97086,0.97103,1.50,2.44
2013.05.22 14:04:04.421,0.97085,0.971,1.50,2.07
2013.05.22 14:04:04.701,0.97086,0.97103,2.25,1.69
2013.05.22 14:04:05.256,0.97086,0.97103,1.50,2.07
2013.05.22 14:04:05.701,0.97086,0.97102,1.50,2.25
2013.05.22 14:04:06.429,0.97089,0.97102,1.50,2.25
2013.05.22 14:04:06.680,0.97092,0.97109,3.75,3.19
2013.05.22 14:04:06.869,0.97093,0.97106,1.50,2.25
2013.05.22 14:04:07.213,0.97093,0.97108,1.50,2.44
2013.05.22 14:04:07.899,0.97095,0.97108,1.50,2.25
2013.05.22 14:04:08.226,0.97096,0.97106,1.69,2.25
2013.05.22 14:04:08.364,0.97097,0.97108,1.50,2.25
2013.05.22 14:04:08.432,0.97097,0.97106,1.50,2.25
2013.05.22 14:04:08.501,0.97094,0.97106,1.50,2.25
2013.05.22 14:04:08.574,0.97094,0.97108,1.71,1.50
2013.05.22 14:04:08.647,0.97102,0.97109,1.50,1.69
2013.05.22 14:04:08.717,0.97102,0.97113,1.50,1.65
2013.05.22 14:04:08.939,0.97107,0.97115,1.50,1.13
2013.05.22 14:04:09.297,0.9711,0.97118,1.50,1.13
2013.05.22 14:04:09.431,0.97112,0.97119,1.50,1.73
2013.05.22 14:04:09.505,0.97111,0.97118,1.69,1.50
2013.05.22 14:04:09.644,0.97113,0.97124,1.50,2.25
2013.05.22 14:04:09.710,0.97113,0.97129,1.50,2.25
2013.05.22 14:04:09.780,0.97114,0.97129,1.50,2.25
2013.05.22 14:04:09.849,0.97114,0.97129,1.69,2.25
2013.05.22 14:04:09.981,0.97115,0.97129,1.50,2.25
2013.05.22 14:04:10.119,0.9712,0.97135,1.50,1.28
2013.05.22 14:04:10.310,0.97124,0.97137,1.50,2.48
2013.05.22 14:04:10.851,0.97121,0.97136,2.44,1.50
2013.05.22 14:04:10.979,0.97122,0.97135,1.50,2.25
2013.05.22 14:04:11.108,0.97121,0.97136,2.25,1.50
2013.05.22 14:04:11.648,0.97122,0.97137,1.50,3.00
2013.05.22 14:04:12.172,0.97121,0.97136,1.50,1.50
2013.05.22 14:04:12.376,0.97121,0.97135,1.50,1.50
2013.05.22 14:04:12.577,0.97122,0.97135,1.50,1.50
2013.05.22 14:04:13.044,0.97122,0.97137,1.50,2.25
2013.05.22 14:04:13.116,0.97122,0.97138,1.69,1.50
2013.05.22 14:04:13.189,0.97122,0.97137,1.69,2.25
2013.05.22 14:04:13.265,0.97122,0.97138,1.50,2.25
2013.05.22 14:04:13.333,0.97122,0.97138,1.50,2.25
2013.05.22 14:04:13.819,0.97122,0.97137,1.50,2.25
2013.05.22 14:04:15.271,0.97122,0.97136,2.25,1.50
2013.05.22 14:04:15.420,0.9712,0.97136,1.50,2.25
2013.05.22 14:04:15.940,0.97119,0.97133,1.69,1.50
2013.05.22 14:04:16.459,0.9712,0.97134,1.15,1.50
2013.05.22 14:04:16.873,0.9712,0.97134,1.71,2.64
2013.05.22 14:04:17.380,0.97118,0.97131,1.50,1.50
2013.05.22 14:04:17.939,0.97119,0.97131,1.69,1.50
2013.05.22 14:04:18.550,0.97118,0.9713,3.19,1.50
2013.05.22 14:04:18.824,0.97118,0.9713,2.44,1.50
2013.05.22 14:04:19.210,0.97115,0.97125,3.66,2.25
2013.05.22 14:04:19.355,0.97109,0.97121,3.19,3.00
2013.05.22 14:04:19.423,0.97108,0.97121,1.69,3.00
2013.05.22 14:04:19.620,0.97106,0.97121,2.40,2.25
2013.05.22 14:04:19.903,0.97105,0.97122,2.59,1.13
2013.05.22 14:04:19.974,0.97107,0.97122,2.25,1.13
2013.05.22 14:04:20.189,0.9711,0.97126,1.09,1.50
2013.05.22 14:04:20.263,0.97111,0.97128,1.30,2.25
2013.05.22 14:04:20.336,0.97112,0.97128,1.69,1.50
2013.05.22 14:04:20.849,0.97113,0.9713,1.71,1.50
2013.05.22 14:04:21.403,0.97113,0.97129,1.71,1.50
2013.05.22 14:04:21.541,0.97113,0.9713,2.46,1.50
2013.05.22 14:04:22.624,0.97114,0.97129,1.71,2.25
2013.05.22 14:04:23.178,0.97114,0.97129,1.71,1.50
2013.05.22 14:04:23.692,0.97115,0.97131,1.71,1.69
2013.05.22 14:04:24.242,0.97115,0.97132,1.71,3.19
2013.05.22 14:04:24.799,0.97113,0.9713,2.65,1.50
2013.05.22 14:04:25.299,0.97112,0.97128,1.71,3.00
2013.05.22 14:04:25.849,0.97113,0.97128,1.71,3.00
2013.05.22 14:04:26.184,0.97109,0.97123,3.15,1.13
2013.05.22 14:04:26.511,0.97111,0.97123,1.73,1.13
2013.05.22 14:04:26.843,0.97121,0.97132,1.50,2.44
2013.05.22 14:04:26.913,0.97123,0.97132,1.50,1.69
2013.05.22 14:04:27.109,0.97123,0.97139,2.25,2.25
2013.05.22 14:04:27.241,0.97123,0.97139,2.44,2.25
2013.05.22 14:04:27.620,0.97124,0.97139,1.88,1.88
2013.05.22 14:04:28.177,0.97124,0.97139,1.88,2.63
2013.05.22 14:04:28.618,0.97124,0.97138,1.88,1.50
2013.05.22 14:04:28.839,0.97127,0.97143,1.50,3.19
2013.05.22 14:04:28.914,0.97131,0.97143,1.50,2.44
2013.05.22 14:04:29.219,0.97135,0.97148,1.50,1.50
2013.05.22 14:04:29.482,0.97134,0.97149,1.50,2.44
2013.05.22 14:04:29.670,0.97133,0.97144,1.50,3.00
2013.05.22 14:04:30.592,0.97131,0.97145,1.50,3.94
2013.05.22 14:04:30.678,0.97133,0.97143,1.52,2.25
2013.05.22 14:04:30.999,0.97133,0.97145,2.27,1.88
2013.05.22 14:04:31.129,0.97134,0.97145,1.90,1.88
2013.05.22 14:04:31.988,0.97136,0.97145,2.44,2.82
2013.05.22 14:04:32.070,0.97136,0.97149,3.00,2.25
2013.05.22 14:04:32.571,0.97137,0.97152,1.71,2.44
2013.05.22 14:04:32.760,0.97147,0.97156,2.25,1.88
2013.05.22 14:04:32.894,0.97147,0.97157,2.25,1.50
2013.05.22 14:04:32.966,0.97151,0.97156,1.50,1.13
2013.05.22 14:04:33.283,0.97156,0.9716,1.50,1.50
2013.05.22 14:04:33.424,0.97156,0.97162,1.50,2.63
2013.05.22 14:04:33.802,0.97156,0.97173,2.46,4.77
2013.05.22 14:04:34.001,0.97162,0.97173,2.25,3.23
2013.05.22 14:04:34.213,0.9716,0.97172,1.50,1.50
2013.05.22 14:04:34.343,0.97159,0.97171,1.50,3.00
2013.05.22 14:04:34.470,0.97159,0.97171,1.71,1.50
2013.05.22 14:04:34.540,0.97164,0.97171,2.25,1.50
2013.05.22 14:04:34.923,0.97165,0.97174,1.50,1.50
2013.05.22 14:04:35.205,0.97166,0.97177,1.50,2.25
2013.05.22 14:04:35.761,0.97166,0.97179,1.50,2.44
2013.05.22 14:04:36.307,0.97166,0.9718,1.50,3.19
2013.05.22 14:04:36.860,0.97165,0.97179,1.50,1.69
2013.05.22 14:04:37.556,0.97165,0.97179,1.50,2.44
2013.05.22 14:04:38.290,0.97165,0.97177,1.50,1.50
2013.05.22 14:04:38.898,0.97165,0.97177,1.50,1.50
2013.05.22 14:04:39.141,0.97161,0.97176,1.71,1.50
2013.05.22 14:04:39.212,0.97161,0.97176,1.50,2.48
2013.05.22 14:04:39.521,0.97158,0.97167,2.25,6.83
2013.05.22 14:04:39.782,0.97159,0.97163,1.50,1.50
2013.05.22 14:04:39.975,0.97156,0.97162,2.25,7.88
2013.05.22 14:04:40.230,0.97137,0.97154,2.25,4.50
2013.05.22 14:04:40.359,0.97132,0.97147,3.75,1.32
2013.05.22 14:04:40.571,0.97127,0.97148,1.15,2.44
2013.05.22 14:04:40.641,0.97129,0.97148,1.15,3.94
2013.05.22 14:04:40.709,0.97129,0.97148,1.15,3.94
2013.05.22 14:04:40.782,0.9714,0.97147,1.50,1.69
2013.05.22 14:04:40.919,0.97133,0.97147,2.25,1.69
2013.05.22 14:04:41.542,0.97132,0.97148,2.25,3.19
2013.05.22 14:04:42.103,0.97132,0.97142,2.25,1.50
2013.05.22 14:04:42.241,0.97126,0.97135,1.71,2.28
2013.05.22 14:04:42.443,0.97126,0.97134,1.50,2.84
2013.05.22 14:04:42.777,0.97124,0.97131,1.50,1.69
2013.05.22 14:04:42.849,0.97121,0.9713,1.80,2.44
2013.05.22 14:04:43.122,0.97113,0.97129,2.25,1.69
2013.05.22 14:04:43.321,0.97113,0.97128,1.50,1.69
2013.05.22 14:04:43.852,0.97111,0.97128,3.19,1.69
2013.05.22 14:04:44.378,0.97111,0.97127,2.25,1.50
2013.05.22 14:04:44.879,0.97108,0.97124,1.50,2.25
2013.05.22 14:04:45.010,0.97108,0.97124,3.00,3.00
2013.05.22 14:04:45.348,0.97102,0.97111,1.50,2.25
2013.05.22 14:04:45.702,0.97101,0.97108,1.50,1.13
2013.05.22 14:04:46.044,0.97102,0.97109,1.50,3.00
2013.05.22 14:04:46.291,0.971,0.97109,1.50,1.50
2013.05.22 14:04:46.493,0.97092,0.97109,1.50,2.25
2013.05.22 14:04:46.634,0.97095,0.97108,2.25,1.88
2013.05.22 14:04:46.774,0.97096,0.97108,1.50,1.13
2013.05.22 14:04:47.280,0.97094,0.9711,2.25,1.69
2013.05.22 14:04:47.411,0.97094,0.97107,2.25,1.50
2013.05.22 14:04:47.920,0.97094,0.97104,2.25,1.50
2013.05.22 14:04:47.989,0.97091,0.97102,2.25,1.88
2013.05.22 14:04:48.063,0.97086,0.97101,1.32,2.25
2013.05.22 14:04:48.260,0.97088,0.97101,2.25,2.44
2013.05.22 14:04:48.709,0.97085,0.97101,2.25,1.69
2013.05.22 14:04:48.958,0.97085,0.97101,2.25,1.69
2013.05.22 14:04:50.122,0.9708,0.97088,1.13,1.50
2013.05.22 14:04:50.204,0.97076,0.97086,1.69,1.50
2013.05.22 14:04:50.284,0.97072,0.97083,2.44,1.50
2013.05.22 14:04:50.860,0.97067,0.97079,1.13,1.89
2013.05.22 14:04:51.222,0.97065,0.97076,1.50,1.50
2013.05.22 14:04:51.634,0.97064,0.97075,1.50,1.28
2013.05.22 14:04:51.701,0.97061,0.97075,2.25,1.32
2013.05.22 14:04:51.952,0.97057,0.97071,1.69,1.88
2013.05.22 14:04:52.091,0.97057,0.97071,1.50,2.82
2013.05.22 14:04:52.219,0.97058,0.97071,2.25,2.82
2013.05.22 14:04:52.737,0.97057,0.97068,3.00,1.53
2013.05.22 14:04:53.326,0.97057,0.97069,1.50,2.48
2013.05.22 14:04:53.660,0.97054,0.97061,3.00,1.05
2013.05.22 14:04:53.951,0.97052,0.97061,1.50,1.43
2013.05.22 14:04:54.461,0.97051,0.97062,2.40,1.35
2013.05.22 14:04:54.849,0.97052,0.97059,1.50,1.50
2013.05.22 14:04:55.189,0.97042,0.97048,1.50,1.50
2013.05.22 14:04:55.336,0.97042,0.97048,1.50,2.44
2013.05.22 14:04:55.605,0.97044,0.9705,1.50,1.34
2013.05.22 14:04:56.648,0.97041,0.97047,2.25,3.00
2013.05.22 14:04:56.774,0.97027,0.97038,1.50,2.44
2013.05.22 14:04:57.056,0.97021,0.97033,2.25,1.88
2013.05.22 14:04:57.131,0.97019,0.97032,1.50,2.33
2013.05.22 14:04:57.204,0.97019,0.97032,1.50,4.02
2013.05.22 14:04:57.563,0.97016,0.97022,2.25,1.13
2013.05.22 14:04:57.774,0.97011,0.9702,1.50,1.13
2013.05.22 14:04:58.933,0.97009,0.97018,2.25,1.13
2013.05.22 14:04:59.012,0.97013,0.97029,2.25,2.07
2013.05.22 14:04:59.913,0.97013,0.97028,2.25,1.50
2013.05.22 14:04:59.982,0.97013,0.97028,2.25,2.25
2013.05.22 14:05:00.197,0.97012,0.97028,1.50,2.25
2013.05.22 14:05:00.273,0.97012,0.97028,1.50,2.25
2013.05.22 14:05:00.637,0.97014,0.97024,2.25,1.50
2013.05.22 14:05:00.761,0.9701,0.9702,1.09,1.50
2013.05.22 14:05:00.969,0.97007,0.97021,2.44,1.50
2013.05.22 14:05:01.099,0.97007,0.97021,2.25,2.25
2013.05.22 14:05:01.643,0.97008,0.97022,3.19,1.53
2013.05.22 14:05:02.059,0.97009,0.97022,2.44,1.52
2013.05.22 14:05:02.203,0.97009,0.97024,2.25,2.25
2013.05.22 14:05:02.624,0.97012,0.97024,1.50,1.69
2013.05.22 14:05:02.765,0.97012,0.97025,1.50,1.69
2013.05.22 14:05:04.114,0.97023,0.9703,3.00,1.50
2013.05.22 14:05:17.620,0.97004,0.97014,2.91,2.25
2013.05.22 14:05:18.327,0.9699,0.97001,1.69,3.75
2013.05.22 14:05:18.401,0.9699,0.97003,1.69,2.63
2013.05.22 14:05:18.544,0.96994,0.97003,2.25,2.25
2013.05.22 14:05:18.618,0.9699,0.97002,1.15,1.50
2013.05.22 14:05:18.704,0.96989,0.97,1.69,2.25
2013.05.22 14:05:18.900,0.96986,0.96993,3.75,2.25
2013.05.22 14:05:19.717,0.9698,0.96989,1.50,9.01
2013.05.22 14:05:19.795,0.96978,0.96986,1.50,1.69
2013.05.22 14:05:19.993,0.96973,0.96985,1.50,1.69
2013.05.22 14:05:20.211,0.96972,0.96984,1.50,1.69
2013.05.22 14:05:20.553,0.96969,0.96979,2.25,1.50
2013.05.22 14:05:20.893,0.96966,0.9698,2.25,2.44
2013.05.22 14:05:20.960,0.96968,0.9698,2.25,1.69
2013.05.22 14:05:21.031,0.9697,0.96981,2.25,1.69
2013.05.22 14:05:21.359,0.96969,0.96978,1.72,1.50
2013.05.22 14:05:21.630,0.9697,0.96978,1.53,2.25
2013.05.22 14:05:22.026,0.96969,0.96983,1.52,2.25
2013.05.22 14:05:22.091,0.96968,0.96985,4.09,1.50
2013.05.22 14:05:22.702,0.96969,0.96985,2.44,1.50
2013.05.22 14:05:23.333,0.96969,0.96985,1.69,1.50
2013.05.22 14:05:23.952,0.96972,0.96987,1.50,1.69
2013.05.22 14:05:24.239,0.96972,0.96987,3.00,1.50
2013.05.22 14:05:24.572,0.96981,0.9699,1.50,1.50
2013.05.22 14:05:24.643,0.96982,0.96993,1.50,4.88
2013.05.22 14:05:24.769,0.96985,0.96993,2.25,2.25
2013.05.22 14:05:25.416,0.96988,0.96995,1.15,3.75
2013.05.22 14:05:25.686,0.96995,0.97005,3.40,1.50
2013.05.22 14:05:25.841,0.96995,0.97001,2.44,2.25
2013.05.22 14:05:25.915,0.96993,0.96999,1.50,1.50
2013.05.22 14:05:25.988,0.96975,0.96999,7.95,30.04
2013.05.22 14:05:26.063,0.96982,0.96988,3.80,1.73
2013.05.22 14:05:26.133,0.96982,0.96988,4.55,1.73
2013.05.22 14:05:26.206,0.96978,0.96988,1.50,2.48
2013.05.22 14:05:26.275,0.96977,0.96987,1.50,1.69
2013.05.22 14:05:26.413,0.96978,0.96984,1.50,3.75
2013.05.22 14:05:26.481,0.96974,0.96984,1.50,4.50
2013.05.22 14:05:26.623,0.96971,0.96978,1.50,2.25
2013.05.22 14:05:26.692,0.96967,0.96982,1.50,3.19
2013.05.22 14:05:26.895,0.96966,0.96982,1.50,3.19
2013.05.22 14:05:27.111,0.96966,0.9698,1.50,1.50
2013.05.22 14:05:27.449,0.9697,0.96974,2.25,1.50
2013.05.22 14:05:27.519,0.96969,0.96974,1.50,1.50
2013.05.22 14:05:27.716,0.96967,0.96972,1.50,1.50
2013.05.22 14:05:28.078,0.96965,0.96975,1.50,1.50
2013.05.22 14:05:28.490,0.96967,0.9698,1.50,3.75
2013.05.22 14:05:28.679,0.96968,0.96976,1.50,2.25
2013.05.22 14:05:28.750,0.96966,0.9698,1.71,3.75
2013.05.22 14:05:28.894,0.96967,0.9698,1.73,3.75
2013.05.22 14:05:29.150,0.96977,0.9699,2.40,1.50
2013.05.22 14:05:29.224,0.96976,0.96992,1.30,2.25
2013.05.22 14:05:29.291,0.96976,0.96992,2.05,1.50
2013.05.22 14:05:29.563,0.96979,0.96993,2.49,2.25
2013.05.22 14:05:29.917,0.9698,0.96994,2.65,2.25
2013.05.22 14:05:30.280,0.96991,0.97003,2.65,2.25
2013.05.22 14:05:30.360,0.96991,0.97008,4.15,1.50
2013.05.22 14:05:30.967,0.96991,0.97009,3.40,1.50
2013.05.22 14:05:31.057,0.96992,0.9701,1.15,3.00
2013.05.22 14:05:31.413,0.96992,0.97007,1.69,1.50
2013.05.22 14:05:31.750,0.96993,0.9701,2.65,1.50
2013.05.22 14:05:31.888,0.96991,0.97003,1.90,1.50
2013.05.22 14:05:31.961,0.96991,0.97007,2.65,1.50
2013.05.22 14:05:32.151,0.96992,0.97007,1.71,1.50
2013.05.22 14:05:32.504,0.96994,0.97007,1.71,1.50
2013.05.22 14:05:32.726,0.96994,0.97012,3.66,2.25
2013.05.22 14:05:32.796,0.96997,0.9701,1.15,1.13
2013.05.22 14:05:33.342,0.96997,0.97012,1.71,3.38
2013.05.22 14:05:33.411,0.96997,0.97013,1.71,1.13
2013.05.22 14:05:33.937,0.96997,0.97013,3.40,1.88
2013.05.22 14:05:34.207,0.96996,0.97013,2.44,4.88
2013.05.22 14:05:34.274,0.96994,0.97013,3.62,4.88
2013.05.22 14:05:34.480,0.96994,0.97011,2.67,3.90
2013.05.22 14:05:34.800,0.96995,0.97003,2.18,3.00
2013.05.22 14:05:35.201,0.96995,0.97003,1.95,2.44
2013.05.22 14:05:35.650,0.96992,0.97005,1.50,2.44
2013.05.22 14:05:35.721,0.96992,0.97006,1.50,1.50
2013.05.22 14:05:35.933,0.96993,0.97008,3.40,2.72
2013.05.22 14:05:37.027,0.96997,0.97009,2.25,1.13
2013.05.22 14:05:37.127,0.96994,0.97012,3.55,1.50
2013.05.22 14:05:37.204,0.96994,0.97012,1.90,3.75
2013.05.22 14:05:37.520,0.96995,0.97012,2.25,1.50
2013.05.22 14:05:37.863,0.97,0.97014,1.71,2.25
2013.05.22 14:05:38.169,0.97,0.97012,2.25,1.50
2013.05.22 14:05:38.244,0.96998,0.97012,1.50,1.50
2013.05.22 14:05:38.314,0.96995,0.97008,3.29,2.25
2013.05.22 14:05:38.526,0.96992,0.97005,2.84,1.50
2013.05.22 14:05:38.595,0.96992,0.97003,1.88,2.25
2013.05.22 14:05:39.109,0.96988,0.97002,1.50,1.50
2013.05.22 14:05:39.252,0.96988,0.97002,1.13,1.50
2013.05.22 14:05:39.329,0.96986,0.97003,2.68,1.69
2013.05.22 14:05:39.714,0.96988,0.97003,1.50,1.50
2013.05.22 14:05:40.339,0.96988,0.97004,1.71,3.00
2013.05.22 14:05:40.685,0.96984,0.97,1.69,3.00
2013.05.22 14:05:40.883,0.96983,0.96999,2.25,3.00
2013.05.22 14:05:41.723,0.96994,0.97003,2.33,3.75
2013.05.22 14:05:41.849,0.96993,0.97005,2.25,2.25
2013.05.22 14:05:41.920,0.96995,0.97006,1.50,1.50
2013.05.22 14:05:42.134,0.96999,0.97009,1.50,1.13
2013.05.22 14:05:42.475,0.97005,0.97014,1.50,2.25
2013.05.22 14:05:42.544,0.97004,0.97016,1.50,1.50
2013.05.22 14:05:43.502,0.97,0.9701,2.25,2.25
2013.05.22 14:05:43.595,0.96995,0.97006,3.00,1.50
2013.05.22 14:05:43.660,0.96994,0.97006,1.50,1.50
2013.05.22 14:05:43.866,0.9699,0.97001,2.25,1.13
2013.05.22 14:05:43.933,0.9699,0.97003,1.50,2.27
2013.05.22 14:05:44.003,0.96989,0.97003,2.25,2.44
2013.05.22 14:05:44.357,0.96991,0.97003,1.50,3.00
2013.05.22 14:05:44.445,0.96997,0.97003,2.25,2.25
2013.05.22 14:05:44.520,0.97002,0.97007,1.50,1.50
2013.05.22 14:05:44.596,0.97001,0.97007,2.25,3.75
2013.05.22 14:05:44.666,0.97002,0.97007,1.50,1.50
2013.05.22 14:05:44.733,0.97002,0.97009,1.50,5.25
2013.05.22 14:05:44.944,0.97002,0.97017,1.50,2.63
2013.05.22 14:05:45.082,0.97005,0.97018,1.50,1.88
2013.05.22 14:05:45.721,0.97003,0.97019,1.50,2.07
2013.05.22 14:05:46.149,0.97003,0.97018,2.25,1.13
2013.05.22 14:05:46.460,0.97003,0.97018,1.50,1.13
2013.05.22 14:05:46.532,0.97002,0.97017,1.50,1.13
2013.05.22 14:05:46.601,0.97,0.97015,1.69,3.00
2013.05.22 14:05:46.920,0.96997,0.97008,1.50,1.13
2013.05.22 14:05:47.110,0.96993,0.97007,1.13,1.88
2013.05.22 14:05:47.181,0.96993,0.97008,1.50,1.50
2013.05.22 14:05:47.252,0.96992,0.97005,1.50,2.63
2013.05.22 14:05:48.302,0.96993,0.97006,1.50,1.69
2013.05.22 14:05:49.556,0.96993,0.97006,1.50,1.69
2013.05.22 14:05:49.877,0.97009,0.97027,24.36,1.50
2013.05.22 14:05:49.966,0.97022,0.97034,3.83,1.50
2013.05.22 14:05:50.049,0.97025,0.97033,3.08,2.03
2013.05.22 14:05:50.122,0.97029,0.97043,2.25,2.44
2013.05.22 14:05:50.194,0.97029,0.97043,2.25,1.50
2013.05.22 14:05:50.721,0.97029,0.97045,2.25,1.32
2013.05.22 14:05:51.161,0.97029,0.97041,2.25,1.13
2013.05.22 14:05:51.481,0.97029,0.97041,2.25,1.13
2013.05.22 14:05:51.695,0.97029,0.97043,2.44,1.13
2013.05.22 14:05:52.143,0.97029,0.97046,2.44,2.22
2013.05.22 14:05:52.270,0.97029,0.97043,2.44,1.50
2013.05.22 14:05:52.804,0.97029,0.97045,2.25,2.07
2013.05.22 14:05:53.013,0.97029,0.97045,2.25,1.32
2013.05.22 14:05:53.199,0.97032,0.97047,2.25,2.97
2013.05.22 14:05:53.331,0.97032,0.97047,2.25,1.32
2013.05.22 14:05:53.770,0.97037,0.97049,2.25,1.13
2013.05.22 14:05:54.017,0.97037,0.97052,2.25,1.88
2013.05.22 14:05:54.259,0.97044,0.97052,2.25,1.50
2013.05.22 14:05:54.524,0.97046,0.97056,2.25,1.13
2013.05.22 14:05:54.665,0.97048,0.97059,2.25,1.13
2013.05.22 14:05:55.327,0.97051,0.97059,2.25,1.88
2013.05.22 14:05:55.409,0.97046,0.9706,2.25,1.13
2013.05.22 14:05:55.483,0.97046,0.97057,2.25,1.13
2013.05.22 14:05:55.626,0.97041,0.97052,2.25,1.50
2013.05.22 14:05:55.811,0.97039,0.97052,1.09,1.50
2013.05.22 14:05:55.954,0.97035,0.97051,4.03,2.25
2013.05.22 14:05:56.023,0.97034,0.97049,2.74,2.27
2013.05.22 14:05:56.097,0.97034,0.97047,1.84,1.50
2013.05.22 14:05:56.173,0.97032,0.97047,3.72,1.50
2013.05.22 14:05:56.313,0.97034,0.97047,1.09,1.50
2013.05.22 14:05:56.633,0.97029,0.97041,4.78,1.50
2013.05.22 14:05:56.845,0.97024,0.97041,4.41,1.50
2013.05.22 14:05:56.911,0.97024,0.9704,2.44,1.50
2013.05.22 14:05:56.982,0.97024,0.9704,2.44,1.50
2013.05.22 14:05:57.264,0.97021,0.97033,6.94,2.25
2013.05.22 14:05:57.601,0.97015,0.97027,1.50,3.00
2013.05.22 14:05:57.672,0.97009,0.97027,1.69,3.00
2013.05.22 14:05:57.811,0.97018,0.97026,1.50,1.50
2013.05.22 14:05:57.941,0.97013,0.97026,1.50,1.50
2013.05.22 14:05:58.261,0.9701,0.97025,3.00,1.69
2013.05.22 14:05:58.332,0.97008,0.97025,2.40,2.44
2013.05.22 14:05:58.530,0.97017,0.97024,2.25,1.13
2013.05.22 14:05:58.599,0.97012,0.97024,2.25,1.88
2013.05.22 14:05:58.670,0.97014,0.97023,2.25,1.50
2013.05.22 14:05:58.800,0.97009,0.97022,4.09,1.13
2013.05.22 14:05:58.869,0.97011,0.97024,2.25,1.50
2013.05.22 14:05:58.944,0.97012,0.97022,1.50,2.40
2013.05.22 14:05:59.014,0.97008,0.97019,1.50,1.50
2013.05.22 14:05:59.159,0.97002,0.97014,2.44,1.37
2013.05.22 14:05:59.391,0.96993,0.97009,4.41,1.50
2013.05.22 14:05:59.535,0.96995,0.97009,1.20,1.69
2013.05.22 14:06:00.069,0.96995,0.9701,1.20,1.69
2013.05.22 14:06:00.209,0.96993,0.97009,2.25,2.82
2013.05.22 14:06:00.410,0.96993,0.97009,2.25,2.44
2013.05.22 14:06:01.513,0.96981,0.96997,2.25,2.82
2013.05.22 14:06:02.054,0.96981,0.96997,3.00,1.69
2013.05.22 14:06:03.834,0.96983,0.96998,3.00,1.69
2013.05.22 14:06:04.151,0.96988,0.97001,1.50,1.69
2013.05.22 14:06:04.220,0.96987,0.97003,3.00,3.75
2013.05.22 14:06:04.290,0.96987,0.97003,1.50,1.50
2013.05.22 14:06:04.634,0.96993,0.97008,2.25,2.44
2013.05.22 14:06:04.960,0.96995,0.97008,1.65,1.50
2013.05.22 14:06:05.211,0.96995,0.97008,1.50,1.50
2013.05.22 14:06:05.593,0.96995,0.97009,1.50,1.50
2013.05.22 14:06:05.666,0.97003,0.97012,2.25,3.94
2013.05.22 14:06:05.735,0.97003,0.97012,2.25,2.25
2013.05.22 14:06:05.874,0.97,0.97014,3.19,1.50
2013.05.22 14:06:06.279,0.97002,0.97018,1.50,2.07
2013.05.22 14:06:06.474,0.97004,0.97018,2.25,2.07
2013.05.22 14:06:07.459,0.97018,0.97025,2.25,2.25
2013.05.22 14:06:07.621,0.97008,0.9702,1.50,3.19
2013.05.22 14:06:07.761,0.97005,0.97021,1.50,2.97
2013.05.22 14:06:07.975,0.97008,0.97022,1.50,1.50
2013.05.22 14:06:08.045,0.97006,0.97022,2.25,2.25
2013.05.22 14:06:08.176,0.97006,0.97022,3.00,1.50
2013.05.22 14:06:08.401,0.97006,0.97022,2.25,1.88
2013.05.22 14:06:09.025,0.97004,0.97021,2.44,1.88
2013.05.22 14:06:09.113,0.97003,0.97021,1.69,3.57
2013.05.22 14:06:09.415,0.97002,0.9701,1.50,1.50
2013.05.22 14:06:09.772,0.96991,0.97004,2.25,1.88
2013.05.22 14:06:09.906,0.96987,0.97004,3.19,1.88
2013.05.22 14:06:10.049,0.96987,0.97003,2.25,1.88
2013.05.22 14:06:10.127,0.96987,0.97004,1.50,3.38
2013.05.22 14:06:10.273,0.96991,0.97005,2.25,3.19
2013.05.22 14:06:10.343,0.96991,0.97005,2.25,1.69
2013.05.22 14:06:10.552,0.96991,0.97008,2.25,2.25
2013.05.22 14:06:10.689,0.96993,0.97007,2.25,1.50
2013.05.22 14:06:11.046,0.96988,0.97002,3.00,1.50
2013.05.22 14:06:11.191,0.96985,0.96999,2.44,2.25
2013.05.22 14:06:11.260,0.96985,0.96998,1.50,2.25
2013.05.22 14:06:11.390,0.96982,0.96996,1.13,2.63
2013.05.22 14:06:11.463,0.96978,0.96995,2.25,3.00
2013.05.22 14:06:11.590,0.96978,0.96993,1.50,1.88
2013.05.22 14:06:11.943,0.96992,0.96998,3.00,1.50
2013.05.22 14:06:12.083,0.96992,0.97006,3.00,5.25
2013.05.22 14:06:12.211,0.96992,0.97006,3.00,4.69
2013.05.22 14:06:12.351,0.96998,0.97006,2.25,3.00
2013.05.22 14:06:13.110,0.97003,0.97007,1.50,1.13
2013.05.22 14:06:13.198,0.97001,0.97018,2.25,3.00
2013.05.22 14:06:13.342,0.97001,0.97018,2.25,3.00
2013.05.22 14:06:13.411,0.97,0.97014,1.65,1.13
2013.05.22 14:06:13.721,0.97001,0.97015,1.50,2.33
2013.05.22 14:06:14.752,0.97014,0.97023,3.39,1.69
2013.05.22 14:06:14.854,0.97013,0.97022,2.33,1.50
2013.05.22 14:06:14.931,0.97013,0.97025,1.50,2.25
2013.05.22 14:06:15.005,0.97015,0.97028,1.50,3.19
2013.05.22 14:06:15.272,0.97015,0.9703,3.00,2.07
2013.05.22 14:06:15.411,0.97015,0.97031,3.00,3.41
2013.05.22 14:06:15.600,0.97014,0.97028,1.50,2.25
2013.05.22 14:06:15.810,0.97015,0.97032,2.25,2.44
2013.05.22 14:06:15.885,0.97015,0.97033,3.94,1.50
2013.05.22 14:06:16.025,0.97018,0.97034,1.69,2.25
2013.05.22 14:06:16.377,0.97029,0.97044,3.00,1.69
2013.05.22 14:06:16.450,0.97029,0.97046,3.00,1.88
2013.05.22 14:06:17.519,0.97029,0.97047,4.50,2.25
2013.05.22 14:06:17.615,0.97043,0.97049,1.50,2.29
2013.05.22 14:06:17.850,0.97048,0.97056,3.66,1.50
2013.05.22 14:06:17.996,0.97048,0.97061,2.33,1.05
2013.05.22 14:06:18.137,0.97051,0.97061,1.50,1.13
2013.05.22 14:06:18.471,0.9705,0.97064,2.25,1.50
2013.05.22 14:06:18.681,0.97052,0.97066,2.25,2.63
2013.05.22 14:06:19.554,0.97052,0.97066,3.00,1.13
2013.05.22 14:06:19.766,0.97059,0.97073,2.25,2.07
2013.05.22 14:06:19.845,0.97065,0.97074,1.50,1.32
2013.05.22 14:06:19.917,0.97066,0.97074,2.89,1.50
2013.05.22 14:06:20.190,0.97073,0.97087,3.00,1.81
2013.05.22 14:06:20.262,0.97075,0.97088,1.50,1.62
2013.05.22 14:06:20.399,0.97072,0.97088,1.50,2.37
2013.05.22 14:06:20.476,0.97074,0.97088,1.50,2.37
2013.05.22 14:06:20.540,0.97074,0.97088,3.00,2.63
2013.05.22 14:06:20.610,0.97081,0.97088,1.50,1.13
2013.05.22 14:06:20.953,0.97081,0.97092,1.50,1.50
2013.05.22 14:06:21.246,0.97081,0.97093,1.50,1.50
2013.05.22 14:06:21.400,0.97077,0.97091,1.69,1.88
2013.05.22 14:06:21.542,0.97077,0.97089,1.50,1.50
2013.05.22 14:06:21.614,0.97077,0.97089,1.50,1.50
2013.05.22 14:06:21.813,0.97077,0.97089,1.50,2.10
2013.05.22 14:06:21.885,0.97077,0.97089,1.50,1.88
2013.05.22 14:06:22.161,0.97078,0.97091,1.50,2.10
2013.05.22 14:06:22.301,0.97082,0.97093,2.28,1.50
2013.05.22 14:06:22.373,0.97087,0.97094,1.04,1.50
2013.05.22 14:06:22.726,0.97094,0.97106,1.50,1.88
2013.05.22 14:06:22.864,0.97097,0.97109,1.50,2.78
2013.05.22 14:06:23.007,0.97098,0.97109,1.50,3.38
2013.05.22 14:06:23.285,0.97097,0.97109,1.50,2.25
2013.05.22 14:06:23.352,0.97103,0.97109,2.25,2.25
2013.05.22 14:06:23.697,0.971,0.9711,1.84,1.13
2013.05.22 14:06:24.040,0.97102,0.97112,1.69,1.50
2013.05.22 14:06:24.608,0.97105,0.97117,1.50,1.13
2013.05.22 14:06:25.225,0.971,0.97114,1.69,1.13
2013.05.22 14:06:25.433,0.97101,0.97114,1.50,1.13
2013.05.22 14:06:25.646,0.97105,0.97115,1.50,1.50
2013.05.22 14:06:25.858,0.97103,0.97117,2.46,1.13
2013.05.22 14:06:26.134,0.97103,0.97119,1.71,1.32
2013.05.22 14:06:26.493,0.97104,0.97118,1.50,1.50
2013.05.22 14:06:26.983,0.97103,0.9711,1.50,2.25
2013.05.22 14:06:27.062,0.971,0.97108,1.73,1.50
2013.05.22 14:06:27.137,0.97096,0.97108,2.72,3.00
2013.05.22 14:06:27.217,0.97093,0.97099,1.79,1.50
2013.05.22 14:06:27.434,0.97091,0.97098,1.50,1.50
2013.05.22 14:06:27.577,0.97087,0.97098,3.23,3.78
2013.05.22 14:06:27.644,0.97087,0.97098,1.73,4.15
2013.05.22 14:06:27.712,0.97089,0.97098,1.43,1.50
2013.05.22 14:06:28.063,0.97086,0.97094,1.28,1.13
2013.05.22 14:06:28.497,0.97085,0.97099,3.21,1.50
2013.05.22 14:06:29.008,0.97084,0.97098,1.71,2.28
2013.05.22 14:06:29.088,0.97082,0.97092,1.71,1.50
2013.05.22 14:06:29.163,0.97082,0.97092,1.50,2.25
2013.05.22 14:06:29.231,0.9708,0.97092,1.50,1.50
2013.05.22 14:06:29.302,0.97077,0.97085,1.50,2.25
2013.05.22 14:06:29.446,0.97077,0.97087,2.25,3.75
2013.05.22 14:06:29.526,0.97077,0.97082,1.50,1.50
2013.05.22 14:06:30.341,0.97071,0.9708,1.28,9.87
2013.05.22 14:06:30.436,0.97062,0.97068,1.50,2.45
2013.05.22 14:06:30.640,0.97055,0.97066,1.50,1.50
2013.05.22 14:06:30.712,0.97056,0.97065,2.18,1.50
2013.05.22 14:06:31.119,0.97054,0.97066,1.88,1.50
2013.05.22 14:06:31.677,0.97053,0.97064,2.33,2.25
2013.05.22 14:06:31.799,0.97052,0.97065,2.63,1.69
2013.05.22 14:06:31.870,0.97052,0.97063,2.63,2.25
2013.05.22 14:06:31.940,0.97057,0.97063,1.95,2.44
2013.05.22 14:06:32.010,0.97052,0.9706,2.70,2.25
2013.05.22 14:06:32.351,0.97049,0.97055,1.50,3.00
2013.05.22 14:06:32.890,0.9705,0.97054,1.95,2.25
2013.05.22 14:06:33.296,0.97047,0.97057,2.63,4.88
2013.05.22 14:06:33.367,0.97046,0.97052,2.63,1.69
2013.05.22 14:06:33.504,0.97043,0.97052,4.50,2.44
2013.05.22 14:06:33.585,0.97043,0.9705,4.50,1.69
2013.05.22 14:06:33.655,0.97035,0.97048,5.40,1.50
2013.05.22 14:06:34.056,0.97041,0.97048,2.55,1.69
2013.05.22 14:06:34.124,0.97036,0.97048,1.65,2.44
2013.05.22 14:06:34.195,0.97036,0.97048,1.65,1.69
2013.05.22 14:06:34.321,0.97043,0.97051,2.25,3.38
2013.05.22 14:06:34.397,0.97044,0.97051,2.25,2.63
2013.05.22 14:06:34.474,0.97044,0.97051,2.10,2.25
2013.05.22 14:06:34.817,0.97049,0.97056,2.10,1.69
2013.05.22 14:06:34.881,0.9705,0.97057,2.10,1.50
2013.05.22 14:06:35.484,0.9705,0.97058,2.10,1.69
2013.05.22 14:06:35.569,0.97049,0.97059,3.23,1.50
2013.05.22 14:06:36.489,0.9705,0.97061,1.50,1.50
2013.05.22 14:06:36.605,0.97055,0.97063,1.50,2.40
2013.05.22 14:06:36.726,0.97046,0.97056,1.50,2.25
2013.05.22 14:06:36.801,0.97045,0.97056,4.99,1.50
2013.05.22 14:06:36.870,0.97045,0.9706,4.99,2.44
2013.05.22 14:06:37.011,0.97045,0.97063,5.35,1.69
2013.05.22 14:06:37.085,0.97048,0.9706,1.71,1.14
2013.05.22 14:06:37.563,0.97048,0.97063,1.71,1.13
2013.05.22 14:06:37.831,0.97048,0.97064,1.71,1.69
2013.05.22 14:06:38.370,0.97048,0.97064,1.71,1.50
2013.05.22 14:06:38.585,0.97048,0.97061,1.50,2.64
2013.05.22 14:06:38.924,0.97044,0.97054,1.50,1.13
2013.05.22 14:06:38.991,0.97044,0.97057,1.50,1.69
2013.05.22 14:06:39.124,0.97044,0.97058,1.71,1.50
2013.05.22 14:06:39.266,0.97044,0.97057,1.50,2.25
2013.05.22 14:06:39.548,0.97041,0.97058,2.46,2.25
2013.05.22 14:06:40.126,0.97043,0.9706,1.71,3.15
2013.05.22 14:06:40.689,0.97044,0.97059,3.96,1.69
2013.05.22 14:06:41.044,0.97048,0.97064,1.50,3.75
2013.05.22 14:06:41.116,0.97055,0.97065,2.25,2.07
2013.05.22 14:06:42.036,0.97055,0.97071,1.50,1.50
2013.05.22 14:06:42.257,0.97057,0.97072,1.50,1.50
2013.05.22 14:06:42.610,0.97058,0.97073,2.44,1.50
2013.05.22 14:06:43.131,0.97056,0.97071,3.15,2.25
2013.05.22 14:06:43.855,0.97055,0.97071,1.65,1.50
2013.05.22 14:06:44.403,0.97055,0.9707,2.65,1.50
2013.05.22 14:06:44.476,0.97055,0.9707,2.65,1.50
2013.05.22 14:06:44.825,0.97064,0.97071,1.50,1.50
2013.05.22 14:06:44.892,0.97061,0.97072,1.71,1.88
2013.05.22 14:06:45.020,0.97062,0.97074,1.90,3.00
2013.05.22 14:06:45.354,0.97062,0.97075,2.44,1.80
2013.05.22 14:06:45.494,0.97062,0.97075,1.69,4.05
2013.05.22 14:06:45.690,0.97062,0.97075,2.44,1.05
2013.05.22 14:06:45.763,0.97062,0.97072,2.44,1.20
2013.05.22 14:06:46.043,0.9706,0.9707,1.69,1.65
2013.05.22 14:06:46.188,0.9706,0.97075,1.69,1.65
2013.05.22 14:06:46.712,0.97061,0.97076,1.50,1.65
2013.05.22 14:06:47.039,0.97061,0.97076,3.21,1.43
2013.05.22 14:06:47.883,0.97061,0.97076,1.71,2.25
2013.05.22 14:06:48.230,0.97062,0.97076,1.71,2.93
2013.05.22 14:06:48.927,0.97055,0.97066,2.65,1.43
2013.05.22 14:06:49.367,0.97057,0.97066,2.46,1.80
2013.05.22 14:06:49.446,0.97059,0.97075,2.46,2.85
2013.05.22 14:06:49.513,0.97062,0.97075,2.25,2.10
2013.05.22 14:06:49.859,0.97062,0.97072,1.86,1.50
2013.05.22 14:06:50.020,0.97061,0.97074,2.25,1.50
2013.05.22 14:06:50.176,0.97059,0.97072,2.25,1.50
2013.05.22 14:06:50.389,0.97055,0.97069,1.69,1.50
2013.05.22 14:06:50.865,0.97054,0.97063,2.65,1.95
2013.05.22 14:06:50.991,0.97054,0.97064,2.65,1.88
2013.05.22 14:06:51.251,0.97054,0.97065,2.65,1.50
2013.05.22 14:06:51.321,0.97055,0.97069,1.15,1.50
2013.05.22 14:06:51.462,0.97055,0.9707,1.15,1.50
2013.05.22 14:06:52.019,0.97056,0.97069,1.09,1.58
2013.05.22 14:06:52.169,0.97056,0.97069,2.05,1.58
2013.05.22 14:06:52.247,0.97056,0.97071,2.05,1.50
2013.05.22 14:06:52.385,0.97056,0.97071,2.80,1.50
2013.05.22 14:06:52.580,0.97057,0.97071,1.15,1.50
2013.05.22 14:06:52.774,0.97059,0.97072,1.50,1.50
2013.05.22 14:06:53.124,0.97066,0.97073,1.50,1.28
2013.05.22 14:06:54.089,0.97072,0.9708,1.69,1.97
2013.05.22 14:06:54.402,0.97068,0.97079,1.69,1.50
2013.05.22 14:06:54.741,0.97079,0.97085,1.50,2.70
2013.05.22 14:06:54.882,0.97078,0.97085,1.88,2.70
2013.05.22 14:06:55.340,0.97075,0.97082,2.25,2.03
2013.05.22 14:06:55.473,0.97072,0.97081,1.52,1.20
2013.05.22 14:06:55.805,0.97073,0.97086,3.15,2.10
2013.05.22 14:06:56.151,0.97076,0.97086,1.69,1.35
2013.05.22 14:06:56.350,0.9708,0.97094,1.86,1.65
2013.05.22 14:06:56.837,0.97079,0.97088,2.25,1.65
2013.05.22 14:06:56.922,0.97076,0.97088,1.90,1.65
2013.05.22 14:06:57.007,0.97076,0.97088,1.15,1.65
2013.05.22 14:06:57.329,0.97084,0.97095,1.71,1.13
2013.05.22 14:06:57.400,0.97084,0.97095,1.90,1.13
2013.05.22 14:06:57.904,0.97085,0.97094,1.15,3.08
2013.05.22 14:06:57.979,0.97085,0.97093,1.09,1.20
2013.05.22 14:06:58.121,0.9708,0.97093,3.19,2.03
2013.05.22 14:06:58.321,0.9708,0.97094,1.69,1.58
2013.05.22 14:06:58.534,0.97081,0.97089,1.90,1.13
2013.05.22 14:06:58.744,0.9708,0.97088,1.90,1.13
2013.05.22 14:06:59.309,0.9708,0.97088,1.15,1.13
2013.05.22 14:07:02.412,0.9706,0.9707,4.15,2.10
2013.05.22 14:07:03.515,0.97064,0.97073,1.71,1.73
2013.05.22 14:07:03.795,0.97055,0.97069,1.50,2.25
2013.05.22 14:07:03.876,0.97054,0.97067,1.13,2.25
2013.05.22 14:07:04.223,0.97059,0.97071,1.90,1.50
2013.05.22 14:07:04.291,0.97065,0.97072,1.50,1.88
2013.05.22 14:07:04.359,0.97065,0.97076,1.50,3.00
2013.05.22 14:07:04.438,0.97065,0.97079,1.50,1.50
2013.05.22 14:07:04.600,0.97072,0.97082,3.75,2.44
2013.05.22 14:07:04.674,0.97077,0.97084,2.99,2.25
2013.05.22 14:07:04.742,0.97079,0.97087,2.25,1.50
2013.05.22 14:07:04.810,0.9708,0.97092,2.40,2.25
2013.05.22 14:07:05.059,0.97083,0.97094,1.50,2.25
2013.05.22 14:07:05.324,0.97082,0.97099,1.50,1.69
2013.05.22 14:07:05.390,0.97084,0.97099,2.25,1.69
2013.05.22 14:07:05.615,0.97086,0.97103,1.50,1.69
2013.05.22 14:07:05.896,0.97085,0.97101,1.65,1.13
2013.05.22 14:07:05.978,0.97084,0.97101,2.05,1.13
2013.05.22 14:07:06.057,0.97085,0.97101,1.65,1.88
2013.05.22 14:07:06.203,0.97085,0.97101,1.86,1.13
2013.05.22 14:07:06.544,0.97081,0.97094,1.69,2.25
2013.05.22 14:07:06.611,0.9708,0.97096,3.96,1.13
2013.05.22 14:07:06.800,0.97079,0.97091,1.50,2.25
2013.05.22 14:07:07.143,0.97074,0.97088,1.71,1.50
2013.05.22 14:07:07.208,0.97073,0.97088,1.50,2.82
2013.05.22 14:07:07.511,0.97068,0.97075,1.69,3.75
2013.05.22 14:07:07.582,0.97066,0.97075,1.50,2.25
2013.05.22 14:07:07.708,0.97064,0.97077,1.80,1.50
2013.05.22 14:07:08.371,0.9707,0.97078,1.71,1.50
2013.05.22 14:07:09.121,0.97066,0.97078,1.15,4.50
2013.05.22 14:07:09.451,0.97064,0.97069,1.80,1.50
2013.05.22 14:07:09.521,0.97058,0.97067,2.55,1.13
2013.05.22 14:07:09.590,0.9706,0.97067,1.97,3.00
2013.05.22 14:07:09.721,0.97055,0.97064,2.63,1.50
2013.05.22 14:07:09.864,0.97055,0.97063,2.63,1.50
2013.05.22 14:07:09.932,0.97059,0.97063,1.50,1.50
2013.05.22 14:07:10.206,0.97059,0.97069,2.25,1.50
2013.05.22 14:07:10.329,0.97057,0.97069,1.50,1.50
2013.05.22 14:07:10.850,0.97055,0.97069,1.50,1.50
2013.05.22 14:07:10.921,0.97055,0.97069,1.50,1.50
2013.05.22 14:07:11.253,0.97059,0.97072,1.50,1.50
2013.05.22 14:07:11.460,0.9706,0.97074,1.50,3.00
2013.05.22 14:07:11.593,0.97059,0.97076,2.46,3.38
2013.05.22 14:07:12.020,0.97062,0.97076,1.50,1.50
2013.05.22 14:07:12.370,0.97067,0.97079,1.50,1.50
2013.05.22 14:07:12.988,0.97068,0.97079,1.50,1.50
2013.05.22 14:07:13.254,0.97066,0.97078,1.71,1.50
2013.05.22 14:07:13.543,0.97067,0.97079,1.50,1.50
2013.05.22 14:07:14.039,0.97068,0.97079,1.50,1.50
2013.05.22 14:07:14.559,0.97067,0.9708,2.25,1.50
2013.05.22 14:07:15.477,0.97067,0.9708,2.25,1.50
2013.05.22 14:07:15.575,0.97063,0.97079,1.50,1.69
2013.05.22 14:07:15.840,0.97066,0.97079,3.00,1.50
2013.05.22 14:07:16.211,0.97065,0.9708,2.46,1.50
2013.05.22 14:07:16.461,0.97068,0.97083,1.50,2.44
2013.05.22 14:07:16.721,0.97068,0.97083,1.50,1.69
2013.05.22 14:07:16.918,0.97067,0.97083,1.50,1.69
2013.05.22 14:07:17.468,0.97068,0.97083,1.50,1.69
2013.05.22 14:07:17.859,0.97068,0.97083,1.50,1.69
2013.05.22 14:07:18.214,0.97072,0.97085,3.00,2.25
2013.05.22 14:07:18.352,0.97072,0.97086,3.00,1.50
2013.05.22 14:07:18.480,0.97077,0.97086,2.25,1.50
2013.05.22 14:07:18.823,0.97081,0.97093,2.25,1.50
2013.05.22 14:07:18.960,0.97081,0.97095,2.25,2.07
2013.05.22 14:07:19.661,0.97079,0.97094,1.50,1.32
2013.05.22 14:07:19.730,0.9708,0.97094,2.25,1.32
2013.05.22 14:07:20.231,0.9708,0.97093,2.25,1.50
2013.05.22 14:07:20.502,0.97076,0.97094,2.59,1.69
2013.05.22 14:07:20.573,0.97076,0.97091,2.44,1.50
2013.05.22 14:07:20.889,0.97076,0.97089,2.25,2.83
2013.05.22 14:07:21.771,0.97076,0.97086,2.25,1.50
2013.05.22 14:07:22.073,0.97074,0.97087,1.50,1.52
2013.05.22 14:07:23.111,0.97075,0.9709,2.25,3.79
2013.05.22 14:07:24.239,0.97075,0.97089,2.25,1.95
2013.05.22 14:07:24.373,0.97084,0.97089,1.50,1.13
2013.05.22 14:07:24.447,0.97085,0.97092,2.25,1.69
2013.05.22 14:07:24.590,0.97083,0.97098,1.50,4.13
2013.05.22 14:07:24.666,0.97086,0.971,1.50,3.19
2013.05.22 14:07:24.740,0.97087,0.97102,1.50,1.69
2013.05.22 14:07:24.813,0.97088,0.97102,3.00,1.69
2013.05.22 14:07:25.371,0.97088,0.97102,3.00,2.82
2013.05.22 14:07:25.898,0.9709,0.97104,1.50,2.07
2013.05.22 14:07:26.449,0.9709,0.97104,1.50,2.07
2013.05.22 14:07:26.959,0.97088,0.97105,3.00,1.69
2013.05.22 14:07:27.532,0.97088,0.971,2.25,1.09
2013.05.22 14:07:27.736,0.97086,0.971,2.25,2.28
2013.05.22 14:07:28.372,0.97084,0.97098,1.71,5.10
2013.05.22 14:07:28.910,0.97083,0.97097,2.46,1.69
2013.05.22 14:07:30.454,0.97082,0.97097,2.25,1.69
2013.05.22 14:07:30.525,0.97084,0.97097,2.25,1.69
2013.05.22 14:07:30.826,0.97084,0.97099,3.21,2.29
2013.05.22 14:07:31.558,0.97086,0.97099,1.50,2.59
2013.05.22 14:07:31.826,0.97089,0.97103,3.00,2.63
2013.05.22 14:07:32.395,0.97089,0.97104,2.25,1.58
2013.05.22 14:07:32.534,0.97086,0.97102,1.71,3.19
2013.05.22 14:07:32.601,0.97087,0.97102,2.25,3.19
2013.05.22 14:07:32.849,0.97086,0.97101,1.50,1.50
2013.05.22 14:07:33.279,0.97084,0.971,1.71,1.58
2013.05.22 14:07:33.410,0.97085,0.97099,1.71,1.50
2013.05.22 14:07:33.480,0.97085,0.97099,1.71,1.69
2013.05.22 14:07:33.550,0.97084,0.97098,1.71,1.50
2013.05.22 14:07:33.918,0.97086,0.97098,1.71,1.69
2013.05.22 14:07:34.053,0.97086,0.97102,2.46,1.69
2013.05.22 14:07:34.130,0.97086,0.97103,2.46,3.04
2013.05.22 14:07:34.391,0.97087,0.97103,1.71,2.82
2013.05.22 14:07:34.461,0.97092,0.97103,1.50,2.07
2013.05.22 14:07:35.054,0.97097,0.97106,3.00,3.39
2013.05.22 14:07:35.146,0.97105,0.97119,1.50,2.25
2013.05.22 14:07:35.639,0.97102,0.9712,1.69,2.85
2013.05.22 14:07:35.709,0.97101,0.97118,3.19,1.14
2013.05.22 14:07:36.035,0.971,0.97117,1.69,1.50
2013.05.22 14:07:36.438,0.97099,0.97115,1.50,3.02
2013.05.22 14:07:36.570,0.97096,0.97114,2.46,1.69
2013.05.22 14:07:36.778,0.97098,0.97114,1.50,2.82
2013.05.22 14:07:36.922,0.97099,0.97114,2.25,1.88
2013.05.22 14:07:37.207,0.97099,0.97114,2.25,1.88
2013.05.22 14:07:37.673,0.97098,0.9711,1.50,1.20
2013.05.22 14:07:37.813,0.97094,0.9711,1.71,3.42
2013.05.22 14:07:37.881,0.97096,0.97108,1.50,1.59
2013.05.22 14:07:38.011,0.97098,0.9711,1.50,1.50
2013.05.22 14:07:38.510,0.971,0.97113,2.25,1.69
2013.05.22 14:07:38.641,0.971,0.97113,3.00,1.50
2013.05.22 14:07:38.713,0.97101,0.97115,1.50,2.25
2013.05.22 14:07:39.089,0.97102,0.97117,2.25,2.07
2013.05.22 14:07:39.161,0.97101,0.97117,1.50,2.82
2013.05.22 14:07:39.410,0.97102,0.97117,2.25,1.84
2013.05.22 14:07:39.539,0.971,0.97117,3.00,2.97
2013.05.22 14:07:40.088,0.97101,0.97117,3.00,2.44
2013.05.22 14:07:40.523,0.971,0.97115,3.21,1.53
2013.05.22 14:07:40.831,0.97096,0.97109,1.50,1.13
2013.05.22 14:07:41.199,0.97099,0.97111,2.25,3.19
2013.05.22 14:07:41.340,0.97099,0.97111,1.71,2.25
2013.05.22 14:07:41.410,0.97099,0.97111,1.71,1.50
2013.05.22 14:07:41.540,0.971,0.97115,1.50,2.25
2013.05.22 14:07:42.163,0.97101,0.97115,1.50,2.25
2013.05.22 14:07:42.255,0.971,0.97114,2.25,1.32
2013.05.22 14:07:42.568,0.97101,0.97114,2.25,2.82
2013.05.22 14:07:42.642,0.97097,0.97113,2.46,1.32
2013.05.22 14:07:42.713,0.97096,0.97111,1.71,1.50
2013.05.22 14:07:43.028,0.97098,0.97112,3.21,1.13
2013.05.22 14:07:43.571,0.97097,0.9711,1.71,2.25
2013.05.22 14:07:43.763,0.97097,0.97112,1.71,1.13
2013.05.22 14:07:44.093,0.97096,0.9711,1.71,2.25
2013.05.22 14:07:44.525,0.97094,0.9711,2.46,3.00
2013.05.22 14:07:44.941,0.97092,0.97107,1.11,1.52
2013.05.22 14:07:45.131,0.97091,0.97106,2.25,1.33
2013.05.22 14:07:45.270,0.97088,0.97102,1.69,3.75
2013.05.22 14:07:45.411,0.97086,0.971,2.25,2.40
2013.05.22 14:07:45.613,0.97087,0.97099,1.50,2.25
2013.05.22 14:07:45.930,0.97087,0.97097,1.50,2.25
2013.05.22 14:07:46.120,0.97085,0.97101,2.48,3.00
2013.05.22 14:07:46.311,0.97084,0.97098,1.50,2.25
2013.05.22 14:07:46.378,0.97084,0.97098,1.50,2.25
2013.05.22 14:07:46.942,0.97084,0.97099,1.50,2.44
2013.05.22 14:07:47.009,0.97081,0.97097,2.40,1.50
2013.05.22 14:07:47.209,0.97081,0.97096,3.00,1.50
2013.05.22 14:07:47.278,0.97079,0.97095,2.25,1.50
2013.05.22 14:07:47.789,0.97079,0.97095,2.25,1.50
2013.05.22 14:07:48.579,0.97078,0.97093,2.25,1.50
2013.05.22 14:07:49.133,0.9708,0.97094,1.50,1.69
2013.05.22 14:07:50.053,0.97077,0.97088,1.50,1.88
2013.05.22 14:07:50.561,0.97076,0.97089,1.50,2.25
2013.05.22 14:07:51.083,0.97074,0.97087,3.00,1.15
2013.05.22 14:07:51.400,0.9707,0.97083,3.75,1.50
2013.05.22 14:07:51.608,0.97069,0.97084,1.50,1.50
2013.05.22 14:07:52.128,0.97068,0.97084,1.50,2.25
2013.05.22 14:07:52.678,0.97068,0.97083,1.50,1.50
2013.05.22 14:07:53.320,0.97067,0.97083,3.00,1.50
2013.05.22 14:07:53.960,0.97067,0.97085,2.44,5.25
2013.05.22 14:07:54.784,0.97069,0.97083,1.13,2.25
2013.05.22 14:07:55.339,0.97066,0.97076,1.50,2.25
2013.05.22 14:07:55.545,0.97065,0.97079,1.50,2.25
2013.05.22 14:07:55.613,0.97065,0.97079,1.50,1.50
2013.05.22 14:07:55.754,0.97065,0.97076,1.50,2.25
2013.05.22 14:07:55.881,0.97063,0.97078,3.00,1.50
2013.05.22 14:07:56.434,0.97063,0.97078,3.75,1.50
2013.05.22 14:07:57.102,0.97063,0.97079,3.00,5.48
2013.05.22 14:07:57.172,0.97063,0.97076,2.25,2.25
2013.05.22 14:07:57.379,0.97063,0.97078,2.25,3.96
2013.05.22 14:07:57.510,0.97063,0.97078,2.25,4.73
2013.05.22 14:07:57.709,0.97063,0.97078,1.50,3.21
2013.05.22 14:07:58.020,0.97069,0.97078,1.50,1.50
2013.05.22 14:07:58.090,0.97069,0.9708,1.50,1.50
2013.05.22 14:07:58.159,0.97069,0.97083,1.98,1.13
2013.05.22 14:07:58.352,0.97073,0.97085,1.50,1.50
2013.05.22 14:07:58.421,0.97074,0.97089,1.50,3.94
2013.05.22 14:07:58.490,0.97075,0.97089,1.50,3.19
2013.05.22 14:07:59.052,0.97075,0.97089,1.88,2.25
2013.05.22 14:07:59.368,0.97075,0.97091,2.63,3.00
2013.05.22 14:07:59.741,0.97075,0.97089,2.07,2.25
2013.05.22 14:07:59.871,0.97075,0.97089,1.88,2.25
2013.05.22 14:08:00.084,0.97075,0.97091,2.63,3.94
2013.05.22 14:08:00.458,0.97073,0.97085,2.63,1.50
2013.05.22 14:08:00.535,0.97073,0.97081,1.88,1.13
2013.05.22 14:08:00.607,0.97073,0.97081,1.13,2.25
2013.05.22 14:08:00.939,0.97065,0.97078,1.71,2.25
2013.05.22 14:08:01.331,0.97068,0.97082,1.71,1.69
2013.05.22 14:08:01.590,0.97068,0.97081,2.46,2.25
2013.05.22 14:08:01.779,0.97068,0.97082,3.59,1.69
2013.05.22 14:08:01.910,0.97068,0.97081,1.34,2.52
2013.05.22 14:08:02.249,0.97062,0.97076,1.71,2.25
2013.05.22 14:08:02.321,0.97062,0.97076,1.71,2.25
2013.05.22 14:08:02.391,0.97062,0.97074,1.34,2.44
2013.05.22 14:08:02.461,0.97061,0.97075,3.21,1.69
2013.05.22 14:08:02.532,0.97061,0.97073,3.00,1.50
2013.05.22 14:08:02.601,0.97061,0.97072,1.50,1.69
2013.05.22 14:08:02.672,0.97058,0.97072,1.50,1.69
2013.05.22 14:08:02.739,0.97057,0.97071,1.13,2.65
2013.05.22 14:08:03.094,0.97054,0.97065,2.25,1.88
2013.05.22 14:08:03.162,0.97055,0.97066,3.00,1.69
2013.05.22 14:08:04.160,0.97053,0.97067,2.25,1.69
2013.05.22 14:08:04.626,0.97051,0.97066,3.75,2.25
2013.05.22 14:08:04.937,0.97047,0.9706,1.50,1.15
2013.05.22 14:08:05.000,0.97047,0.97061,1.50,3.04
2013.05.22 14:08:05.559,0.97047,0.97061,1.50,1.88
2013.05.22 14:08:05.899,0.97052,0.97064,2.46,2.25
2013.05.22 14:08:06.029,0.97054,0.9707,1.71,3.27
2013.05.22 14:08:06.101,0.97055,0.9707,1.50,1.58
2013.05.22 14:08:06.423,0.97058,0.9707,1.50,2.25
2013.05.22 14:08:06.750,0.97053,0.97059,2.25,1.70
2013.05.22 14:08:06.822,0.9705,0.97059,3.00,1.70
2013.05.22 14:08:06.894,0.97046,0.97059,2.25,2.07
2013.05.22 14:08:07.025,0.97043,0.97058,7.88,1.69
2013.05.22 14:08:07.094,0.97046,0.97058,1.50,1.69
2013.05.22 14:08:07.301,0.97048,0.97062,1.65,4.09
2013.05.22 14:08:07.572,0.97048,0.97061,1.50,1.50
2013.05.22 14:08:07.842,0.97047,0.97061,1.50,1.50
2013.05.22 14:08:07.910,0.97047,0.97059,2.25,1.50
2013.05.22 14:08:08.232,0.9706,0.97066,1.50,2.25
2013.05.22 14:08:08.771,0.9706,0.97066,1.50,1.50
2013.05.22 14:08:09.042,0.9706,0.97075,1.50,2.59
2013.05.22 14:08:09.501,0.9706,0.97072,1.50,2.25
2013.05.22 14:08:09.580,0.9706,0.9707,1.50,1.50
2013.05.22 14:08:10.524,0.97054,0.97067,1.71,2.25
2013.05.22 14:08:10.974,0.97052,0.97067,2.25,3.00
2013.05.22 14:08:11.493,0.9705,0.97064,2.07,2.25
2013.05.22 14:08:11.564,0.97049,0.97064,3.19,2.25
2013.05.22 14:08:11.749,0.97049,0.97065,1.69,3.00
2013.05.22 14:08:11.951,0.97049,0.97065,1.50,3.19
2013.05.22 14:08:12.501,0.9705,0.97063,1.50,1.50
2013.05.22 14:08:13.020,0.97049,0.97063,1.69,1.50
2013.05.22 14:08:13.271,0.97047,0.97063,3.19,1.50
2013.05.22 14:08:13.599,0.97048,0.97064,2.82,1.69
2013.05.22 14:08:14.163,0.97047,0.97063,3.94,1.50
2013.05.22 14:08:14.489,0.97047,0.9706,3.19,1.50
2013.05.22 14:08:14.630,0.97046,0.97059,1.69,2.25
2013.05.22 14:08:15.253,0.97045,0.97055,2.44,2.25
2013.05.22 14:08:15.326,0.97045,0.97058,1.50,2.25
2013.05.22 14:08:15.449,0.97045,0.97055,1.50,2.25
2013.05.22 14:08:15.519,0.97041,0.97055,2.25,2.44
2013.05.22 14:08:15.650,0.97039,0.97055,1.13,2.44
2013.05.22 14:08:16.209,0.9704,0.97055,1.50,1.50
2013.05.22 14:08:16.778,0.9704,0.97055,2.46,1.50
2013.05.22 14:08:17.808,0.97039,0.97055,2.09,2.25
2013.05.22 14:08:18.211,0.97038,0.97046,1.69,2.25
2013.05.22 14:08:18.281,0.97038,0.9705,1.69,2.25
2013.05.22 14:08:18.351,0.97034,0.9705,3.94,3.19
2013.05.22 14:08:18.425,0.97034,0.97049,3.19,2.28
2013.05.22 14:08:18.492,0.97034,0.97046,2.44,1.50
2013.05.22 14:08:18.625,0.97032,0.97045,2.25,1.50
2013.05.22 14:08:18.694,0.97032,0.97044,2.25,1.69
2013.05.22 14:08:19.256,0.97032,0.97042,1.50,2.25
2013.05.22 14:08:19.798,0.97032,0.97041,1.50,1.50
2013.05.22 14:08:20.520,0.97027,0.97041,2.25,1.50
2013.05.22 14:08:20.914,0.97025,0.97041,2.97,1.50
2013.05.22 14:08:21.834,0.97033,0.97041,1.50,1.50
2013.05.22 14:08:21.972,0.97033,0.97045,1.50,3.19
2013.05.22 14:08:22.100,0.97033,0.97042,1.50,1.50
2013.05.22 14:08:22.373,0.97026,0.9704,2.25,1.50
2013.05.22 14:08:22.721,0.97024,0.97039,2.07,2.25
2013.05.22 14:08:23.230,0.97022,0.97039,3.02,3.90
2013.05.22 14:08:23.840,0.97023,0.97039,2.46,2.44
2013.05.22 14:08:23.928,0.97021,0.97037,4.32,1.50
2013.05.22 14:08:24.733,0.97024,0.97038,2.25,3.90
2013.05.22 14:08:25.073,0.97019,0.97033,1.32,1.50
2013.05.22 14:08:25.590,0.97018,0.97033,2.25,4.09
2013.05.22 14:08:26.073,0.97015,0.97033,1.90,2.59
2013.05.22 14:08:26.201,0.97015,0.97032,1.69,1.65
2013.05.22 14:08:26.612,0.97014,0.9703,2.44,1.50
2013.05.22 14:08:26.741,0.97011,0.97025,1.50,3.00
2013.05.22 14:08:26.813,0.97011,0.97023,1.50,1.88
2013.05.22 14:08:27.001,0.9701,0.97024,1.50,2.44
2013.05.22 14:08:27.344,0.97008,0.97024,1.50,2.44
2013.05.22 14:08:27.747,0.97008,0.97021,3.19,1.50
2013.05.22 14:08:28.510,0.97008,0.9702,2.25,2.25
2013.05.22 14:08:29.029,0.97009,0.9702,1.50,1.50
2013.05.22 14:08:30.948,0.97017,0.97028,1.60,2.25
2013.05.22 14:08:31.292,0.97019,0.97032,2.44,1.65
2013.05.22 14:08:31.362,0.97019,0.97028,1.69,1.13
2013.05.22 14:08:31.430,0.97018,0.97028,2.44,2.25
2013.05.22 14:08:31.571,0.97016,0.9703,3.75,1.50
2013.05.22 14:08:32.030,0.97015,0.9703,1.69,1.50
2013.05.22 14:08:32.103,0.97017,0.9703,1.65,1.50
2013.05.22 14:08:32.304,0.97017,0.97031,1.65,1.50
2013.05.22 14:08:32.439,0.97017,0.97031,1.84,1.50
2013.05.22 14:08:32.752,0.97019,0.97033,2.25,1.50
2013.05.22 14:08:33.354,0.97017,0.97032,1.02,2.25
2013.05.22 14:08:33.481,0.97016,0.97031,1.69,1.50
2013.05.22 14:08:33.682,0.97017,0.97032,2.25,2.25
2013.05.22 14:08:33.932,0.97019,0.97034,1.90,1.50
2013.05.22 14:08:34.204,0.97019,0.97035,3.40,1.84
2013.05.22 14:08:34.552,0.9702,0.97035,1.02,1.65
2013.05.22 14:08:34.899,0.97026,0.97036,1.69,1.50
2013.05.22 14:08:35.141,0.97026,0.97041,1.69,2.40
2013.05.22 14:08:35.470,0.97026,0.9704,1.69,2.25
2013.05.22 14:08:36.271,0.97026,0.97041,2.44,1.65
2013.05.22 14:08:36.639,0.97025,0.9704,2.44,2.25
2013.05.22 14:08:36.890,0.97023,0.97038,4.15,1.50
2013.05.22 14:08:37.092,0.97022,0.97037,4.71,1.84
2013.05.22 14:08:38.002,0.97019,0.97029,2.25,1.50
2013.05.22 14:08:38.926,0.97019,0.97029,2.25,1.50
2013.05.22 14:08:39.152,0.96997,0.9701,2.07,2.25
2013.05.22 14:08:39.283,0.96998,0.9701,3.75,1.50
2013.05.22 14:08:40.642,0.96996,0.9701,3.57,1.50
2013.05.22 14:08:40.841,0.97,0.9701,2.25,1.50
2013.05.22 14:08:40.980,0.96997,0.9701,3.19,1.50
2013.05.22 14:08:41.881,0.96997,0.9701,2.25,1.50
2013.05.22 14:08:42.131,0.96997,0.97009,2.25,3.00
2013.05.22 14:08:42.499,0.96993,0.97006,2.63,2.25
2013.05.22 14:08:43.069,0.96993,0.97006,2.63,1.50
2013.05.22 14:08:43.620,0.96993,0.97006,2.63,2.25
2013.05.22 14:08:44.062,0.96991,0.97003,1.50,1.50
2013.05.22 14:08:44.401,0.96985,0.96997,1.50,1.50
