2015.08.26 02:00:00.037,0.94112,0.94136,1.65,1.00
2015.08.26 02:00:00.140,0.94112,0.94139,1.15,1.50
2015.08.26 02:00:00.886,0.94113,0.94139,1.15,1.00
2015.08.26 02:00:01.349,0.94117,0.9414,1.00,1.87
2015.08.26 02:00:01.759,0.94117,0.94142,1.00,4.12
2015.08.26 02:00:02.397,0.94119,0.94141,1.00,2.62
2015.08.26 02:00:02.927,0.94119,0.94143,1.00,1.87
2015.08.26 02:00:02.978,0.94119,0.94143,1.00,1.12
2015.08.26 02:00:03.030,0.94119,0.94145,1.00,1.12
2015.08.26 02:00:03.081,0.94119,0.94147,1.12,1.00
2015.08.26 02:00:03.866,0.94119,0.94148,1.50,1.50
2015.08.26 02:00:05.870,0.9412,0.94147,1.87,1.00
2015.08.26 02:00:11.252,0.94117,0.94144,2.25,1.00
2015.08.26 02:00:11.303,0.94117,0.94144,2.25,1.00
2015.08.26 02:00:11.813,0.94117,0.94144,1.12,1.00
2015.08.26 02:00:12.354,0.94116,0.94143,1.37,1.00
2015.08.26 02:00:12.908,0.94115,0.94143,1.12,1.00
2015.08.26 02:00:13.418,0.94114,0.94143,1.50,1.50
2015.08.26 02:00:14.704,0.94115,0.94142,1.00,1.50
2015.08.26 02:00:24.200,0.94114,0.94141,2.25,1.00
2015.08.26 02:00:25.547,0.94117,0.94144,1.00,1.00
2015.08.26 02:00:26.062,0.94116,0.94143,1.50,1.00
2015.08.26 02:00:27.561,0.94119,0.94146,1.00,1.00
2015.08.26 02:00:34.772,0.94118,0.94145,1.50,1.00
2015.08.26 02:00:35.289,0.94119,0.94146,1.00,1.00
2015.08.26 02:00:40.808,0.9412,0.94148,1.50,1.50
2015.08.26 02:00:40.962,0.9412,0.94148,2.25,1.00
2015.08.26 02:00:41.064,0.94123,0.9415,1.37,1.00
2015.08.26 02:00:42.814,0.94124,0.94151,1.12,1.00
2015.08.26 02:00:45.367,0.94123,0.9415,1.50,1.00
2015.08.26 02:00:46.133,0.94124,0.94151,1.12,1.00
2015.08.26 02:00:47.943,0.94123,0.94151,1.00,1.00
2015.08.26 02:00:48.454,0.94123,0.9415,1.12,1.00
2015.08.26 02:00:49.543,0.94121,0.94148,1.12,1.00
2015.08.26 02:00:50.085,0.9412,0.94147,1.12,1.00
2015.08.26 02:00:52.136,0.94119,0.94146,2.25,1.00
2015.08.26 02:00:55.017,0.94119,0.94148,1.50,1.00
2015.08.26 02:00:55.661,0.94119,0.94148,1.00,1.87
2015.08.26 02:00:56.186,0.94118,0.94148,1.12,1.87
2015.08.26 02:00:58.166,0.94121,0.94147,1.82,1.50
2015.08.26 02:00:58.218,0.94122,0.94153,1.85,1.00
2015.08.26 02:00:58.901,0.94126,0.94153,1.00,1.00
2015.08.26 02:00:59.612,0.94127,0.94153,1.00,1.00
2015.08.26 02:01:00.123,0.94128,0.94153,1.00,1.00
2015.08.26 02:01:00.472,0.94128,0.94155,1.00,1.00
2015.08.26 02:01:02.167,0.94128,0.94154,1.12,1.00
2015.08.26 02:01:02.696,0.94129,0.94154,1.00,1.00
2015.08.26 02:01:09.243,0.94129,0.94155,1.00,1.00
2015.08.26 02:01:09.761,0.94127,0.94154,1.87,1.00
2015.08.26 02:01:09.914,0.94125,0.94152,2.25,1.00
2015.08.26 02:01:10.016,0.94124,0.94151,1.87,1.00
2015.08.26 02:01:10.682,0.94123,0.9415,2.25,1.00
2015.08.26 02:01:11.212,0.94123,0.94149,1.00,1.00
2015.08.26 02:01:12.818,0.94124,0.94148,1.00,1.00
2015.08.26 02:01:15.290,0.94124,0.94149,1.00,1.00
2015.08.26 02:01:17.373,0.94124,0.94148,1.00,1.00
2015.08.26 02:01:19.537,0.94125,0.94148,1.00,1.00
2015.08.26 02:01:20.690,0.94124,0.94148,1.00,1.00
2015.08.26 02:01:23.636,0.94124,0.94149,1.00,1.00
2015.08.26 02:01:24.153,0.94125,0.94149,1.00,1.00
2015.08.26 02:01:24.697,0.94126,0.94149,1.00,1.00
2015.08.26 02:01:25.529,0.94127,0.94149,1.00,1.00
2015.08.26 02:01:27.195,0.94127,0.94148,1.00,1.00
2015.08.26 02:01:27.247,0.94124,0.94148,1.00,1.00
2015.08.26 02:01:27.479,0.94122,0.94148,1.12,1.00
2015.08.26 02:01:28.090,0.94124,0.94148,1.00,1.00
2015.08.26 02:01:29.588,0.94123,0.94148,1.00,1.00
2015.08.26 02:01:30.107,0.94124,0.94149,1.00,1.00
2015.08.26 02:01:31.476,0.94123,0.94149,1.00,1.00
2015.08.26 02:01:31.782,0.94124,0.94149,1.95,1.00
2015.08.26 02:01:32.413,0.94129,0.94149,1.07,1.00
2015.08.26 02:01:32.469,0.94129,0.94151,1.10,1.00
2015.08.26 02:01:32.990,0.9413,0.94151,1.00,1.00
2015.08.26 02:01:33.497,0.94131,0.94151,1.00,1.00
2015.08.26 02:01:34.280,0.94132,0.94151,1.00,1.00
2015.08.26 02:01:34.851,0.94132,0.94152,1.00,1.00
2015.08.26 02:01:35.536,0.94132,0.94151,1.00,1.00
2015.08.26 02:01:36.283,0.94132,0.94152,1.00,1.00
2015.08.26 02:01:38.121,0.9413,0.94153,1.00,1.00
2015.08.26 02:01:38.172,0.94126,0.94153,1.87,1.00
2015.08.26 02:01:38.705,0.94125,0.94152,1.12,1.00
2015.08.26 02:01:39.212,0.94125,0.94151,1.12,1.00
2015.08.26 02:01:40.836,0.94126,0.94152,1.00,1.00
2015.08.26 02:01:42.068,0.94126,0.94152,1.50,1.00
2015.08.26 02:01:42.591,0.94126,0.94153,2.25,1.00
2015.08.26 02:01:43.639,0.94126,0.94152,1.12,1.00
2015.08.26 02:01:45.627,0.94127,0.94152,1.00,1.00
2015.08.26 02:01:46.368,0.94128,0.94152,1.00,1.00
2015.08.26 02:01:47.450,0.94125,0.94151,1.00,1.00
2015.08.26 02:01:48.016,0.94126,0.94151,1.00,1.00
2015.08.26 02:01:51.255,0.94126,0.9415,1.00,1.00
2015.08.26 02:01:52.398,0.94126,0.94151,1.00,1.00
2015.08.26 02:01:53.166,0.94125,0.94148,1.00,1.00
2015.08.26 02:01:53.217,0.9412,0.94148,1.50,1.00
2015.08.26 02:01:53.268,0.9412,0.94145,1.00,1.00
2015.08.26 02:01:53.803,0.94119,0.94145,1.00,1.00
2015.08.26 02:01:54.847,0.9412,0.94145,1.00,1.00
2015.08.26 02:01:55.720,0.9412,0.94144,1.00,1.00
2015.08.26 02:01:56.305,0.9412,0.94145,1.00,1.00
2015.08.26 02:01:57.578,0.94118,0.94145,1.50,1.00
2015.08.26 02:01:57.630,0.94118,0.94143,1.00,1.00
2015.08.26 02:01:58.131,0.94117,0.94143,1.12,1.00
2015.08.26 02:01:58.712,0.94118,0.94143,1.00,1.00
2015.08.26 02:01:59.871,0.94116,0.94143,1.87,1.00
2015.08.26 02:02:04.106,0.94119,0.94143,1.00,1.00
2015.08.26 02:02:04.157,0.94119,0.94145,1.00,1.12
2015.08.26 02:02:04.622,0.94121,0.94146,1.00,1.00
2015.08.26 02:02:05.279,0.94123,0.94147,1.00,1.00
2015.08.26 02:02:06.955,0.94124,0.94147,1.00,1.00
2015.08.26 02:02:07.495,0.94124,0.94146,1.00,1.00
2015.08.26 02:02:09.013,0.94124,0.94147,1.00,1.00
2015.08.26 02:02:09.625,0.94123,0.94147,1.00,1.00
2015.08.26 02:02:11.065,0.94124,0.94148,1.00,1.00
2015.08.26 02:02:12.425,0.94124,0.94147,1.00,1.00
2015.08.26 02:02:14.264,0.94124,0.94148,1.00,1.00
2015.08.26 02:02:15.333,0.94123,0.94148,1.00,1.00
2015.08.26 02:02:15.642,0.94123,0.94146,1.00,1.00
2015.08.26 02:02:17.207,0.94123,0.94145,1.00,1.00
2015.08.26 02:02:17.568,0.94123,0.94147,1.00,1.00
2015.08.26 02:02:18.257,0.94122,0.94145,1.00,1.00
2015.08.26 02:02:18.462,0.9412,0.94145,1.00,1.00
2015.08.26 02:02:19.794,0.9412,0.94144,1.00,1.00
2015.08.26 02:02:22.845,0.94118,0.94143,1.00,1.00
2015.08.26 02:02:23.050,0.94116,0.94144,1.00,1.87
2015.08.26 02:02:23.152,0.94116,0.94141,1.12,1.00
2015.08.26 02:02:23.661,0.94115,0.9414,1.00,1.50
2015.08.26 02:02:25.124,0.94115,0.94139,1.00,1.00
2015.08.26 02:02:25.440,0.94113,0.94139,1.12,1.00
2015.08.26 02:02:26.026,0.94114,0.94138,1.00,1.00
2015.08.26 02:02:31.367,0.94113,0.94138,1.00,1.00
2015.08.26 02:02:33.576,0.94114,0.94138,1.00,1.00
2015.08.26 02:02:34.278,0.94113,0.94138,1.00,1.50
2015.08.26 02:02:34.854,0.94111,0.94137,1.87,1.00
2015.08.26 02:02:34.905,0.9411,0.94134,1.00,1.00
2015.08.26 02:02:35.416,0.94109,0.94134,1.00,1.50
2015.08.26 02:02:36.246,0.94108,0.94134,1.00,1.50
2015.08.26 02:02:36.865,0.94108,0.94133,1.00,1.50
2015.08.26 02:02:38.571,0.94105,0.9413,1.00,1.00
2015.08.26 02:02:38.890,0.94102,0.94128,1.12,1.00
2015.08.26 02:02:39.403,0.94101,0.94127,2.25,1.00
2015.08.26 02:02:39.988,0.94101,0.94128,2.25,1.00
2015.08.26 02:02:41.819,0.94102,0.94129,1.87,1.00
2015.08.26 02:02:43.674,0.94101,0.94128,1.50,1.00
2015.08.26 02:02:44.822,0.94101,0.94128,1.87,1.00
2015.08.26 02:02:44.924,0.94103,0.94129,2.80,1.00
2015.08.26 02:02:45.027,0.94103,0.94131,2.80,1.00
2015.08.26 02:02:45.781,0.94103,0.94132,5.05,1.00
2015.08.26 02:02:47.823,0.94103,0.94131,1.50,1.00
2015.08.26 02:02:48.333,0.94104,0.94131,1.00,1.50
2015.08.26 02:02:48.537,0.94104,0.94131,1.75,1.00
2015.08.26 02:02:49.715,0.94104,0.94131,1.12,1.00
2015.08.26 02:02:50.243,0.94103,0.9413,1.12,1.00
2015.08.26 02:02:50.875,0.94103,0.9413,1.37,1.00
2015.08.26 02:02:51.382,0.94105,0.94131,1.50,1.00
2015.08.26 02:02:53.199,0.94106,0.9413,1.00,1.00
2015.08.26 02:02:55.392,0.94102,0.94128,1.12,1.00
2015.08.26 02:02:55.903,0.94101,0.94129,2.25,1.00
2015.08.26 02:02:56.794,0.94101,0.94128,2.25,1.00
2015.08.26 02:02:57.419,0.94101,0.94128,1.87,1.00
2015.08.26 02:02:58.633,0.94101,0.94127,1.12,1.00
2015.08.26 02:02:58.787,0.94102,0.94124,1.00,1.00
2015.08.26 02:02:58.990,0.941,0.94124,1.00,1.00
2015.08.26 02:02:59.499,0.941,0.94123,1.00,1.00
2015.08.26 02:03:00.329,0.94099,0.94124,1.00,1.00
2015.08.26 02:03:00.533,0.94099,0.94122,1.00,1.00
2015.08.26 02:03:00.585,0.94097,0.94122,1.00,1.00
2015.08.26 02:03:02.391,0.94095,0.94121,1.12,1.00
2015.08.26 02:03:02.953,0.94097,0.9412,1.00,1.00
2015.08.26 02:03:03.952,0.94096,0.9412,1.00,1.00
2015.08.26 02:03:04.360,0.94093,0.94119,1.50,1.00
2015.08.26 02:03:04.463,0.94092,0.94119,1.12,1.00
2015.08.26 02:03:04.718,0.9409,0.94115,1.50,1.00
2015.08.26 02:03:05.343,0.9409,0.94115,1.00,1.00
2015.08.26 02:03:05.854,0.94089,0.94115,1.12,1.00
2015.08.26 02:03:07.460,0.9409,0.94113,1.00,1.00
2015.08.26 02:03:07.511,0.94087,0.94113,1.12,1.00
2015.08.26 02:03:08.044,0.94087,0.94114,1.50,1.00
2015.08.26 02:03:08.095,0.94089,0.94116,1.00,1.00
2015.08.26 02:03:08.990,0.94089,0.94115,1.00,1.00
2015.08.26 02:03:10.891,0.9409,0.94115,1.00,1.00
2015.08.26 02:03:12.629,0.94088,0.94115,1.12,1.00
2015.08.26 02:03:13.906,0.94089,0.94115,1.00,1.00
2015.08.26 02:03:16.309,0.94088,0.94115,1.12,1.00
2015.08.26 02:03:17.361,0.94085,0.94114,3.00,1.00
2015.08.26 02:03:17.870,0.94085,0.94115,1.75,1.50
2015.08.26 02:03:18.840,0.94086,0.94111,1.00,1.00
2015.08.26 02:03:20.243,0.94086,0.94113,2.25,1.00
2015.08.26 02:03:20.775,0.94088,0.94113,1.00,1.00
2015.08.26 02:03:24.373,0.94095,0.94113,1.30,1.00
2015.08.26 02:03:24.630,0.941,0.9412,1.00,1.35
2015.08.26 02:03:24.836,0.94092,0.94119,1.12,1.00
2015.08.26 02:03:25.348,0.94091,0.94118,1.50,1.00
2015.08.26 02:03:25.980,0.94091,0.94117,1.50,1.00
2015.08.26 02:03:26.031,0.9409,0.94117,1.00,1.50
2015.08.26 02:03:26.541,0.94089,0.94116,2.25,1.00
2015.08.26 02:03:26.643,0.94091,0.94116,1.00,1.00
2015.08.26 02:03:28.503,0.9409,0.94117,1.50,1.00
2015.08.26 02:03:29.013,0.9409,0.94117,2.25,1.00
2015.08.26 02:03:29.630,0.94091,0.94118,1.50,1.00
2015.08.26 02:03:30.183,0.94091,0.94117,1.50,1.00
2015.08.26 02:03:34.113,0.94091,0.94118,1.50,1.00
2015.08.26 02:03:34.626,0.94092,0.94119,1.50,1.50
2015.08.26 02:03:35.394,0.94093,0.94119,1.75,1.12
2015.08.26 02:04:01.804,0.94094,0.9412,1.75,2.25
2015.08.26 02:04:02.110,0.94096,0.94122,1.75,1.00
2015.08.26 02:04:03.115,0.941,0.94127,1.50,1.50
2015.08.26 02:04:03.777,0.94101,0.94127,1.37,1.00
2015.08.26 02:04:07.571,0.94103,0.94128,1.00,2.25
2015.08.26 02:04:09.144,0.94102,0.94128,2.25,1.12
2015.08.26 02:04:13.302,0.94105,0.94129,1.37,1.00
2015.08.26 02:04:14.727,0.94106,0.9413,1.50,1.00
2015.08.26 02:04:35.269,0.94103,0.94129,1.87,1.00
2015.08.26 02:04:36.304,0.94103,0.94128,1.87,1.00
2015.08.26 02:04:36.355,0.94103,0.94128,1.75,1.12
2015.08.26 02:04:37.099,0.94101,0.94127,1.75,1.00
2015.08.26 02:04:37.643,0.94101,0.94128,2.25,1.12
2015.08.26 02:04:40.374,0.94102,0.94129,1.75,1.75
2015.08.26 02:04:43.092,0.94103,0.9413,1.75,1.50
2015.08.26 02:05:00.525,0.94101,0.94126,1.50,1.75
2015.08.26 02:05:04.006,0.941,0.94126,1.75,3.00
2015.08.26 02:05:05.496,0.941,0.94124,1.12,1.12
2015.08.26 02:05:05.705,0.94095,0.94121,1.75,1.00
2015.08.26 02:05:12.472,0.94097,0.94122,1.50,1.12
2015.08.26 02:05:13.236,0.94099,0.94124,1.00,1.87
2015.08.26 02:05:15.719,0.94094,0.9412,1.75,1.00
2015.08.26 02:05:16.621,0.94091,0.94117,1.12,1.50
2015.08.26 02:05:16.723,0.94091,0.94117,1.37,1.75
2015.08.26 02:05:16.877,0.94091,0.94117,1.37,1.87
2015.08.26 02:05:17.758,0.94089,0.94115,1.75,1.12
2015.08.26 02:05:17.813,0.94089,0.94116,1.75,1.75
2015.08.26 02:05:18.367,0.9409,0.94116,1.75,1.50
2015.08.26 02:05:21.393,0.94084,0.94108,2.25,1.00
2015.08.26 02:05:21.445,0.94082,0.94108,2.43,1.00
2015.08.26 02:05:21.906,0.94081,0.94108,1.75,1.50
2015.08.26 02:05:22.060,0.9408,0.94105,1.75,1.12
2015.08.26 02:05:22.646,0.94077,0.94104,1.75,1.00
2015.08.26 02:05:23.159,0.94077,0.94104,1.75,1.00
2015.08.26 02:05:24.338,0.94077,0.94103,1.75,1.00
2015.08.26 02:05:26.021,0.94079,0.94104,1.12,1.50
2015.08.26 02:05:26.125,0.94081,0.94104,1.75,1.00
2015.08.26 02:05:26.278,0.94081,0.94106,1.75,1.00
2015.08.26 02:05:26.381,0.94084,0.94108,1.50,1.12
2015.08.26 02:05:26.432,0.94084,0.94108,1.50,1.00
2015.08.26 02:05:26.740,0.94084,0.94109,1.75,1.37
2015.08.26 02:05:27.361,0.94081,0.94107,1.75,1.12
2015.08.26 02:05:27.878,0.9408,0.94105,1.75,1.00
2015.08.26 02:05:28.997,0.9408,0.94104,1.75,1.00
2015.08.26 02:05:29.960,0.9408,0.94105,1.75,1.50
2015.08.26 02:05:30.582,0.94084,0.94105,1.00,1.50
2015.08.26 02:05:30.648,0.94084,0.94109,1.75,1.87
2015.08.26 02:05:30.750,0.94084,0.94109,1.75,1.00
2015.08.26 02:05:31.360,0.94087,0.94109,1.75,1.00
2015.08.26 02:05:31.990,0.94084,0.94109,1.75,1.12
2015.08.26 02:05:32.043,0.94084,0.94108,1.75,1.00
2015.08.26 02:05:32.593,0.94084,0.94107,1.75,1.00
2015.08.26 02:05:34.262,0.94084,0.94106,1.75,1.00
2015.08.26 02:05:36.102,0.94084,0.94107,1.75,1.00
2015.08.26 02:05:39.595,0.94084,0.94106,1.75,1.00
2015.08.26 02:05:40.615,0.94082,0.94105,1.75,1.00
2015.08.26 02:05:40.921,0.94082,0.94105,1.50,1.12
2015.08.26 02:05:41.841,0.94079,0.94104,1.87,1.00
2015.08.26 02:05:42.399,0.94079,0.94103,1.75,1.00
2015.08.26 02:05:44.230,0.94079,0.94102,1.75,1.00
2015.08.26 02:05:45.795,0.94079,0.94103,1.75,1.00
2015.08.26 02:05:48.247,0.9408,0.94104,1.75,1.00
2015.08.26 02:05:55.833,0.94081,0.94104,1.75,1.12
2015.08.26 02:05:56.663,0.94081,0.94103,1.75,1.00
2015.08.26 02:05:59.031,0.94081,0.94105,1.75,1.37
2015.08.26 02:06:04.683,0.94081,0.94103,1.75,1.00
2015.08.26 02:06:08.310,0.94081,0.94104,1.75,1.12
2015.08.26 02:06:11.521,0.94083,0.94107,1.37,1.12
2015.08.26 02:06:12.157,0.94084,0.94108,1.75,1.00
2015.08.26 02:06:12.485,0.94087,0.94109,1.75,1.00
2015.08.26 02:06:13.114,0.94087,0.9411,1.75,1.00
2015.08.26 02:06:13.849,0.94088,0.94111,1.75,1.00
2015.08.26 02:06:14.159,0.9409,0.94113,1.12,1.87
2015.08.26 02:06:14.261,0.9409,0.94112,1.37,1.00
2015.08.26 02:06:16.725,0.9409,0.94111,1.75,1.00
2015.08.26 02:06:20.025,0.9409,0.94112,1.75,1.12
2015.08.26 02:06:21.586,0.94091,0.94115,1.50,2.25
2015.08.26 02:06:22.412,0.94094,0.94115,1.37,1.00
2015.08.26 02:06:22.464,0.94094,0.9412,1.75,1.12
2015.08.26 02:06:22.987,0.94093,0.94122,1.75,1.50
2015.08.26 02:06:28.563,0.94093,0.94122,1.75,1.87
2015.08.26 02:06:28.666,0.94093,0.94122,1.75,1.50
2015.08.26 02:06:28.768,0.94096,0.94123,1.75,1.00
2015.08.26 02:06:30.068,0.941,0.94127,1.87,1.37
2015.08.26 02:06:30.120,0.94107,0.94133,1.75,1.50
2015.08.26 02:06:30.171,0.94107,0.94132,1.75,1.00
2015.08.26 02:06:30.714,0.94109,0.94133,1.75,1.00
2015.08.26 02:06:31.510,0.94109,0.94134,1.75,1.00
2015.08.26 02:06:32.043,0.9411,0.94133,1.75,1.00
2015.08.26 02:06:33.312,0.94109,0.94132,1.75,1.00
2015.08.26 02:06:37.230,0.9411,0.94133,1.75,1.00
2015.08.26 02:06:39.796,0.9411,0.94134,1.75,1.00
2015.08.26 02:06:40.717,0.9411,0.94133,1.75,1.00
2015.08.26 02:06:41.222,0.94108,0.94134,1.87,1.00
2015.08.26 02:06:45.421,0.94111,0.94133,1.75,1.00
2015.08.26 02:06:47.058,0.94111,0.94132,1.75,1.00
2015.08.26 02:06:49.325,0.9411,0.94133,1.75,1.00
2015.08.26 02:06:49.875,0.9411,0.94134,1.75,1.00
2015.08.26 02:06:51.381,0.9411,0.94133,1.00,1.00
2015.08.26 02:06:51.484,0.94105,0.94128,1.37,1.37
2015.08.26 02:06:51.691,0.94103,0.94128,1.00,1.60
2015.08.26 02:06:52.617,0.94103,0.94125,1.00,1.00
2015.08.26 02:06:53.137,0.94097,0.94124,1.75,1.00
2015.08.26 02:06:53.403,0.94097,0.94125,1.75,2.25
2015.08.26 02:06:53.967,0.94097,0.94125,1.75,1.00
2015.08.26 02:06:54.022,0.94099,0.94128,1.75,1.50
2015.08.26 02:06:56.180,0.94099,0.94127,1.75,1.50
2015.08.26 02:06:56.232,0.94099,0.94126,1.75,1.50
2015.08.26 02:06:56.392,0.94097,0.94127,2.25,1.87
2015.08.26 02:06:57.033,0.94094,0.9412,1.12,1.00
2015.08.26 02:06:57.084,0.9409,0.9412,1.75,1.12
2015.08.26 02:06:57.390,0.9409,0.9412,1.75,1.75
2015.08.26 02:06:59.569,0.94089,0.94117,1.75,1.00
2015.08.26 02:07:00.726,0.94088,0.94116,1.75,1.00
2015.08.26 02:07:01.032,0.94089,0.94115,1.00,2.25
2015.08.26 02:07:01.926,0.94084,0.9411,1.75,1.00
2015.08.26 02:07:02.514,0.94084,0.94109,1.75,1.00
2015.08.26 02:07:03.434,0.94084,0.94108,1.75,1.00
2015.08.26 02:07:04.169,0.94084,0.94107,1.75,1.00
2015.08.26 02:07:06.053,0.94082,0.94107,2.25,1.00
2015.08.26 02:07:07.260,0.94082,0.94107,1.75,1.00
2015.08.26 02:07:07.919,0.94081,0.94107,1.87,1.00
2015.08.26 02:07:09.337,0.9408,0.94107,2.62,1.72
2015.08.26 02:07:09.645,0.94075,0.94102,2.25,1.37
2015.08.26 02:07:09.747,0.94075,0.94098,1.37,1.37
2015.08.26 02:07:10.402,0.94075,0.94096,1.00,1.00
2015.08.26 02:07:10.454,0.94068,0.94096,1.75,1.00
2015.08.26 02:07:10.962,0.94068,0.94095,1.75,1.00
2015.08.26 02:07:11.064,0.94068,0.94096,2.25,1.00
2015.08.26 02:07:11.166,0.94068,0.94098,2.25,1.50
2015.08.26 02:07:12.492,0.9407,0.94097,1.75,1.00
2015.08.26 02:07:12.550,0.94071,0.94097,1.75,1.00
2015.08.26 02:07:14.317,0.9407,0.94098,2.25,1.00
2015.08.26 02:07:14.829,0.9407,0.94097,2.25,1.00
2015.08.26 02:07:16.422,0.94071,0.94099,1.50,1.87
2015.08.26 02:07:16.933,0.94073,0.94099,1.00,1.50
2015.08.26 02:07:18.371,0.94073,0.94099,1.50,1.00
2015.08.26 02:07:20.670,0.94075,0.94099,1.00,1.00
2015.08.26 02:07:21.467,0.94072,0.94098,1.75,1.00
2015.08.26 02:07:21.982,0.94072,0.94097,1.75,1.00
2015.08.26 02:07:22.237,0.94071,0.94097,1.75,1.00
2015.08.26 02:07:23.062,0.9407,0.94096,1.75,1.00
2015.08.26 02:07:25.615,0.94071,0.94098,1.75,1.50
2015.08.26 02:07:26.220,0.94071,0.94097,1.75,1.00
2015.08.26 02:07:27.535,0.94071,0.94098,1.75,1.50
2015.08.26 02:07:29.026,0.94071,0.94097,1.75,1.00
2015.08.26 02:07:32.922,0.94071,0.94096,1.75,1.00
2015.08.26 02:07:34.114,0.94072,0.94097,1.50,1.00
2015.08.26 02:07:34.739,0.94072,0.94096,1.50,1.00
2015.08.26 02:07:43.584,0.94072,0.941,1.75,1.00
2015.08.26 02:07:43.636,0.94072,0.941,1.75,1.00
2015.08.26 02:07:44.915,0.94076,0.94103,1.12,1.87
2015.08.26 02:07:45.019,0.94076,0.94103,1.37,1.50
2015.08.26 02:07:45.528,0.94076,0.94102,1.75,1.00
2015.08.26 02:07:46.225,0.94076,0.94104,1.75,1.00
2015.08.26 02:07:46.995,0.94077,0.94103,1.50,1.00
2015.08.26 02:07:47.682,0.94077,0.94102,1.50,1.00
2015.08.26 02:07:49.019,0.94078,0.94101,1.12,1.00
2015.08.26 02:07:49.712,0.94078,0.94102,1.12,1.00
2015.08.26 02:07:49.764,0.94078,0.94101,1.75,1.00
2015.08.26 02:07:50.700,0.94078,0.94102,1.75,1.00
2015.08.26 02:07:51.705,0.94078,0.94103,1.75,1.00
2015.08.26 02:07:52.251,0.9408,0.94103,1.75,1.00
2015.08.26 02:07:52.795,0.9408,0.94105,1.75,1.00
2015.08.26 02:07:52.846,0.9408,0.94105,1.75,1.00
2015.08.26 02:07:53.780,0.94084,0.94106,1.50,1.00
2015.08.26 02:07:54.001,0.94084,0.94108,1.50,1.00
2015.08.26 02:07:57.876,0.94085,0.94107,1.12,1.00
2015.08.26 02:08:00.237,0.94085,0.94108,1.12,1.00
2015.08.26 02:08:02.230,0.94085,0.94109,1.12,1.00
2015.08.26 02:08:02.386,0.94085,0.94109,1.37,1.00
2015.08.26 02:08:02.438,0.94085,0.94111,1.50,1.00
2015.08.26 02:08:03.039,0.94087,0.94114,1.37,1.00
2015.08.26 02:08:03.578,0.94087,0.94113,1.50,1.00
2015.08.26 02:08:04.483,0.94086,0.94112,1.75,1.00
2015.08.26 02:08:05.133,0.94086,0.94111,1.75,1.00
2015.08.26 02:08:06.157,0.94086,0.9411,1.75,1.00
2015.08.26 02:08:08.108,0.94086,0.9411,1.75,1.00
2015.08.26 02:08:12.810,0.94085,0.94108,1.75,1.00
2015.08.26 02:08:16.869,0.94085,0.94109,1.75,1.00
2015.08.26 02:08:17.385,0.94085,0.94111,1.75,1.00
2015.08.26 02:08:18.265,0.94084,0.9411,1.75,1.00
2015.08.26 02:08:23.105,0.94084,0.94111,1.75,1.00
2015.08.26 02:08:24.530,0.94084,0.94109,1.75,1.00
2015.08.26 02:08:24.838,0.94087,0.94111,1.50,1.00
2015.08.26 02:08:24.991,0.94087,0.94113,1.75,1.00
2015.08.26 02:08:25.802,0.94088,0.94114,1.75,1.00
2015.08.26 02:08:27.797,0.94088,0.94115,1.75,1.00
2015.08.26 02:08:29.676,0.94088,0.94116,1.75,1.00
2015.08.26 02:08:29.931,0.94089,0.94115,1.75,1.00
2015.08.26 02:08:30.185,0.94089,0.94117,1.75,1.50
2015.08.26 02:08:30.875,0.94092,0.94117,1.37,1.00
2015.08.26 02:08:32.374,0.9409,0.94116,1.75,1.00
2015.08.26 02:08:33.333,0.9409,0.94115,1.75,1.00
2015.08.26 02:08:35.986,0.94091,0.94116,1.75,1.00
2015.08.26 02:08:36.503,0.94091,0.94117,1.75,1.00
2015.08.26 02:08:37.499,0.94091,0.94118,1.75,1.00
2015.08.26 02:08:42.962,0.9409,0.94117,1.75,1.00
2015.08.26 02:08:43.515,0.94089,0.94116,1.75,1.00
2015.08.26 02:08:44.064,0.94089,0.94116,1.75,1.00
2015.08.26 02:08:44.604,0.94088,0.94116,1.75,1.35
2015.08.26 02:08:45.626,0.94088,0.94114,1.75,1.00
2015.08.26 02:08:47.813,0.94088,0.94114,1.75,1.00
2015.08.26 02:08:49.620,0.94089,0.94117,1.50,1.12
2015.08.26 02:08:49.671,0.94089,0.94118,1.87,1.50
2015.08.26 02:08:50.180,0.9409,0.94118,1.75,1.00
2015.08.26 02:08:54.377,0.94091,0.94117,1.75,1.00
2015.08.26 02:09:01.716,0.94091,0.94115,1.75,1.00
2015.08.26 02:09:06.494,0.94091,0.94114,1.75,1.00
2015.08.26 02:09:07.027,0.94091,0.94115,1.75,1.00
2015.08.26 02:09:08.091,0.94091,0.94115,1.75,1.00
2015.08.26 02:09:13.311,0.94091,0.94114,1.37,1.00
2015.08.26 02:09:13.362,0.94086,0.94114,1.75,1.00
2015.08.26 02:09:13.899,0.94086,0.94113,2.25,1.00
2015.08.26 02:09:15.657,0.94086,0.94114,2.25,1.00
2015.08.26 02:09:19.346,0.94086,0.94115,1.75,1.50
2015.08.26 02:09:20.154,0.94086,0.94114,1.75,1.00
2015.08.26 02:09:21.294,0.94086,0.94114,1.75,1.37
2015.08.26 02:09:21.397,0.94085,0.94113,1.75,1.37
2015.08.26 02:09:21.910,0.94083,0.94113,3.00,1.37
2015.08.26 02:09:22.814,0.94083,0.9411,2.25,1.00
2015.08.26 02:09:22.916,0.94083,0.9411,1.75,1.00
2015.08.26 02:09:23.070,0.94081,0.94108,2.25,1.00
2015.08.26 02:09:23.121,0.94081,0.94108,1.75,1.00
2015.08.26 02:09:30.655,0.9408,0.94107,2.25,1.00
2015.08.26 02:09:31.201,0.9408,0.94106,1.75,1.00
2015.08.26 02:09:32.031,0.9408,0.94105,1.75,1.00
2015.08.26 02:09:32.631,0.9408,0.94106,1.75,1.00
2015.08.26 02:09:32.683,0.9408,0.94108,1.75,1.50
2015.08.26 02:09:34.090,0.9408,0.94107,1.75,1.35
2015.08.26 02:09:34.603,0.94079,0.94106,2.25,1.00
2015.08.26 02:09:36.065,0.9408,0.94107,1.75,1.00
2015.08.26 02:09:36.270,0.9408,0.94109,1.75,1.50
2015.08.26 02:09:36.931,0.94081,0.94111,1.75,2.62
2015.08.26 02:09:40.957,0.94085,0.94112,1.75,1.37
2015.08.26 02:09:50.723,0.94086,0.94114,2.25,1.87
2015.08.26 02:09:50.775,0.94086,0.94114,2.25,1.50
2015.08.26 02:09:51.029,0.94089,0.94118,1.75,1.12
2015.08.26 02:09:51.081,0.94089,0.94118,1.75,1.00
2015.08.26 02:09:51.690,0.94088,0.9412,2.62,1.12
2015.08.26 02:10:07.840,0.94089,0.94121,1.75,2.25
2015.08.26 02:10:25.762,0.9409,0.94122,3.00,1.00
2015.08.26 02:10:26.328,0.94101,0.94122,1.00,1.00
2015.08.26 02:10:26.380,0.94101,0.94129,1.00,1.00
2015.08.26 02:10:26.441,0.94098,0.9413,3.00,1.00
2015.08.26 02:10:28.278,0.941,0.9413,1.75,1.00
2015.08.26 02:10:28.329,0.941,0.94132,2.25,1.12
2015.08.26 02:10:40.528,0.94101,0.94132,1.75,1.65
2015.08.26 02:10:40.582,0.94102,0.94131,1.00,1.52
2015.08.26 02:10:41.131,0.94102,0.94131,1.00,1.52
2015.08.26 02:10:45.095,0.94102,0.94131,1.00,2.02
2015.08.26 02:10:46.387,0.94099,0.94126,1.75,1.12
2015.08.26 02:10:46.977,0.94091,0.9412,2.25,1.00
2015.08.26 02:10:47.234,0.94089,0.94117,1.75,1.00
2015.08.26 02:10:47.285,0.94089,0.94117,1.50,1.00
2015.08.26 02:10:47.439,0.94089,0.94117,1.50,1.52
2015.08.26 02:10:48.226,0.94086,0.94115,1.75,1.57
2015.08.26 02:10:48.794,0.94086,0.94113,1.75,1.00
2015.08.26 02:10:49.612,0.94086,0.94118,1.75,1.75
2015.08.26 02:10:49.666,0.94086,0.94119,2.25,2.25
2015.08.26 02:10:52.606,0.94087,0.9412,1.75,1.87
2015.08.26 02:10:53.814,0.94089,0.94122,2.25,1.75
2015.08.26 02:11:02.451,0.94089,0.94121,1.75,1.95
2015.08.26 02:11:05.987,0.94088,0.94118,2.25,1.75
2015.08.26 02:11:06.323,0.94088,0.94117,1.75,2.02
2015.08.26 02:11:06.527,0.94088,0.94115,1.75,1.57
2015.08.26 02:11:07.307,0.94085,0.94113,1.87,1.12
2015.08.26 02:11:08.838,0.94085,0.94104,1.12,1.52
2015.08.26 02:11:08.894,0.94075,0.94102,1.12,1.20
2015.08.26 02:11:09.403,0.94073,0.94103,1.12,2.77
2015.08.26 02:11:10.309,0.94078,0.94102,1.00,1.00
2015.08.26 02:11:10.871,0.94072,0.94102,1.75,1.50
2015.08.26 02:11:14.313,0.94071,0.941,1.75,1.00
2015.08.26 02:11:14.871,0.94071,0.94099,1.75,1.00
2015.08.26 02:11:17.891,0.94072,0.941,1.75,1.00
2015.08.26 02:11:19.433,0.94072,0.94101,1.87,1.12
2015.08.26 02:11:19.637,0.94073,0.94104,2.62,1.37
2015.08.26 02:11:19.688,0.94075,0.94105,1.87,1.50
2015.08.26 02:11:21.628,0.94077,0.94105,1.75,1.12
2015.08.26 02:11:32.100,0.9408,0.94113,2.25,1.75
2015.08.26 02:11:32.408,0.94084,0.94113,1.75,1.87
2015.08.26 02:11:34.772,0.94082,0.9411,1.87,1.00
2015.08.26 02:11:36.060,0.94083,0.94111,1.75,1.12
2015.08.26 02:11:38.676,0.94083,0.9411,1.75,1.00
2015.08.26 02:11:41.518,0.94088,0.94116,1.75,1.12
2015.08.26 02:11:42.036,0.94088,0.94118,1.75,1.50
2015.08.26 02:11:43.449,0.94089,0.94116,1.75,1.00
2015.08.26 02:11:44.818,0.94089,0.9412,1.75,1.12
2015.08.26 02:11:47.245,0.94087,0.9412,2.25,2.77
2015.08.26 02:11:48.152,0.94087,0.94116,2.25,1.65
2015.08.26 02:11:49.108,0.94087,0.94113,2.25,1.00
2015.08.26 02:11:51.393,0.94087,0.94114,2.25,1.00
2015.08.26 02:11:54.992,0.94087,0.94115,2.25,1.12
2015.08.26 02:12:01.284,0.94087,0.94114,2.25,1.00
2015.08.26 02:12:01.818,0.94087,0.94112,2.25,1.00
2015.08.26 02:12:05.120,0.94087,0.94113,2.25,1.00
2015.08.26 02:12:06.201,0.94087,0.94114,2.25,1.27
2015.08.26 02:12:06.521,0.94086,0.94112,2.25,1.00
2015.08.26 02:12:06.928,0.94086,0.9411,1.75,1.00
2015.08.26 02:12:07.600,0.94086,0.94109,1.75,1.00
2015.08.26 02:12:08.251,0.94086,0.94109,1.75,1.00
2015.08.26 02:12:21.296,0.94085,0.94107,1.00,1.00
2015.08.26 02:12:22.923,0.94085,0.94108,1.00,1.50
2015.08.26 02:12:23.607,0.94085,0.94107,1.00,1.00
2015.08.26 02:12:24.722,0.94085,0.94108,1.00,1.50
2015.08.26 02:12:29.641,0.94081,0.94108,1.75,2.25
2015.08.26 02:12:30.233,0.94081,0.94106,1.75,1.00
2015.08.26 02:12:31.878,0.9408,0.94105,1.75,1.00
2015.08.26 02:12:37.666,0.94081,0.94106,1.75,1.00
2015.08.26 02:12:39.294,0.9408,0.94105,1.75,1.00
2015.08.26 02:12:39.829,0.94081,0.94106,1.75,1.00
2015.08.26 02:12:40.785,0.94082,0.94107,1.75,1.12
2015.08.26 02:12:47.675,0.94082,0.94107,1.75,1.00
2015.08.26 02:12:48.196,0.94082,0.94106,1.75,1.00
2015.08.26 02:12:49.312,0.94081,0.94107,1.75,1.00
2015.08.26 02:12:52.693,0.94081,0.94107,1.75,1.12
2015.08.26 02:12:53.270,0.94081,0.94106,1.75,1.00
2015.08.26 02:12:54.836,0.94081,0.94105,1.75,1.00
2015.08.26 02:12:55.416,0.94081,0.94106,1.75,1.00
2015.08.26 02:12:56.766,0.94082,0.9411,1.87,2.25
2015.08.26 02:12:56.818,0.94082,0.9411,1.75,1.12
2015.08.26 02:13:00.443,0.94084,0.94111,1.75,1.12
2015.08.26 02:13:01.001,0.94085,0.94112,1.75,2.25
2015.08.26 02:13:01.945,0.94085,0.94112,1.75,2.25
2015.08.26 02:13:02.475,0.94086,0.94112,1.75,1.50
2015.08.26 02:13:03.607,0.94086,0.94111,1.75,1.00
2015.08.26 02:13:04.177,0.94086,0.94112,1.75,1.50
2015.08.26 02:13:06.310,0.94086,0.94112,1.75,1.50
2015.08.26 02:13:07.277,0.94085,0.9411,1.75,1.00
2015.08.26 02:13:07.936,0.94085,0.9411,1.75,1.00
2015.08.26 02:13:08.853,0.94084,0.9411,2.62,1.00
2015.08.26 02:13:09.387,0.94086,0.94111,1.75,1.00
2015.08.26 02:13:09.899,0.94087,0.9411,1.75,1.00
2015.08.26 02:13:10.486,0.94087,0.94111,1.75,1.00
2015.08.26 02:13:11.009,0.94086,0.9411,1.75,1.00
2015.08.26 02:13:11.791,0.94084,0.94109,1.75,1.00
2015.08.26 02:13:12.492,0.94083,0.94108,1.75,1.00
2015.08.26 02:13:13.664,0.94083,0.94109,1.75,1.00
2015.08.26 02:13:17.609,0.94083,0.9411,1.75,1.00
2015.08.26 02:13:24.535,0.94085,0.9411,1.75,1.00
2015.08.26 02:13:30.002,0.94085,0.94109,1.75,1.00
2015.08.26 02:13:46.819,0.94086,0.94109,1.75,1.00
2015.08.26 02:13:47.528,0.94086,0.94109,1.75,1.00
2015.08.26 02:13:50.404,0.94086,0.94109,1.75,1.00
2015.08.26 02:13:53.347,0.94086,0.94108,1.75,1.00
2015.08.26 02:13:54.344,0.94084,0.94106,1.75,1.00
2015.08.26 02:13:55.494,0.94084,0.94106,1.75,1.00
2015.08.26 02:13:59.951,0.94084,0.94105,1.75,1.00
2015.08.26 02:14:00.002,0.94082,0.94105,1.75,1.00
2015.08.26 02:14:00.962,0.9408,0.94098,1.37,1.37
2015.08.26 02:14:01.032,0.94076,0.94095,1.00,1.12
2015.08.26 02:14:01.459,0.94076,0.94093,1.00,1.00
2015.08.26 02:14:02.345,0.94076,0.94092,1.00,1.00
2015.08.26 02:14:02.652,0.94076,0.9409,1.00,1.00
2015.08.26 02:14:02.957,0.94076,0.94092,1.00,1.00
2015.08.26 02:14:04.516,0.94076,0.94083,1.00,1.00
2015.08.26 02:14:04.822,0.94067,0.9408,0.75,1.00
2015.08.26 02:14:06.131,0.94053,0.9408,1.75,1.50
2015.08.26 02:14:06.692,0.94055,0.94081,1.12,1.00
2015.08.26 02:14:06.795,0.94055,0.94082,1.75,1.50
2015.08.26 02:14:07.591,0.94055,0.94081,1.75,1.00
2015.08.26 02:14:08.105,0.94055,0.9408,1.75,1.00
2015.08.26 02:14:09.038,0.94055,0.94079,1.75,1.00
2015.08.26 02:14:12.422,0.94055,0.9408,1.75,1.00
2015.08.26 02:14:13.789,0.94055,0.94081,1.75,1.00
2015.08.26 02:14:14.144,0.94058,0.94081,1.75,1.00
2015.08.26 02:14:14.894,0.94056,0.94082,1.75,1.00
2015.08.26 02:14:16.946,0.94056,0.94081,1.75,1.00
2015.08.26 02:14:17.455,0.94056,0.94081,1.75,1.00
2015.08.26 02:14:19.275,0.94056,0.9408,1.75,1.00
2015.08.26 02:14:19.756,0.94054,0.9408,1.75,1.00
2015.08.26 02:14:19.960,0.94049,0.94079,1.75,1.50
2015.08.26 02:14:20.667,0.94049,0.94075,1.75,1.00
2015.08.26 02:14:21.242,0.94049,0.94074,1.75,1.00
2015.08.26 02:14:22.439,0.94049,0.94073,1.75,1.00
2015.08.26 02:14:24.646,0.94049,0.94072,1.75,1.00
2015.08.26 02:14:25.525,0.94049,0.94071,1.75,1.00
2015.08.26 02:14:26.190,0.94048,0.94072,1.75,1.00
2015.08.26 02:14:26.501,0.94049,0.94072,1.75,1.00
2015.08.26 02:14:27.042,0.94049,0.94071,1.75,1.00
2015.08.26 02:14:31.679,0.94049,0.94072,1.75,1.00
2015.08.26 02:14:34.721,0.94049,0.94074,1.75,1.00
2015.08.26 02:14:35.235,0.9405,0.94073,1.75,1.00
2015.08.26 02:14:36.654,0.9405,0.94072,1.75,1.00
2015.08.26 02:14:37.200,0.9405,0.94073,1.75,1.00
2015.08.26 02:14:38.199,0.9405,0.94072,1.75,1.00
2015.08.26 02:14:38.718,0.9405,0.94071,1.75,1.00
2015.08.26 02:14:38.871,0.9405,0.94069,1.75,1.00
2015.08.26 02:14:39.717,0.9405,0.94065,1.75,1.00
2015.08.26 02:14:40.226,0.9405,0.94064,1.75,1.00
2015.08.26 02:14:41.674,0.9405,0.94063,1.75,1.00
2015.08.26 02:14:42.486,0.9405,0.94066,1.75,1.00
2015.08.26 02:14:43.198,0.9405,0.94072,1.75,1.50
2015.08.26 02:14:43.818,0.9405,0.94071,1.75,1.00
2015.08.26 02:14:45.224,0.9405,0.9407,1.75,1.00
2015.08.26 02:14:45.377,0.9405,0.94072,1.75,1.00
2015.08.26 02:14:46.574,0.9405,0.94071,1.75,1.00
2015.08.26 02:14:47.216,0.9405,0.94073,1.75,1.00
2015.08.26 02:14:48.960,0.9405,0.94072,1.75,1.00
2015.08.26 02:14:53.606,0.9405,0.94073,1.75,1.00
2015.08.26 02:14:53.810,0.9405,0.94075,1.75,1.00
2015.08.26 02:14:54.678,0.9405,0.94074,1.75,1.00
2015.08.26 02:14:55.009,0.9405,0.94076,1.75,1.00
2015.08.26 02:14:55.249,0.9405,0.9408,1.75,1.87
2015.08.26 02:14:56.766,0.94055,0.9408,1.00,1.12
2015.08.26 02:14:57.071,0.94059,0.9408,1.00,1.12
2015.08.26 02:15:02.668,0.94059,0.9408,1.50,1.50
2015.08.26 02:15:02.996,0.94061,0.9408,1.00,1.12
2015.08.26 02:15:04.611,0.94061,0.9408,1.87,1.12
2015.08.26 02:15:13.174,0.94059,0.9408,1.00,1.12
2015.08.26 02:15:13.980,0.94059,0.94078,1.00,1.00
2015.08.26 02:15:14.675,0.94059,0.94075,1.00,1.00
2015.08.26 02:15:14.731,0.94059,0.94077,1.00,1.00
2015.08.26 02:15:14.833,0.94059,0.94083,1.50,1.75
2015.08.26 02:15:14.988,0.94062,0.94086,1.00,1.75
2015.08.26 02:15:15.294,0.94059,0.94085,1.00,1.75
2015.08.26 02:15:17.465,0.94058,0.94084,1.12,1.75
2015.08.26 02:15:19.628,0.94058,0.94084,1.12,1.37
2015.08.26 02:15:19.686,0.94058,0.94084,1.12,1.00
2015.08.26 02:15:20.371,0.94058,0.94083,1.12,1.00
2015.08.26 02:15:21.745,0.94057,0.94083,1.00,1.00
2015.08.26 02:15:21.949,0.94055,0.94083,1.00,1.00
2015.08.26 02:15:22.458,0.94055,0.94082,1.00,1.00
2015.08.26 02:15:23.967,0.94055,0.94082,1.75,1.00
2015.08.26 02:15:27.703,0.94055,0.94082,1.75,1.00
2015.08.26 02:15:30.260,0.94055,0.94082,1.75,1.00
2015.08.26 02:15:30.621,0.94057,0.94081,1.00,1.00
2015.08.26 02:15:30.774,0.94051,0.94082,1.87,1.12
2015.08.26 02:15:30.825,0.94051,0.9408,1.87,1.00
2015.08.26 02:15:32.435,0.94051,0.94079,1.75,1.00
2015.08.26 02:15:32.742,0.9405,0.94077,1.75,1.00
2015.08.26 02:15:33.328,0.9405,0.94076,1.75,1.00
2015.08.26 02:15:35.980,0.9405,0.94077,1.75,1.00
2015.08.26 02:15:36.807,0.9405,0.94076,1.75,1.00
2015.08.26 02:15:37.978,0.9405,0.94078,1.75,1.00
2015.08.26 02:15:38.516,0.9405,0.94077,1.75,1.00
2015.08.26 02:15:40.449,0.94051,0.94078,1.75,1.00
2015.08.26 02:15:41.053,0.94051,0.94077,1.75,1.00
2015.08.26 02:15:42.953,0.94051,0.94078,1.75,1.00
2015.08.26 02:15:45.127,0.94051,0.94079,1.75,1.00
2015.08.26 02:15:48.717,0.94051,0.9408,2.25,1.00
2015.08.26 02:15:50.844,0.94055,0.94082,1.00,1.50
2015.08.26 02:15:51.831,0.94055,0.94083,1.00,1.50
2015.08.26 02:15:52.086,0.94055,0.94083,1.75,2.25
2015.08.26 02:16:02.680,0.94059,0.94087,1.75,2.25
2015.08.26 02:16:04.158,0.94061,0.94088,1.75,1.12
2015.08.26 02:16:08.873,0.94061,0.94087,1.75,1.00
2015.08.26 02:16:09.026,0.94059,0.94086,1.75,1.12
2015.08.26 02:16:09.825,0.94059,0.94087,1.75,1.00
2015.08.26 02:16:15.705,0.9406,0.94086,1.75,1.00
2015.08.26 02:16:18.328,0.9406,0.94087,1.75,1.50
2015.08.26 02:16:22.645,0.94059,0.94086,1.75,1.00
2015.08.26 02:16:26.373,0.9406,0.94087,1.75,1.50
2015.08.26 02:16:27.873,0.94063,0.94087,1.00,1.50
2015.08.26 02:16:29.500,0.94063,0.94086,1.00,1.00
2015.08.26 02:16:31.673,0.94063,0.94085,1.00,1.00
2015.08.26 02:16:32.035,0.94063,0.94087,1.00,1.50
2015.08.26 02:16:33.944,0.94063,0.94086,1.00,1.00
2015.08.26 02:16:36.149,0.94063,0.94087,1.00,1.50
2015.08.26 02:16:36.949,0.94063,0.94085,1.00,1.00
2015.08.26 02:16:38.967,0.94063,0.94084,1.00,1.00
2015.08.26 02:16:41.200,0.94063,0.94083,1.00,1.00
2015.08.26 02:16:41.702,0.94063,0.94084,1.00,1.00
2015.08.26 02:16:42.514,0.94063,0.94085,1.00,1.00
2015.08.26 02:16:44.882,0.94063,0.94084,1.00,1.00
2015.08.26 02:16:45.442,0.94063,0.94083,1.00,1.00
2015.08.26 02:16:47.045,0.94063,0.94085,1.00,1.00
2015.08.26 02:16:47.655,0.9406,0.94085,1.75,1.00
2015.08.26 02:16:52.295,0.9406,0.94084,1.75,1.00
2015.08.26 02:16:53.535,0.94058,0.94083,1.75,1.00
2015.08.26 02:16:53.587,0.94058,0.94083,1.75,1.12
2015.08.26 02:16:54.021,0.94054,0.94081,1.75,1.00
2015.08.26 02:16:54.712,0.94052,0.9408,1.75,1.00
2015.08.26 02:16:55.222,0.94053,0.94082,1.75,2.25
2015.08.26 02:16:55.375,0.94059,0.94083,1.00,1.50
2015.08.26 02:16:56.139,0.94059,0.94082,1.00,1.00
2015.08.26 02:16:56.293,0.94055,0.94082,1.75,1.00
2015.08.26 02:16:58.511,0.94055,0.94083,1.87,1.00
2015.08.26 02:17:00.220,0.94057,0.94084,1.75,1.12
2015.08.26 02:17:01.960,0.94061,0.94083,1.12,1.00
2015.08.26 02:17:02.267,0.94065,0.94088,1.75,1.50
2015.08.26 02:17:02.782,0.94067,0.94088,1.00,1.50
2015.08.26 02:17:04.628,0.94065,0.94088,2.85,1.00
2015.08.26 02:17:05.812,0.94068,0.94091,1.12,1.12
2015.08.26 02:17:07.641,0.94069,0.94091,1.00,1.12
2015.08.26 02:17:08.837,0.94067,0.94091,1.75,1.37
2015.08.26 02:17:09.345,0.94067,0.94091,1.87,1.00
2015.08.26 02:17:14.935,0.94062,0.94089,1.75,2.25
2015.08.26 02:17:17.134,0.94062,0.94086,1.75,1.00
2015.08.26 02:17:19.702,0.94062,0.94087,1.75,1.12
2015.08.26 02:17:20.215,0.94062,0.94086,1.75,1.00
2015.08.26 02:17:20.969,0.94062,0.9408,1.75,1.00
2015.08.26 02:17:21.551,0.94059,0.9408,2.25,1.00
2015.08.26 02:17:28.391,0.94059,0.9408,2.25,1.00
2015.08.26 02:17:30.317,0.94063,0.94084,1.12,1.00
2015.08.26 02:17:30.825,0.94067,0.94084,1.00,1.00
2015.08.26 02:17:33.014,0.94067,0.94083,1.00,1.00
2015.08.26 02:17:38.337,0.94067,0.94084,1.00,1.50
2015.08.26 02:17:39.047,0.94066,0.94084,1.12,1.50
2015.08.26 02:17:40.707,0.94066,0.94084,1.97,1.00
2015.08.26 02:17:40.962,0.94075,0.94096,1.75,1.50
2015.08.26 02:17:41.165,0.94078,0.94098,1.52,1.00
2015.08.26 02:17:42.985,0.9408,0.94098,1.27,1.50
2015.08.26 02:17:43.494,0.94079,0.94098,1.65,1.50
2015.08.26 02:17:44.392,0.94074,0.94094,1.90,1.00
2015.08.26 02:17:44.443,0.94076,0.941,1.27,3.37
2015.08.26 02:17:45.793,0.94078,0.94098,1.27,1.00
2015.08.26 02:17:46.318,0.94078,0.94097,1.27,1.00
2015.08.26 02:17:46.879,0.94074,0.94096,1.90,1.00
2015.08.26 02:17:47.532,0.94074,0.94097,2.40,1.00
2015.08.26 02:17:47.584,0.94078,0.94101,1.27,1.87
2015.08.26 02:17:48.093,0.9408,0.941,1.15,1.00
2015.08.26 02:17:49.183,0.94079,0.94099,1.27,1.00
2015.08.26 02:17:50.451,0.94079,0.94098,1.27,1.00
2015.08.26 02:17:51.188,0.94076,0.94099,1.90,1.35
2015.08.26 02:17:51.706,0.94075,0.94098,1.65,1.00
2015.08.26 02:17:52.784,0.94075,0.94097,1.65,1.00
2015.08.26 02:17:54.571,0.94074,0.94098,1.90,1.50
2015.08.26 02:17:54.930,0.94075,0.94098,1.90,1.60
2015.08.26 02:17:55.388,0.94072,0.94097,2.40,1.60
2015.08.26 02:17:56.908,0.94073,0.94095,1.90,1.60
2015.08.26 02:17:57.429,0.94073,0.94095,1.90,1.60
2015.08.26 02:18:00.283,0.94073,0.94095,1.90,1.60
2015.08.26 02:18:02.589,0.94073,0.94096,1.90,2.10
2015.08.26 02:18:02.742,0.94071,0.94096,1.57,3.22
2015.08.26 02:18:02.845,0.94071,0.94088,1.20,1.87
2015.08.26 02:18:03.152,0.94067,0.94088,1.65,1.87
2015.08.26 02:18:04.040,0.94064,0.94088,1.90,1.50
2015.08.26 02:18:04.527,0.94061,0.94086,4.27,1.12
2015.08.26 02:18:05.765,0.94062,0.94087,1.27,1.12
2015.08.26 02:18:09.681,0.94061,0.94086,4.27,1.12
2015.08.26 02:18:10.483,0.94066,0.94088,1.90,1.75
2015.08.26 02:18:10.534,0.94069,0.9409,1.15,1.00
2015.08.26 02:18:10.586,0.94068,0.94093,1.65,2.25
2015.08.26 02:18:10.738,0.94069,0.94093,1.65,1.12
2015.08.26 02:18:12.333,0.94071,0.94095,1.27,3.60
2015.08.26 02:18:14.436,0.94072,0.94095,1.52,1.50
2015.08.26 02:18:17.600,0.94072,0.94095,1.52,2.10
2015.08.26 02:18:17.755,0.94068,0.94093,1.90,1.00
2015.08.26 02:18:18.212,0.94071,0.94096,1.52,2.25
2015.08.26 02:18:18.731,0.94071,0.94096,1.90,2.62
2015.08.26 02:18:23.589,0.94071,0.94096,1.27,3.37
2015.08.26 02:18:24.153,0.94069,0.94094,1.90,1.12
2015.08.26 02:18:28.902,0.94068,0.94094,1.27,2.25
2015.08.26 02:18:33.230,0.9407,0.94093,1.00,1.12
2015.08.26 02:18:33.384,0.94067,0.94092,1.50,1.50
2015.08.26 02:18:33.689,0.94065,0.94087,1.00,1.00
2015.08.26 02:18:34.593,0.94063,0.94087,1.50,1.12
2015.08.26 02:18:37.418,0.94062,0.94086,1.75,1.00
2015.08.26 02:18:39.099,0.94062,0.94089,1.75,1.75
2015.08.26 02:18:39.883,0.94069,0.94091,1.27,1.00
2015.08.26 02:18:40.395,0.94069,0.94092,1.65,1.50
2015.08.26 02:18:40.497,0.94071,0.94092,1.15,1.00
2015.08.26 02:18:40.701,0.94071,0.94095,1.65,1.12
2015.08.26 02:18:41.753,0.94072,0.94096,1.65,1.12
2015.08.26 02:18:44.190,0.94072,0.94097,1.65,1.00
2015.08.26 02:18:45.654,0.94073,0.94097,1.27,1.00
2015.08.26 02:18:46.167,0.94073,0.94097,1.27,1.12
2015.08.26 02:18:46.755,0.94073,0.94098,1.27,1.12
2015.08.26 02:18:47.442,0.94073,0.94099,2.40,1.12
2015.08.26 02:18:48.048,0.94074,0.941,1.65,1.75
2015.08.26 02:18:49.631,0.94075,0.94099,1.90,1.00
2015.08.26 02:18:52.457,0.94075,0.941,1.90,1.12
2015.08.26 02:18:54.849,0.94075,0.94101,3.15,1.37
2015.08.26 02:18:55.498,0.94075,0.94101,2.40,1.37
2015.08.26 02:18:58.935,0.94084,0.94104,1.75,1.75
2015.08.26 02:18:58.987,0.94084,0.94106,1.37,1.37
2015.08.26 02:18:59.090,0.94084,0.9411,1.12,3.00
2015.08.26 02:18:59.756,0.9409,0.94117,1.52,1.50
2015.08.26 02:18:59.808,0.9409,0.94117,1.90,1.50
2015.08.26 02:19:00.622,0.94093,0.94117,1.00,3.00
2015.08.26 02:19:01.533,0.94089,0.94116,2.02,2.25
2015.08.26 02:19:01.686,0.94088,0.94113,1.50,1.00
2015.08.26 02:19:02.216,0.94087,0.94113,1.87,1.37
2015.08.26 02:19:06.240,0.94086,0.94113,1.87,1.87
2015.08.26 02:19:06.444,0.94086,0.94112,1.75,1.12
2015.08.26 02:19:07.169,0.94085,0.94112,1.87,1.87
2015.08.26 02:19:08.046,0.94085,0.9411,1.87,1.00
2015.08.26 02:19:10.334,0.94085,0.94109,1.12,1.00
2015.08.26 02:19:12.150,0.94076,0.94103,1.75,1.00
2015.08.26 02:19:12.214,0.94076,0.94103,1.75,1.37
2015.08.26 02:19:15.348,0.94075,0.94101,1.12,1.00
2015.08.26 02:19:15.958,0.94075,0.94101,1.12,1.12
2015.08.26 02:19:21.362,0.94074,0.94099,1.75,1.00
2015.08.26 02:19:23.309,0.94074,0.94099,1.50,1.12
2015.08.26 02:19:28.573,0.94073,0.94099,2.25,1.00
2015.08.26 02:19:28.625,0.94074,0.94101,1.75,1.12
2015.08.26 02:19:33.015,0.94076,0.94103,1.87,1.87
2015.08.26 02:19:35.936,0.94077,0.94104,2.25,1.50
2015.08.26 02:19:41.379,0.94076,0.94103,2.62,1.00
2015.08.26 02:19:43.628,0.94076,0.94103,2.62,1.50
2015.08.26 02:20:07.247,0.94076,0.94101,1.12,1.00
2015.08.26 02:20:07.767,0.94076,0.94102,1.12,1.12
2015.08.26 02:20:09.571,0.94076,0.94101,1.12,1.00
2015.08.26 02:20:10.074,0.94076,0.94102,1.12,1.12
2015.08.26 02:20:10.925,0.94076,0.94101,1.12,1.00
2015.08.26 02:20:16.258,0.94076,0.94102,1.12,1.12
2015.08.26 02:20:17.228,0.94076,0.94101,1.12,1.00
2015.08.26 02:20:31.925,0.94076,0.94102,1.12,1.12
2015.08.26 02:20:32.619,0.94076,0.94103,1.87,1.12
2015.08.26 02:20:33.310,0.94076,0.94103,1.87,1.37
2015.08.26 02:20:34.230,0.94076,0.94103,1.87,1.50
2015.08.26 02:20:40.468,0.94078,0.94105,2.25,1.87
2015.08.26 02:20:45.418,0.94079,0.94105,1.75,1.87
2015.08.26 02:20:46.262,0.9408,0.94107,2.25,1.87
2015.08.26 02:20:46.568,0.94079,0.94105,2.25,1.37
2015.08.26 02:20:47.659,0.94078,0.94105,1.75,1.50
2015.08.26 02:20:51.869,0.94079,0.94104,1.12,1.00
2015.08.26 02:20:55.536,0.94078,0.94104,1.75,1.87
2015.08.26 02:21:07.581,0.94077,0.94102,1.37,1.50
2015.08.26 02:21:08.089,0.94076,0.94101,1.50,1.50
2015.08.26 02:21:11.712,0.94077,0.94102,1.50,1.50
2015.08.26 02:21:16.167,0.94078,0.94101,1.37,1.00
2015.08.26 02:21:16.422,0.94078,0.94103,1.87,1.50
2015.08.26 02:21:19.215,0.94083,0.94104,1.00,1.00
2015.08.26 02:21:19.520,0.94083,0.94107,1.30,1.37
2015.08.26 02:21:20.405,0.94083,0.94107,1.30,1.37
2015.08.26 02:21:20.988,0.94083,0.94108,1.30,1.87
2015.08.26 02:21:21.140,0.94081,0.94104,1.00,1.00
2015.08.26 02:21:22.194,0.9408,0.94104,1.00,1.50
2015.08.26 02:21:22.650,0.9408,0.94104,1.00,1.75
2015.08.26 02:21:26.879,0.94078,0.94102,1.00,1.75
2015.08.26 02:21:27.676,0.94078,0.94102,1.00,1.75
2015.08.26 02:21:32.116,0.94076,0.94102,1.50,1.75
2015.08.26 02:21:37.661,0.94076,0.94102,1.50,1.37
2015.08.26 02:21:37.966,0.94083,0.94104,1.30,1.12
2015.08.26 02:21:38.616,0.94083,0.94105,1.42,1.00
2015.08.26 02:21:38.870,0.9408,0.94104,1.75,1.00
2015.08.26 02:21:39.428,0.94075,0.94099,1.75,1.00
2015.08.26 02:21:39.479,0.94073,0.94099,1.75,1.50
2015.08.26 02:21:41.970,0.94073,0.94099,1.75,1.87
2015.08.26 02:21:42.504,0.94073,0.94097,1.50,1.00
2015.08.26 02:21:44.169,0.94073,0.94097,1.00,1.87
2015.08.26 02:21:59.043,0.94072,0.94096,1.12,1.87
2015.08.26 02:22:00.067,0.94073,0.94095,1.00,1.12
2015.08.26 02:22:06.078,0.94072,0.94095,1.12,1.12
2015.08.26 02:22:07.731,0.94072,0.94095,1.50,1.00
2015.08.26 02:22:09.881,0.94073,0.94096,1.12,1.50
2015.08.26 02:22:11.280,0.94073,0.94095,1.12,1.00
2015.08.26 02:22:14.708,0.94073,0.94095,1.00,1.50
2015.08.26 02:22:23.698,0.94072,0.94095,1.00,1.87
2015.08.26 02:22:27.660,0.94072,0.94095,1.12,1.00
2015.08.26 02:22:27.997,0.94076,0.94098,1.80,1.00
2015.08.26 02:22:28.099,0.94077,0.941,1.05,1.00
2015.08.26 02:22:29.052,0.94079,0.94101,1.05,1.00
2015.08.26 02:22:36.557,0.9408,0.94102,1.30,1.12
2015.08.26 02:22:53.324,0.94079,0.94103,1.42,1.37
2015.08.26 02:22:54.672,0.94075,0.941,1.93,1.12
2015.08.26 02:22:55.264,0.94075,0.94099,1.93,1.50
2015.08.26 02:22:55.619,0.94075,0.94098,1.01,1.37
2015.08.26 02:22:56.854,0.94073,0.94081,1.00,1.37
2015.08.26 02:22:56.905,0.94055,0.94081,1.50,1.75
2015.08.26 02:22:57.212,0.94057,0.94082,1.00,1.50
2015.08.26 02:22:57.263,0.94056,0.94082,1.75,1.12
2015.08.26 02:22:58.008,0.94055,0.94082,1.75,1.50
2015.08.26 02:23:02.899,0.94058,0.94083,1.37,1.50
2015.08.26 02:23:03.413,0.94058,0.94083,1.75,1.12
2015.08.26 02:23:03.718,0.94058,0.94082,1.12,1.50
2015.08.26 02:23:04.023,0.94058,0.94083,1.75,1.12
2015.08.26 02:23:06.032,0.94056,0.94081,1.75,1.12
2015.08.26 02:23:06.135,0.94055,0.94081,1.50,1.87
2015.08.26 02:23:06.688,0.94055,0.94079,1.00,1.37
2015.08.26 02:23:08.350,0.94053,0.94077,1.12,1.00
2015.08.26 02:23:08.454,0.94049,0.94073,1.12,1.00
2015.08.26 02:23:08.556,0.94047,0.94073,1.87,1.12
2015.08.26 02:23:10.160,0.94048,0.94075,2.62,1.12
2015.08.26 02:23:11.543,0.9405,0.94077,1.87,1.87
2015.08.26 02:23:12.516,0.9405,0.94075,1.12,1.00
2015.08.26 02:23:13.069,0.9405,0.94075,1.12,1.12
2015.08.26 02:23:39.473,0.9405,0.94076,1.12,1.12
2015.08.26 02:23:40.402,0.94055,0.9408,1.00,1.87
2015.08.26 02:23:40.809,0.94054,0.9408,1.87,1.37
2015.08.26 02:23:41.267,0.94053,0.94079,1.87,1.37
2015.08.26 02:23:42.529,0.94055,0.94081,1.37,2.62
2015.08.26 02:23:43.051,0.94053,0.9408,2.62,1.50
2015.08.26 02:23:43.998,0.94055,0.94081,1.87,1.50
2015.08.26 02:23:45.514,0.94055,0.94081,1.87,1.50
2015.08.26 02:23:46.024,0.94055,0.94082,2.62,2.62
2015.08.26 02:23:47.439,0.94057,0.94081,1.37,1.00
2015.08.26 02:23:47.490,0.94057,0.94082,1.12,1.00
2015.08.26 02:23:47.593,0.94058,0.94084,1.75,1.00
2015.08.26 02:23:49.095,0.94059,0.94085,1.75,1.50
2015.08.26 02:23:53.296,0.94063,0.94087,1.50,1.50
2015.08.26 02:23:53.452,0.94064,0.9409,1.87,1.50
2015.08.26 02:23:53.706,0.94065,0.94092,1.87,1.12
2015.08.26 02:23:54.553,0.94067,0.94094,1.75,1.87
2015.08.26 02:23:54.883,0.9407,0.94095,1.87,1.50
2015.08.26 02:23:55.188,0.94072,0.94099,1.75,1.87
2015.08.26 02:24:03.924,0.94073,0.941,2.25,1.12
2015.08.26 02:24:04.431,0.94075,0.94102,1.75,2.25
2015.08.26 02:24:05.501,0.94076,0.94102,1.75,1.87
2015.08.26 02:24:07.600,0.94076,0.94102,1.75,1.12
2015.08.26 02:24:08.717,0.94076,0.94101,1.75,1.00
2015.08.26 02:24:09.709,0.94076,0.941,1.75,1.00
2015.08.26 02:24:16.299,0.94075,0.94101,1.75,1.00
2015.08.26 02:24:16.835,0.94075,0.94102,1.75,1.12
2015.08.26 02:24:17.640,0.94075,0.94101,1.75,1.00
2015.08.26 02:24:24.585,0.94076,0.94101,1.50,1.37
2015.08.26 02:24:24.636,0.94073,0.941,1.75,1.50
2015.08.26 02:24:25.247,0.94072,0.94099,1.75,1.37
2015.08.26 02:24:26.752,0.94072,0.94099,1.50,1.50
2015.08.26 02:24:27.057,0.94074,0.941,1.75,1.50
2015.08.26 02:24:27.742,0.94073,0.941,2.25,1.87
2015.08.26 02:24:30.209,0.94088,0.94101,1.75,1.00
2015.08.26 02:24:30.261,0.94089,0.94105,1.12,1.00
2015.08.26 02:24:30.774,0.94089,0.94106,1.12,1.00
2015.08.26 02:24:31.386,0.94088,0.94106,1.37,1.00
2015.08.26 02:24:31.489,0.94082,0.94106,1.75,1.00
2015.08.26 02:24:32.075,0.94075,0.94102,2.25,1.00
2015.08.26 02:24:32.127,0.94075,0.94102,2.25,1.00
2015.08.26 02:24:32.178,0.94075,0.94102,2.25,1.00
2015.08.26 02:24:33.200,0.94076,0.94102,1.50,1.00
2015.08.26 02:24:34.024,0.94075,0.94102,2.25,1.50
2015.08.26 02:24:34.575,0.94075,0.94101,2.25,1.00
2015.08.26 02:24:35.135,0.94075,0.941,2.25,1.00
2015.08.26 02:24:35.813,0.94075,0.94099,1.87,1.00
2015.08.26 02:24:35.967,0.94072,0.94098,1.65,1.00
2015.08.26 02:24:36.171,0.94072,0.94096,1.65,1.00
2015.08.26 02:24:36.528,0.94072,0.94094,1.20,1.00
2015.08.26 02:24:37.222,0.9407,0.94093,1.27,1.00
2015.08.26 02:24:39.709,0.9407,0.94092,1.65,1.00
2015.08.26 02:24:40.213,0.9407,0.94093,1.65,1.50
2015.08.26 02:24:41.860,0.9407,0.94092,1.65,1.00
2015.08.26 02:24:43.019,0.9407,0.94094,1.65,1.87
2015.08.26 02:24:43.807,0.94071,0.94097,1.90,1.87
2015.08.26 02:24:45.511,0.94071,0.94096,1.90,1.00
2015.08.26 02:24:50.346,0.94074,0.94095,1.00,1.00
2015.08.26 02:24:50.703,0.9407,0.94094,1.52,1.87
2015.08.26 02:24:51.502,0.9407,0.94092,1.52,1.00
2015.08.26 02:25:10.009,0.94069,0.94093,2.10,1.50
2015.08.26 02:25:10.551,0.94069,0.94092,1.90,1.00
2015.08.26 02:25:10.871,0.94061,0.94084,1.27,1.12
2015.08.26 02:25:10.922,0.94061,0.94086,2.55,1.00
2015.08.26 02:25:10.974,0.94061,0.94086,1.93,1.00
2015.08.26 02:25:11.624,0.94062,0.94088,1.74,1.00
2015.08.26 02:25:12.145,0.94066,0.94087,1.67,1.00
2015.08.26 02:25:12.670,0.94066,0.94088,1.67,1.00
2015.08.26 02:25:13.537,0.94066,0.94089,2.92,1.00
2015.08.26 02:25:14.056,0.94068,0.94089,1.05,1.00
2015.08.26 02:25:15.097,0.94068,0.94088,1.05,1.00
2015.08.26 02:25:15.453,0.94068,0.9409,1.05,1.00
2015.08.26 02:25:15.962,0.94068,0.94089,1.05,1.00
2015.08.26 02:25:16.709,0.94068,0.94087,1.05,1.00
2015.08.26 02:25:17.282,0.94068,0.94086,1.05,1.00
2015.08.26 02:25:17.829,0.94068,0.94085,1.05,1.00
2015.08.26 02:25:18.414,0.94062,0.94084,1.57,1.00
2015.08.26 02:25:18.922,0.94062,0.94083,1.82,1.50
2015.08.26 02:25:19.530,0.94062,0.94084,1.33,1.00
2015.08.26 02:25:21.164,0.94063,0.94083,1.30,1.00
2015.08.26 02:25:22.296,0.94063,0.94084,1.30,1.50
2015.08.26 02:25:23.072,0.94063,0.94083,1.30,1.00
2015.08.26 02:25:24.430,0.94063,0.94085,1.30,1.00
2015.08.26 02:25:33.284,0.94063,0.94084,1.30,1.00
2015.08.26 02:25:38.218,0.94062,0.94085,1.82,1.00
2015.08.26 02:25:41.350,0.94062,0.94086,2.49,1.50
2015.08.26 02:25:43.215,0.94062,0.94085,1.85,1.00
2015.08.26 02:25:46.844,0.94062,0.94086,1.85,1.50
2015.08.26 02:25:47.973,0.94062,0.94082,1.37,1.00
2015.08.26 02:25:48.025,0.94054,0.94082,1.50,1.12
2015.08.26 02:25:48.532,0.94054,0.94081,1.50,1.00
2015.08.26 02:25:49.039,0.94054,0.9408,1.12,1.00
2015.08.26 02:25:49.864,0.94054,0.94079,1.12,1.50
2015.08.26 02:25:50.325,0.94059,0.94079,1.00,1.00
2015.08.26 02:25:50.528,0.94053,0.94079,1.37,1.00
2015.08.26 02:25:53.045,0.94059,0.94079,1.00,1.00
2015.08.26 02:25:54.364,0.94057,0.94079,1.00,1.00
2015.08.26 02:25:55.023,0.94058,0.94079,1.00,1.00
2015.08.26 02:25:55.566,0.94059,0.94079,1.00,1.00
2015.08.26 02:25:55.668,0.94057,0.94079,1.00,1.00
2015.08.26 02:25:56.335,0.94054,0.9408,1.12,1.00
2015.08.26 02:25:56.865,0.94055,0.94079,1.00,1.00
2015.08.26 02:25:58.754,0.94055,0.94078,1.00,1.00
2015.08.26 02:25:59.271,0.94054,0.94078,1.00,1.00
2015.08.26 02:26:00.384,0.9406,0.94079,1.00,1.12
2015.08.26 02:26:00.486,0.94055,0.94079,1.00,1.00
2015.08.26 02:26:01.401,0.94055,0.9408,1.00,1.00
2015.08.26 02:26:02.125,0.94056,0.9408,1.50,1.00
2015.08.26 02:26:02.279,0.94059,0.94083,1.00,1.00
2015.08.26 02:26:02.381,0.9406,0.94085,1.00,2.62
2015.08.26 02:26:03.528,0.94059,0.94084,1.50,1.00
2015.08.26 02:26:04.193,0.94059,0.94083,1.50,1.00
2015.08.26 02:26:05.796,0.94065,0.94086,1.00,1.12
2015.08.26 02:26:06.305,0.94066,0.94087,1.00,1.37
2015.08.26 02:26:07.688,0.94063,0.94089,1.12,1.37
2015.08.26 02:26:07.894,0.94063,0.94089,1.65,1.50
2015.08.26 02:26:08.200,0.94063,0.94089,1.30,1.50
2015.08.26 02:26:09.994,0.94063,0.94088,1.80,1.00
2015.08.26 02:26:10.301,0.94066,0.9409,1.15,1.00
2015.08.26 02:26:11.010,0.94065,0.94091,2.02,1.50
2015.08.26 02:26:11.716,0.94065,0.9409,2.02,1.00
2015.08.26 02:26:14.624,0.94071,0.94091,1.37,1.00
2015.08.26 02:26:14.675,0.94071,0.94094,1.37,1.50
2015.08.26 02:26:15.234,0.94071,0.94095,1.37,1.37
2015.08.26 02:26:16.427,0.94069,0.94094,1.75,1.50
2015.08.26 02:26:22.948,0.94071,0.94094,1.12,1.12
2015.08.26 02:26:25.349,0.9407,0.94094,1.50,1.37
2015.08.26 02:26:30.214,0.94071,0.94093,1.00,1.00
2015.08.26 02:26:33.642,0.9407,0.94093,1.12,1.00
2015.08.26 02:26:36.928,0.94069,0.94091,1.50,1.00
2015.08.26 02:26:36.980,0.94066,0.9409,1.65,1.12
2015.08.26 02:26:38.302,0.94068,0.9409,1.00,1.12
2015.08.26 02:26:38.949,0.94067,0.9409,1.27,1.12
2015.08.26 02:26:39.463,0.94068,0.9409,1.00,1.12
2015.08.26 02:26:40.100,0.94069,0.9409,1.00,1.12
2015.08.26 02:26:40.680,0.94068,0.9409,1.00,1.12
2015.08.26 02:26:41.509,0.94066,0.9409,2.40,1.12
2015.08.26 02:26:46.754,0.94068,0.9409,1.00,1.12
2015.08.26 02:26:48.422,0.94067,0.94091,1.27,1.50
2015.08.26 02:26:48.526,0.94075,0.94096,2.00,1.12
2015.08.26 02:26:48.628,0.94082,0.94102,3.37,1.12
2015.08.26 02:26:48.730,0.94085,0.94099,2.47,1.00
2015.08.26 02:26:48.782,0.94085,0.94101,2.47,1.00
2015.08.26 02:26:48.884,0.94085,0.94104,2.47,1.00
2015.08.26 02:26:50.641,0.94085,0.94104,1.12,1.37
2015.08.26 02:26:50.896,0.94081,0.94104,1.37,1.12
2015.08.26 02:26:50.948,0.94079,0.94102,1.00,1.37
2015.08.26 02:26:50.999,0.94077,0.94102,1.87,1.75
2015.08.26 02:26:51.050,0.94077,0.941,1.50,1.75
2015.08.26 02:26:51.102,0.94073,0.941,2.25,1.75
2015.08.26 02:26:51.842,0.94073,0.94097,1.50,1.37
2015.08.26 02:26:52.353,0.94072,0.94096,1.87,1.12
2015.08.26 02:26:53.670,0.94071,0.94095,1.87,1.00
2015.08.26 02:26:54.241,0.94072,0.94095,1.50,1.12
2015.08.26 02:26:55.072,0.94074,0.94095,1.00,1.12
2015.08.26 02:26:57.755,0.94075,0.94096,1.00,1.50
2015.08.26 02:26:58.724,0.94073,0.94096,1.00,1.50
2015.08.26 02:27:01.026,0.94071,0.94096,1.87,1.50
2015.08.26 02:27:07.634,0.94072,0.94096,1.50,1.00
2015.08.26 02:27:12.159,0.94073,0.94094,1.00,1.37
2015.08.26 02:27:12.211,0.9407,0.94094,1.12,1.87
2015.08.26 02:27:12.728,0.94071,0.94094,1.00,1.87
2015.08.26 02:27:14.490,0.9407,0.94093,1.50,1.00
2015.08.26 02:27:20.809,0.94071,0.94093,1.00,1.00
2015.08.26 02:27:21.318,0.9407,0.94093,1.12,1.12
2015.08.26 02:27:27.962,0.94069,0.94094,1.00,1.87
2015.08.26 02:27:28.550,0.94069,0.94092,1.50,1.00
2015.08.26 02:27:31.780,0.9407,0.94092,1.00,1.00
2015.08.26 02:27:33.151,0.94069,0.94092,1.50,1.00
2015.08.26 02:27:33.712,0.9407,0.94092,1.00,1.00
2015.08.26 02:27:35.387,0.94073,0.94097,1.37,1.50
2015.08.26 02:27:35.440,0.94073,0.94098,1.50,1.50
2015.08.26 02:27:39.886,0.94074,0.94101,1.87,1.75
2015.08.26 02:27:39.938,0.94076,0.94101,1.50,1.50
2015.08.26 02:27:40.723,0.94077,0.94101,1.75,1.00
2015.08.26 02:27:41.691,0.94077,0.94101,1.37,1.37
2015.08.26 02:27:41.795,0.94075,0.941,2.25,1.12
2015.08.26 02:27:47.094,0.94075,0.94101,1.50,1.75
2015.08.26 02:27:47.146,0.94075,0.94101,1.75,1.00
2015.08.26 02:27:47.654,0.94078,0.94103,1.50,2.25
2015.08.26 02:27:47.706,0.94079,0.94103,1.37,1.87
2015.08.26 02:27:49.062,0.94079,0.94102,1.75,1.00
2015.08.26 02:27:50.874,0.94079,0.94104,1.75,1.87
2015.08.26 02:27:51.874,0.94079,0.94102,1.75,1.00
2015.08.26 02:27:53.496,0.94079,0.94103,1.75,1.00
2015.08.26 02:27:54.105,0.94079,0.94102,1.75,1.00
2015.08.26 02:27:56.351,0.94079,0.94104,1.75,1.87
2015.08.26 02:28:00.162,0.94081,0.94106,1.50,1.87
2015.08.26 02:28:00.672,0.9408,0.94106,1.75,1.37
2015.08.26 02:28:01.586,0.9408,0.94106,1.75,1.12
2015.08.26 02:28:02.095,0.9408,0.94107,1.75,2.25
2015.08.26 02:28:06.062,0.94082,0.94108,1.12,1.37
2015.08.26 02:28:06.164,0.94087,0.9411,1.00,1.12
2015.08.26 02:28:06.266,0.94087,0.94112,1.50,1.12
2015.08.26 02:28:15.365,0.9409,0.94115,1.00,2.25
2015.08.26 02:28:15.467,0.94091,0.94116,1.75,1.12
2015.08.26 02:28:16.511,0.94092,0.94119,1.75,3.37
2015.08.26 02:28:18.772,0.94093,0.94119,1.50,1.37
2015.08.26 02:28:19.300,0.94093,0.9412,1.75,2.62
2015.08.26 02:28:22.767,0.94091,0.94118,1.75,1.37
2015.08.26 02:28:22.818,0.94091,0.94118,1.75,2.62
2015.08.26 02:28:22.873,0.94089,0.94116,1.75,1.37
2015.08.26 02:28:23.484,0.94086,0.94113,2.62,1.75
2015.08.26 02:28:23.996,0.94085,0.94112,1.75,1.87
2015.08.26 02:28:24.098,0.94084,0.9411,1.87,1.37
2015.08.26 02:28:24.725,0.9408,0.94106,1.12,1.50
2015.08.26 02:28:25.499,0.94077,0.94104,1.75,1.00
2015.08.26 02:28:26.115,0.94077,0.941,1.75,1.00
2015.08.26 02:28:26.168,0.94071,0.94096,1.00,1.50
2015.08.26 02:28:26.681,0.94071,0.94095,1.00,1.00
2015.08.26 02:28:27.691,0.9407,0.94095,1.00,1.50
2015.08.26 02:28:28.409,0.9407,0.94094,1.00,1.12
2015.08.26 02:28:28.511,0.94065,0.94088,1.00,1.50
2015.08.26 02:28:29.099,0.94063,0.94077,1.00,1.00
2015.08.26 02:28:29.150,0.94049,0.94077,1.75,1.37
2015.08.26 02:28:31.295,0.94051,0.94079,1.87,1.50
2015.08.26 02:28:32.604,0.94054,0.94079,1.00,1.50
2015.08.26 02:28:32.666,0.94053,0.9408,1.75,1.50
2015.08.26 02:28:39.046,0.94052,0.94079,1.75,1.75
2015.08.26 02:28:40.233,0.94052,0.9408,2.25,1.50
2015.08.26 02:28:42.163,0.94054,0.94079,1.00,1.00
2015.08.26 02:28:42.533,0.94053,0.9408,1.75,1.50
2015.08.26 02:28:51.141,0.94057,0.94081,1.00,1.50
2015.08.26 02:29:06.366,0.94055,0.94083,1.75,3.00
2015.08.26 02:29:07.027,0.94056,0.94081,1.75,1.00
2015.08.26 02:29:07.965,0.94055,0.9408,1.75,1.00
2015.08.26 02:29:18.947,0.94056,0.94081,1.75,1.00
2015.08.26 02:29:21.497,0.94056,0.9408,1.75,1.00
2015.08.26 02:29:24.909,0.94056,0.94083,1.75,1.12
2015.08.26 02:29:25.460,0.94061,0.94084,1.75,1.00
2015.08.26 02:29:26.057,0.94061,0.94083,1.75,1.00
2015.08.26 02:29:26.823,0.94061,0.94084,1.75,1.00
2015.08.26 02:29:34.483,0.94061,0.94085,1.75,1.00
2015.08.26 02:29:37.158,0.9406,0.94084,1.75,1.00
2015.08.26 02:29:41.189,0.9406,0.94085,1.75,1.00
2015.08.26 02:29:42.388,0.94061,0.94084,1.75,1.00
2015.08.26 02:29:48.785,0.94061,0.94085,1.75,1.00
2015.08.26 02:29:49.090,0.94062,0.94088,1.75,1.12
2015.08.26 02:29:49.243,0.94063,0.94089,1.75,1.00
2015.08.26 02:29:49.853,0.94065,0.94092,1.75,2.25
2015.08.26 02:29:50.265,0.94065,0.94094,1.75,1.50
2015.08.26 02:29:50.316,0.9407,0.94096,1.50,1.75
2015.08.26 02:29:50.368,0.9407,0.94096,1.50,1.37
2015.08.26 02:29:50.521,0.94071,0.94098,1.75,1.12
2015.08.26 02:29:51.801,0.94071,0.94097,1.75,1.00
2015.08.26 02:29:52.337,0.94071,0.94096,1.75,1.00
2015.08.26 02:29:55.926,0.94074,0.94096,1.75,1.00
2015.08.26 02:29:56.465,0.94075,0.94096,1.75,1.00
2015.08.26 02:30:02.578,0.94075,0.94097,1.75,1.00
2015.08.26 02:30:03.469,0.94075,0.941,1.75,1.00
2015.08.26 02:30:04.112,0.94076,0.94102,1.75,1.00
2015.08.26 02:30:05.837,0.94077,0.941,1.75,1.00
2015.08.26 02:30:06.354,0.94077,0.94099,1.75,1.00
2015.08.26 02:30:07.514,0.94077,0.94098,1.75,1.00
2015.08.26 02:30:09.340,0.94077,0.94098,1.75,1.00
2015.08.26 02:30:11.745,0.94076,0.94099,1.75,1.00
2015.08.26 02:30:12.281,0.94077,0.94099,1.75,1.00
2015.08.26 02:30:12.383,0.94077,0.94101,1.75,1.00
2015.08.26 02:30:13.158,0.94073,0.94099,1.75,1.00
2015.08.26 02:30:13.311,0.94073,0.94097,1.75,1.00
2015.08.26 02:30:13.820,0.94072,0.94096,1.75,1.00
2015.08.26 02:30:14.507,0.94072,0.94095,1.75,1.00
2015.08.26 02:30:15.419,0.94071,0.94094,1.75,1.00
2015.08.26 02:30:17.073,0.94071,0.94093,1.75,1.00
2015.08.26 02:30:20.180,0.94071,0.94093,1.75,1.00
2015.08.26 02:30:21.025,0.94068,0.94092,1.75,1.00
2015.08.26 02:30:21.543,0.94067,0.94092,2.25,1.00
2015.08.26 02:30:21.902,0.94067,0.9409,2.25,1.00
2015.08.26 02:30:22.564,0.94067,0.94091,2.25,1.00
2015.08.26 02:30:24.676,0.94067,0.9409,1.75,1.00
2015.08.26 02:30:25.101,0.94067,0.94087,1.75,1.00
2015.08.26 02:30:26.204,0.94066,0.94086,2.62,1.00
2015.08.26 02:30:27.851,0.9407,0.94087,1.00,1.00
2015.08.26 02:30:31.974,0.9407,0.94086,1.00,1.00
2015.08.26 02:30:32.521,0.9407,0.94087,1.00,1.00
2015.08.26 02:30:33.887,0.9407,0.9409,1.00,1.00
2015.08.26 02:30:35.732,0.9407,0.94089,1.00,1.00
2015.08.26 02:30:37.964,0.9407,0.94088,1.00,1.00
2015.08.26 02:30:43.402,0.9407,0.94087,1.00,1.00
2015.08.26 02:30:43.991,0.9407,0.94086,1.00,1.00
2015.08.26 02:30:48.199,0.94066,0.94086,1.12,1.00
2015.08.26 02:30:55.171,0.94066,0.94087,1.12,1.00
2015.08.26 02:30:55.681,0.94066,0.94086,1.12,1.00
2015.08.26 02:31:00.789,0.94066,0.94086,1.12,1.00
2015.08.26 02:31:00.842,0.94059,0.94085,1.75,1.00
2015.08.26 02:31:01.199,0.94058,0.94084,2.25,1.00
2015.08.26 02:31:01.779,0.94058,0.94083,2.25,1.00
2015.08.26 02:31:02.502,0.94058,0.94084,2.25,1.00
2015.08.26 02:31:03.580,0.94057,0.94084,1.87,1.00
2015.08.26 02:31:05.489,0.94059,0.94085,1.75,1.12
2015.08.26 02:31:07.744,0.94058,0.94085,2.25,1.00
2015.08.26 02:31:10.708,0.9406,0.94083,1.75,1.00
2015.08.26 02:31:12.426,0.94058,0.94084,2.25,1.00
2015.08.26 02:31:13.633,0.94059,0.94083,1.75,1.00
2015.08.26 02:31:14.623,0.94058,0.94084,2.25,1.00
2015.08.26 02:31:15.926,0.94059,0.94085,1.75,1.00
2015.08.26 02:31:17.947,0.9406,0.94084,1.75,1.00
2015.08.26 02:31:20.347,0.9406,0.94085,1.75,1.00
2015.08.26 02:31:21.791,0.9406,0.94084,1.75,1.00
2015.08.26 02:31:23.765,0.94059,0.94083,1.75,1.00
2015.08.26 02:31:24.736,0.94058,0.94079,1.75,1.00
2015.08.26 02:31:24.787,0.94057,0.94079,1.00,1.00
2015.08.26 02:31:25.193,0.94057,0.94077,1.00,1.00
2015.08.26 02:31:25.717,0.94057,0.94076,1.00,1.00
2015.08.26 02:31:26.360,0.94057,0.94075,1.00,1.00
2015.08.26 02:31:27.455,0.94051,0.94075,1.75,1.00
2015.08.26 02:31:31.096,0.94051,0.94074,1.75,1.00
2015.08.26 02:31:32.270,0.9405,0.94075,2.25,1.00
2015.08.26 02:31:33.123,0.94052,0.94076,1.75,1.00
2015.08.26 02:31:33.432,0.94052,0.94077,1.75,1.00
2015.08.26 02:31:34.364,0.94052,0.94078,1.75,1.00
2015.08.26 02:31:35.929,0.94051,0.94077,1.75,1.00
2015.08.26 02:31:36.522,0.94052,0.94075,1.75,1.00
2015.08.26 02:31:41.878,0.94049,0.94069,1.12,1.00
2015.08.26 02:31:41.930,0.94042,0.94069,1.87,1.12
2015.08.26 02:31:42.745,0.94042,0.94068,1.87,1.00
2015.08.26 02:31:43.388,0.94042,0.94067,1.75,1.00
2015.08.26 02:31:44.020,0.94041,0.94066,1.75,1.00
2015.08.26 02:31:46.853,0.9404,0.94065,1.75,1.00
2015.08.26 02:31:46.906,0.9404,0.94065,1.75,1.00
2015.08.26 02:31:47.009,0.94039,0.94065,1.75,1.00
2015.08.26 02:31:47.600,0.94041,0.94064,1.00,1.00
2015.08.26 02:31:48.115,0.9404,0.94064,1.75,1.00
2015.08.26 02:31:51.217,0.9404,0.94063,1.75,1.00
2015.08.26 02:31:55.701,0.9404,0.94064,1.75,1.00
2015.08.26 02:31:57.416,0.9404,0.94062,1.75,1.00
2015.08.26 02:31:57.824,0.94035,0.94061,1.75,1.00
2015.08.26 02:31:57.926,0.94035,0.94061,1.75,1.00
2015.08.26 02:31:58.815,0.94035,0.94059,1.75,1.00
2015.08.26 02:32:01.256,0.94034,0.94057,1.12,1.00
2015.08.26 02:32:01.512,0.94033,0.94057,1.50,1.00
2015.08.26 02:32:02.566,0.9403,0.94054,2.25,1.00
2015.08.26 02:32:04.193,0.9403,0.94053,2.25,1.00
2015.08.26 02:32:06.010,0.94031,0.94057,1.75,1.50
2015.08.26 02:32:06.062,0.94034,0.94057,1.50,1.00
2015.08.26 02:32:06.586,0.94033,0.94056,1.75,1.00
2015.08.26 02:32:10.921,0.94032,0.94056,1.75,1.00
2015.08.26 02:32:12.696,0.9403,0.94054,2.25,1.00
2015.08.26 02:32:16.891,0.94031,0.94056,1.75,1.00
2015.08.26 02:32:17.045,0.94033,0.94058,1.50,1.00
2015.08.26 02:32:17.147,0.94034,0.94058,1.75,1.00
2015.08.26 02:32:17.250,0.94034,0.9406,1.75,1.00
2015.08.26 02:32:18.200,0.94034,0.94059,1.75,1.00
2015.08.26 02:32:18.355,0.94033,0.94058,1.75,1.00
2015.08.26 02:32:18.900,0.94033,0.94057,1.75,1.00
2015.08.26 02:32:20.534,0.94033,0.94056,1.75,1.00
2015.08.26 02:32:21.129,0.94031,0.94054,1.37,1.00
2015.08.26 02:32:21.182,0.94027,0.94053,1.75,1.00
2015.08.26 02:32:21.540,0.94028,0.94051,1.50,1.00
2015.08.26 02:32:22.888,0.94028,0.9405,1.50,1.00
2015.08.26 02:32:23.415,0.94028,0.94051,1.50,1.00
2015.08.26 02:32:23.874,0.94028,0.94051,1.50,1.00
2015.08.26 02:32:24.474,0.94031,0.94051,1.75,1.00
2015.08.26 02:32:24.526,0.94031,0.94056,1.75,1.00
2015.08.26 02:32:25.027,0.94031,0.94055,1.75,1.00
2015.08.26 02:32:25.231,0.94031,0.94055,1.12,1.00
2015.08.26 02:32:25.790,0.9403,0.94054,1.50,1.00
2015.08.26 02:32:26.783,0.9403,0.94051,1.50,1.00
2015.08.26 02:32:27.551,0.9403,0.94052,1.50,1.00
2015.08.26 02:32:28.857,0.94028,0.9405,1.75,1.00
2015.08.26 02:32:30.496,0.94029,0.94053,1.75,1.00
2015.08.26 02:32:33.014,0.9403,0.94057,1.75,1.50
2015.08.26 02:32:34.476,0.94032,0.94056,1.50,1.00
2015.08.26 02:32:35.266,0.94031,0.94054,1.75,1.00
2015.08.26 02:32:35.420,0.94031,0.94058,1.75,2.25
2015.08.26 02:32:35.574,0.94034,0.94059,1.75,1.00
2015.08.26 02:32:36.083,0.94038,0.9406,1.00,1.00
2015.08.26 02:32:37.218,0.94037,0.9406,1.75,1.00
2015.08.26 02:32:37.271,0.94037,0.94063,1.75,1.00
2015.08.26 02:32:37.374,0.9404,0.94066,1.75,1.87
2015.08.26 02:32:37.478,0.9404,0.94066,1.75,1.00
2015.08.26 02:32:37.633,0.94042,0.94068,1.75,1.12
2015.08.26 02:32:37.888,0.94043,0.94069,1.75,1.00
2015.08.26 02:32:38.671,0.94043,0.94067,1.75,1.00
2015.08.26 02:32:42.216,0.94042,0.94069,1.75,1.00
2015.08.26 02:32:43.222,0.94044,0.94067,1.75,1.00
2015.08.26 02:32:45.793,0.94043,0.94068,1.75,1.00
2015.08.26 02:32:46.097,0.94047,0.9407,1.75,1.00
2015.08.26 02:32:47.420,0.94048,0.94072,1.75,1.00
2015.08.26 02:32:48.977,0.94052,0.94071,1.00,1.00
2015.08.26 02:32:51.522,0.94052,0.94072,1.00,1.00
2015.08.26 02:32:52.420,0.94052,0.94073,1.00,1.00
2015.08.26 02:32:55.927,0.94051,0.94073,1.75,1.00
2015.08.26 02:33:01.123,0.94052,0.94073,1.75,1.00
2015.08.26 02:33:04.061,0.94051,0.94074,1.75,1.00
2015.08.26 02:33:04.366,0.94051,0.94076,1.75,1.00
2015.08.26 02:33:05.003,0.94052,0.94077,1.75,1.00
2015.08.26 02:33:05.750,0.94054,0.94077,1.75,1.00
2015.08.26 02:33:06.649,0.94054,0.94078,1.75,1.00
2015.08.26 02:33:07.634,0.94055,0.94078,1.75,1.00
2015.08.26 02:33:09.444,0.94053,0.94079,1.75,1.00
2015.08.26 02:33:11.154,0.94053,0.9408,2.25,1.00
2015.08.26 02:33:22.666,0.94054,0.94081,1.75,1.00
2015.08.26 02:33:22.721,0.94054,0.94082,1.75,1.00
2015.08.26 02:33:24.505,0.94055,0.94084,2.62,1.00
2015.08.26 02:33:25.093,0.94055,0.94082,2.62,1.00
2015.08.26 02:33:27.534,0.94056,0.94081,1.75,1.00
2015.08.26 02:33:28.056,0.94056,0.94081,1.75,1.00
2015.08.26 02:33:30.340,0.94055,0.94082,1.75,1.00
2015.08.26 02:33:31.333,0.94055,0.94081,1.75,1.00
2015.08.26 02:33:34.063,0.94055,0.94082,1.75,1.00
2015.08.26 02:33:38.268,0.94054,0.94081,2.25,1.00
2015.08.26 02:33:38.528,0.94055,0.94084,1.75,1.00
2015.08.26 02:33:38.584,0.94056,0.94084,1.75,1.00
2015.08.26 02:33:38.636,0.94056,0.94088,1.75,1.12
2015.08.26 02:33:39.888,0.94059,0.94091,1.75,1.37
2015.08.26 02:33:45.907,0.94067,0.94092,1.00,1.00
2015.08.26 02:33:45.958,0.94067,0.94095,1.00,1.50
2015.08.26 02:33:46.489,0.94067,0.94096,1.00,1.50
2015.08.26 02:33:48.088,0.94065,0.94093,2.25,1.00
2015.08.26 02:33:48.598,0.94066,0.94092,1.75,1.00
2015.08.26 02:33:50.318,0.94066,0.94092,1.75,1.00
2015.08.26 02:33:50.840,0.94068,0.94093,1.75,1.00
2015.08.26 02:33:52.455,0.94068,0.94097,1.75,1.50
2015.08.26 02:33:53.173,0.94071,0.94097,1.75,1.00
2015.08.26 02:33:53.225,0.94071,0.94101,2.25,1.12
2015.08.26 02:33:53.327,0.94073,0.94101,1.75,1.00
2015.08.26 02:33:53.684,0.94073,0.94103,2.25,1.12
2015.08.26 02:33:54.707,0.94073,0.94103,2.25,1.00
2015.08.26 02:33:54.758,0.94074,0.94103,1.75,1.00
2015.08.26 02:33:55.267,0.94074,0.94104,1.75,1.00
2015.08.26 02:33:55.987,0.94074,0.94102,2.25,1.00
2015.08.26 02:33:56.894,0.94074,0.94104,2.25,1.00
2015.08.26 02:33:58.159,0.94075,0.94104,1.75,1.12
2015.08.26 02:33:58.210,0.94075,0.94102,1.75,1.00
2015.08.26 02:33:58.717,0.94075,0.94101,1.75,1.00
2015.08.26 02:33:59.751,0.94073,0.94099,1.75,1.00
2015.08.26 02:34:04.531,0.94073,0.941,1.75,1.00
2015.08.26 02:34:04.736,0.94074,0.94102,1.75,1.00
2015.08.26 02:34:04.838,0.94075,0.94103,2.25,1.00
2015.08.26 02:34:05.144,0.94076,0.94106,1.75,1.00
2015.08.26 02:34:05.349,0.94076,0.94108,1.75,1.87
2015.08.26 02:34:05.959,0.94081,0.94112,2.25,1.37
2015.08.26 02:34:06.012,0.94081,0.94111,2.25,1.00
2015.08.26 02:34:08.527,0.94083,0.9411,1.75,1.00
2015.08.26 02:34:15.364,0.94083,0.94108,1.00,1.00
2015.08.26 02:34:15.884,0.94081,0.94107,1.75,1.00
2015.08.26 02:34:17.437,0.94081,0.94106,1.75,1.00
2015.08.26 02:34:19.300,0.94081,0.94107,1.75,1.00
2015.08.26 02:34:19.810,0.94079,0.94106,2.25,1.00
2015.08.26 02:34:21.469,0.94079,0.94105,2.25,1.00
2015.08.26 02:34:27.685,0.94079,0.94105,2.25,1.00
2015.08.26 02:34:28.198,0.94079,0.94104,2.25,1.00
2015.08.26 02:34:29.423,0.94079,0.94104,2.25,1.00
2015.08.26 02:34:29.475,0.94081,0.94104,1.00,1.00
2015.08.26 02:34:31.673,0.94081,0.94103,1.00,1.00
2015.08.26 02:34:32.203,0.94078,0.94103,2.25,1.00
2015.08.26 02:34:33.052,0.94078,0.94103,1.50,1.00
2015.08.26 02:34:33.257,0.94076,0.94101,1.37,1.00
2015.08.26 02:34:33.766,0.94074,0.941,1.37,1.00
2015.08.26 02:34:33.970,0.94072,0.94099,1.50,1.00
2015.08.26 02:34:34.685,0.9407,0.94098,2.25,1.87
2015.08.26 02:34:35.198,0.94069,0.94097,1.75,1.00
2015.08.26 02:34:35.708,0.94068,0.94096,2.25,1.00
2015.08.26 02:34:37.001,0.94068,0.94095,1.75,1.00
2015.08.26 02:34:37.976,0.94066,0.94094,2.62,1.00
2015.08.26 02:34:44.643,0.94066,0.94093,1.12,1.00
2015.08.26 02:34:45.154,0.94068,0.94094,1.12,1.00
2015.08.26 02:34:48.212,0.94068,0.94094,1.12,1.00
2015.08.26 02:34:49.264,0.94067,0.94094,1.87,1.00
2015.08.26 02:34:51.056,0.94068,0.94093,1.75,1.00
2015.08.26 02:34:52.451,0.94068,0.94094,1.75,1.00
2015.08.26 02:34:53.153,0.94068,0.94095,1.75,1.00
2015.08.26 02:34:54.387,0.94068,0.94094,1.75,1.00
2015.08.26 02:34:54.863,0.94072,0.94097,1.00,1.00
2015.08.26 02:34:54.965,0.94072,0.94099,1.00,1.00
2015.08.26 02:34:55.270,0.9407,0.94098,1.75,1.00
2015.08.26 02:34:57.563,0.9407,0.94097,2.25,1.00
2015.08.26 02:34:58.113,0.9407,0.94097,1.75,1.00
2015.08.26 02:35:00.136,0.9407,0.94096,1.75,1.00
2015.08.26 02:35:00.612,0.94069,0.94096,1.50,1.00
2015.08.26 02:35:01.552,0.94067,0.94094,1.75,1.00
2015.08.26 02:35:03.983,0.94068,0.94095,1.75,1.00
2015.08.26 02:35:04.528,0.94068,0.94094,1.75,1.00
2015.08.26 02:35:08.128,0.94069,0.94095,1.50,1.00
2015.08.26 02:35:08.443,0.94069,0.94095,1.75,1.00
2015.08.26 02:35:15.735,0.94068,0.94096,1.75,1.00
2015.08.26 02:35:15.888,0.94067,0.94095,3.37,1.00
2015.08.26 02:35:15.990,0.94074,0.94097,1.00,1.12
2015.08.26 02:35:16.502,0.94069,0.94096,1.75,1.00
2015.08.26 02:35:17.150,0.94069,0.94097,1.75,1.50
2015.08.26 02:35:17.663,0.9407,0.94098,1.75,1.50
2015.08.26 02:35:18.929,0.94069,0.94096,1.75,1.00
2015.08.26 02:35:22.326,0.94071,0.94097,1.75,1.12
2015.08.26 02:35:25.010,0.94071,0.94097,1.75,1.00
2015.08.26 02:35:25.961,0.94072,0.94097,1.75,1.00
2015.08.26 02:35:27.420,0.94072,0.94097,1.75,1.00
2015.08.26 02:35:28.012,0.94072,0.94097,1.75,1.00
2015.08.26 02:35:35.837,0.94073,0.941,1.75,1.87
2015.08.26 02:35:35.940,0.94075,0.94102,1.75,1.50
2015.08.26 02:35:49.213,0.94075,0.94101,1.75,1.00
2015.08.26 02:35:50.060,0.94075,0.94102,1.75,1.12
2015.08.26 02:35:53.236,0.94075,0.94101,1.75,1.00
2015.08.26 02:35:56.447,0.94074,0.94103,1.87,1.50
2015.08.26 02:36:00.798,0.94076,0.94103,1.12,1.37
2015.08.26 02:36:00.900,0.94076,0.94105,1.12,1.50
2015.08.26 02:36:02.023,0.94079,0.94107,1.75,1.37
2015.08.26 02:36:02.074,0.94079,0.94107,1.75,1.12
2015.08.26 02:36:02.431,0.94078,0.94105,1.75,1.00
2015.08.26 02:36:04.108,0.94078,0.94106,1.75,1.00
2015.08.26 02:36:05.112,0.94078,0.94105,1.75,1.00
2015.08.26 02:36:05.614,0.94085,0.94109,1.00,1.00
2015.08.26 02:36:05.716,0.9408,0.94109,1.75,1.00
2015.08.26 02:36:13.231,0.94085,0.9411,1.50,1.12
2015.08.26 02:36:15.592,0.94085,0.9411,1.50,1.00
2015.08.26 02:36:16.165,0.94086,0.94109,1.75,1.00
2015.08.26 02:36:16.882,0.94085,0.9411,1.75,1.00
2015.08.26 02:36:19.052,0.94086,0.94109,1.75,1.00
2015.08.26 02:36:21.252,0.94086,0.9411,1.75,1.00
2015.08.26 02:36:24.658,0.94085,0.94109,1.75,1.00
2015.08.26 02:36:24.863,0.94082,0.94109,1.75,2.25
2015.08.26 02:36:27.936,0.9408,0.94106,1.75,1.00
2015.08.26 02:36:33.355,0.9408,0.94106,1.75,1.50
2015.08.26 02:36:34.270,0.9408,0.94106,1.75,1.00
2015.08.26 02:36:34.880,0.9408,0.94107,1.75,1.87
2015.08.26 02:36:36.683,0.94081,0.94106,1.75,1.00
2015.08.26 02:36:38.739,0.94081,0.94105,1.75,1.00
2015.08.26 02:36:50.729,0.94081,0.94106,1.75,1.00
2015.08.26 02:36:51.862,0.94081,0.94105,1.75,1.00
2015.08.26 02:36:54.448,0.94081,0.94106,1.75,1.00
2015.08.26 02:36:55.054,0.94081,0.94105,1.75,1.00
2015.08.26 02:36:55.592,0.94081,0.94106,1.75,1.00
2015.08.26 02:36:56.643,0.94081,0.94105,1.75,1.00
2015.08.26 02:37:00.898,0.94081,0.94106,1.75,1.00
2015.08.26 02:37:03.385,0.94081,0.94105,1.75,1.00
2015.08.26 02:37:05.143,0.94081,0.94107,1.75,1.12
2015.08.26 02:37:07.788,0.94081,0.94106,1.75,1.00
2015.08.26 02:37:08.295,0.94081,0.94107,1.75,1.12
2015.08.26 02:37:12.592,0.94081,0.94106,1.75,1.00
2015.08.26 02:37:17.868,0.9408,0.94105,1.75,1.00
2015.08.26 02:37:18.020,0.94082,0.94106,1.00,1.00
2015.08.26 02:37:20.114,0.94082,0.94105,1.00,1.00
2015.08.26 02:37:31.318,0.9408,0.94104,1.75,1.00
2015.08.26 02:37:45.364,0.94079,0.94103,1.75,1.00
2015.08.26 02:37:53.408,0.94079,0.94104,1.75,1.00
2015.08.26 02:38:01.320,0.94078,0.94103,1.75,1.00
2015.08.26 02:38:02.202,0.94078,0.94102,1.75,1.00
2015.08.26 02:38:11.663,0.94078,0.94104,1.75,1.00
2015.08.26 02:38:17.765,0.94077,0.94102,1.87,1.00
2015.08.26 02:38:20.730,0.94078,0.94105,1.75,1.12
2015.08.26 02:38:21.634,0.94078,0.94104,1.75,1.00
2015.08.26 02:38:28.129,0.94077,0.94103,1.75,1.00
2015.08.26 02:38:28.282,0.94073,0.94103,2.25,1.12
2015.08.26 02:38:28.386,0.94073,0.94103,2.25,1.75
2015.08.26 02:38:28.692,0.9407,0.94101,2.62,1.75
2015.08.26 02:38:31.379,0.94069,0.94098,1.75,1.75
2015.08.26 02:38:33.052,0.94066,0.94093,1.75,1.00
2015.08.26 02:38:34.934,0.94066,0.94092,1.75,1.00
2015.08.26 02:38:34.985,0.94066,0.94092,1.75,1.00
2015.08.26 02:38:43.798,0.94064,0.94091,2.25,1.00
2015.08.26 02:38:43.901,0.94063,0.94091,1.75,1.50
2015.08.26 02:38:44.411,0.94062,0.94088,1.75,1.00
2015.08.26 02:38:45.270,0.94061,0.94086,1.75,1.00
2015.08.26 02:38:46.085,0.94059,0.94085,2.62,1.00
2015.08.26 02:38:47.721,0.94059,0.94085,1.87,1.00
2015.08.26 02:38:48.370,0.94059,0.94084,1.75,1.00
2015.08.26 02:38:48.422,0.94058,0.94083,1.75,1.00
2015.08.26 02:38:48.676,0.94055,0.94084,1.75,1.50
2015.08.26 02:38:49.833,0.94055,0.94082,1.75,1.00
2015.08.26 02:38:50.192,0.94054,0.94081,1.75,1.12
2015.08.26 02:38:50.830,0.94053,0.9408,2.25,1.00
2015.08.26 02:38:52.225,0.94051,0.94079,1.75,1.50
2015.08.26 02:38:58.950,0.9405,0.94077,1.87,1.00
2015.08.26 02:38:59.002,0.9405,0.94077,1.87,1.50
2015.08.26 02:38:59.211,0.94046,0.94075,2.25,1.75
2015.08.26 02:39:00.088,0.94045,0.94074,1.75,1.75
2015.08.26 02:39:00.624,0.94043,0.94071,1.87,1.00
2015.08.26 02:39:00.725,0.94043,0.94071,1.87,1.50
2015.08.26 02:39:02.542,0.94045,0.94075,2.62,1.50
2015.08.26 02:39:03.384,0.94052,0.94076,1.00,1.00
2015.08.26 02:39:03.943,0.94051,0.94077,1.75,1.12
2015.08.26 02:39:07.210,0.94054,0.94079,1.00,1.50
2015.08.26 02:39:07.674,0.94051,0.94079,1.12,1.12
2015.08.26 02:39:09.004,0.94051,0.9408,1.12,2.25
2015.08.26 02:39:10.422,0.94049,0.94078,3.37,1.75
2015.08.26 02:39:20.772,0.94048,0.94078,1.75,2.25
2015.08.26 02:39:21.078,0.94044,0.94074,2.62,1.50
2015.08.26 02:39:22.533,0.94043,0.94071,1.75,1.50
2015.08.26 02:39:22.841,0.94042,0.94068,1.75,1.50
2015.08.26 02:39:23.099,0.94042,0.94067,1.00,1.50
2015.08.26 02:39:23.750,0.94039,0.94068,1.75,1.75
2015.08.26 02:39:25.353,0.94037,0.94066,1.75,2.25
2015.08.26 02:39:25.405,0.94037,0.94066,1.75,2.25
2015.08.26 02:39:28.124,0.94036,0.94064,1.75,1.50
2015.08.26 02:39:29.758,0.94033,0.94061,1.75,1.50
2015.08.26 02:39:31.586,0.94032,0.94058,1.75,1.00
2015.08.26 02:39:33.485,0.94032,0.94059,1.75,1.12
2015.08.26 02:39:33.791,0.94062,0.94081,2.10,1.00
2015.08.26 02:39:34.097,0.94067,0.94085,1.72,1.00
2015.08.26 02:39:34.683,0.94067,0.94085,1.72,1.00
2015.08.26 02:39:34.734,0.94067,0.94085,1.37,1.00
2015.08.26 02:39:35.327,0.94067,0.94085,1.87,1.00
2015.08.26 02:39:35.864,0.94067,0.94084,1.87,1.00
2015.08.26 02:39:49.589,0.94067,0.94086,1.87,1.00
2015.08.26 02:39:50.097,0.94067,0.94087,1.87,1.00
2015.08.26 02:39:51.700,0.94067,0.94085,1.87,1.00
2015.08.26 02:39:56.109,0.94069,0.94087,1.12,1.00
2015.08.26 02:39:56.211,0.94071,0.9409,1.37,1.00
2015.08.26 02:39:56.263,0.94071,0.94094,1.37,1.50
2015.08.26 02:39:56.315,0.94073,0.94098,1.50,1.00
2015.08.26 02:39:56.368,0.94075,0.94099,1.37,1.00
2015.08.26 02:39:56.624,0.94075,0.94101,3.00,1.00
2015.08.26 02:39:56.676,0.94078,0.94101,1.75,1.00
2015.08.26 02:39:57.253,0.94081,0.94101,1.12,1.00
2015.08.26 02:39:57.772,0.94081,0.941,1.12,1.00
2015.08.26 02:39:57.926,0.94081,0.94102,1.12,1.00
2015.08.26 02:39:58.130,0.94082,0.94104,1.12,1.00
2015.08.26 02:39:58.724,0.94083,0.94105,1.50,1.00
2015.08.26 02:39:59.907,0.94084,0.94105,1.00,1.37
2015.08.26 02:40:00.578,0.94083,0.94105,1.37,1.00
2015.08.26 02:40:08.411,0.94079,0.94106,1.12,1.00
2015.08.26 02:40:08.527,0.94081,0.94108,1.50,1.00
2015.08.26 02:40:08.578,0.94081,0.94108,1.50,1.00
2015.08.26 02:40:09.088,0.94082,0.94109,1.75,1.50
2015.08.26 02:40:09.723,0.94082,0.94108,1.75,1.00
2015.08.26 02:40:10.183,0.94083,0.9411,1.87,1.50
2015.08.26 02:40:11.206,0.94084,0.9411,1.75,1.00
2015.08.26 02:40:11.805,0.94084,0.94111,1.75,1.50
2015.08.26 02:40:12.970,0.94083,0.94109,1.75,1.00
2015.08.26 02:40:21.918,0.94083,0.94108,1.12,1.00
2015.08.26 02:40:22.435,0.94083,0.94107,1.12,1.00
2015.08.26 02:40:23.454,0.94083,0.94106,1.12,1.00
2015.08.26 02:40:27.708,0.94083,0.94107,1.12,1.00
2015.08.26 02:40:27.915,0.94083,0.94109,1.00,1.00
2015.08.26 02:40:28.017,0.94082,0.94109,1.12,1.00
2015.08.26 02:40:28.223,0.94084,0.94111,1.37,1.00
2015.08.26 02:40:28.992,0.94083,0.9411,1.12,1.00
2015.08.26 02:40:29.554,0.94083,0.94111,1.12,1.00
2015.08.26 02:40:32.968,0.94084,0.9411,1.37,1.50
2015.08.26 02:40:34.181,0.94084,0.94109,1.37,1.00
2015.08.26 02:40:34.691,0.94084,0.9411,1.37,1.00
2015.08.26 02:40:39.853,0.94084,0.9411,1.12,1.50
2015.08.26 02:40:40.416,0.94084,0.94109,1.00,1.00
2015.08.26 02:40:40.949,0.94084,0.9411,1.37,1.50
2015.08.26 02:40:44.469,0.94084,0.9411,1.12,1.00
2015.08.26 02:40:44.725,0.94084,0.94108,1.00,1.50
2015.08.26 02:40:45.721,0.94082,0.94107,1.00,1.50
2015.08.26 02:40:46.271,0.94082,0.94106,1.00,1.00
2015.08.26 02:40:47.679,0.94081,0.94106,1.87,1.00
2015.08.26 02:40:48.679,0.94082,0.94105,1.37,1.00
2015.08.26 02:40:50.033,0.94079,0.94102,2.62,1.00
2015.08.26 02:40:50.542,0.94079,0.94101,1.87,1.00
2015.08.26 02:40:51.447,0.94078,0.94099,1.75,1.00
2015.08.26 02:40:55.422,0.94076,0.94099,1.00,1.50
2015.08.26 02:40:55.526,0.94076,0.94097,1.00,1.00
2015.08.26 02:40:55.833,0.94073,0.94095,1.27,1.00
2015.08.26 02:40:55.885,0.94073,0.94095,1.12,1.00
2015.08.26 02:40:56.190,0.94073,0.94097,1.00,1.50
2015.08.26 02:40:56.784,0.94073,0.94096,1.00,1.00
2015.08.26 02:40:57.364,0.94073,0.94095,1.00,1.00
2015.08.26 02:40:58.048,0.9407,0.94094,1.75,1.00
2015.08.26 02:40:58.578,0.94068,0.94089,2.62,1.00
2015.08.26 02:40:59.198,0.94068,0.94089,1.37,1.00
2015.08.26 02:41:00.011,0.94067,0.94088,1.75,1.00
2015.08.26 02:41:01.516,0.94067,0.94088,1.12,1.00
2015.08.26 02:41:04.962,0.94068,0.94089,1.50,1.12
2015.08.26 02:41:05.594,0.94067,0.94092,1.12,1.00
2015.08.26 02:41:06.119,0.94067,0.94093,1.87,1.50
2015.08.26 02:41:06.898,0.94067,0.94091,1.87,1.00
2015.08.26 02:41:07.312,0.94067,0.94089,1.12,1.00
2015.08.26 02:41:08.257,0.94066,0.94088,1.75,1.00
2015.08.26 02:41:08.763,0.94066,0.94087,1.75,1.00
2015.08.26 02:41:10.315,0.94065,0.94087,2.85,1.00
2015.08.26 02:41:11.188,0.94067,0.94085,1.12,1.00
2015.08.26 02:41:14.031,0.94067,0.94086,1.00,1.00
2015.08.26 02:41:14.658,0.94065,0.94086,2.85,1.00
2015.08.26 02:41:15.753,0.94065,0.94086,3.60,1.00
2015.08.26 02:41:16.520,0.94065,0.94086,2.62,1.00
2015.08.26 02:41:21.250,0.94065,0.94085,3.22,1.00
2015.08.26 02:41:22.762,0.94069,0.94083,1.12,1.00
2015.08.26 02:41:24.969,0.94069,0.94082,1.12,1.00
2015.08.26 02:41:28.045,0.94069,0.94083,1.12,1.00
2015.08.26 02:41:30.481,0.94069,0.94082,1.12,1.00
2015.08.26 02:41:31.452,0.94069,0.94081,1.00,1.00
2015.08.26 02:41:31.707,0.94069,0.94083,1.00,1.00
2015.08.26 02:41:32.256,0.94069,0.94082,1.00,1.00
2015.08.26 02:41:33.822,0.94068,0.94084,1.00,3.00
2015.08.26 02:41:33.975,0.94068,0.94081,1.00,1.00
2015.08.26 02:41:34.027,0.94066,0.94081,1.00,1.00
2015.08.26 02:41:34.078,0.94066,0.94083,1.00,1.00
2015.08.26 02:41:39.776,0.94066,0.94082,1.72,1.00
2015.08.26 02:41:42.434,0.94066,0.94081,1.35,1.00
2015.08.26 02:42:02.044,0.94066,0.94081,2.10,1.00
2015.08.26 02:42:02.197,0.94066,0.94084,2.10,1.87
2015.08.26 02:42:02.350,0.94066,0.94085,2.10,1.87
2015.08.26 02:42:03.813,0.94066,0.94085,2.10,1.37
2015.08.26 02:42:04.324,0.94066,0.94084,2.47,1.12
2015.08.26 02:42:18.865,0.94066,0.94083,2.47,1.00
2015.08.26 02:42:23.722,0.94066,0.94084,2.47,1.12
2015.08.26 02:42:25.290,0.94066,0.94082,2.47,1.00
2015.08.26 02:42:41.754,0.94066,0.94083,1.72,1.00
2015.08.26 02:42:52.085,0.94066,0.94082,1.72,1.00
2015.08.26 02:42:54.608,0.94066,0.94084,1.72,1.12
2015.08.26 02:43:11.112,0.94066,0.94082,1.72,1.00
2015.08.26 02:43:11.366,0.94067,0.94086,1.72,1.37
2015.08.26 02:43:11.874,0.94067,0.94086,1.72,1.87
2015.08.26 02:43:12.255,0.94067,0.94086,1.72,1.37
2015.08.26 02:43:12.949,0.94067,0.94086,1.72,1.37
2015.08.26 02:43:17.754,0.94067,0.94086,1.72,1.37
2015.08.26 02:43:17.806,0.94068,0.94091,2.10,1.00
2015.08.26 02:43:18.402,0.94068,0.94092,2.10,1.00
2015.08.26 02:43:19.129,0.94069,0.94093,1.67,1.12
2015.08.26 02:43:20.435,0.94069,0.94093,1.35,1.00
2015.08.26 02:43:20.487,0.94073,0.94097,1.00,1.50
2015.08.26 02:43:20.539,0.94073,0.94097,1.37,1.12
2015.08.26 02:43:20.643,0.94072,0.94099,1.72,1.00
2015.08.26 02:43:20.695,0.94072,0.94099,1.87,1.00
2015.08.26 02:43:25.173,0.94073,0.941,1.75,1.00
2015.08.26 02:43:30.599,0.94074,0.94101,1.87,1.50
2015.08.26 02:43:35.071,0.94074,0.94101,1.87,1.50
2015.08.26 02:43:36.073,0.94076,0.941,1.37,1.00
2015.08.26 02:43:37.797,0.94074,0.941,1.12,1.00
2015.08.26 02:43:38.321,0.94074,0.94099,1.12,1.00
2015.08.26 02:43:47.600,0.94075,0.94101,1.87,1.00
2015.08.26 02:43:50.674,0.94076,0.941,1.12,1.00
2015.08.26 02:43:55.980,0.94076,0.94101,1.12,1.00
2015.08.26 02:43:57.202,0.94076,0.94101,1.75,1.00
2015.08.26 02:43:57.506,0.94077,0.94104,1.87,1.00
2015.08.26 02:43:58.014,0.94078,0.94105,1.50,1.00
2015.08.26 02:43:59.116,0.94078,0.94105,1.87,1.00
2015.08.26 02:43:59.624,0.94078,0.94105,1.87,1.00
2015.08.26 02:44:00.741,0.94079,0.94105,1.50,1.00
2015.08.26 02:44:01.046,0.94083,0.94109,1.87,1.68
2015.08.26 02:44:01.686,0.94083,0.94109,1.37,2.43
2015.08.26 02:44:02.195,0.94083,0.94108,1.37,1.00
2015.08.26 02:44:02.697,0.94082,0.94107,1.87,1.00
2015.08.26 02:44:02.799,0.94082,0.94107,1.00,1.00
2015.08.26 02:44:06.655,0.94081,0.94107,1.12,1.00
2015.08.26 02:44:07.609,0.9408,0.94104,1.37,1.00
2015.08.26 02:44:08.116,0.9408,0.94104,1.00,1.00
2015.08.26 02:44:09.126,0.94074,0.94098,1.75,1.00
2015.08.26 02:44:09.177,0.94074,0.94097,1.12,1.00
2015.08.26 02:44:09.687,0.94073,0.94098,2.25,1.00
2015.08.26 02:44:09.738,0.94073,0.94099,2.62,1.00
2015.08.26 02:44:11.405,0.94075,0.94099,1.12,1.00
2015.08.26 02:44:12.587,0.94073,0.94097,2.62,1.00
2015.08.26 02:44:14.139,0.94074,0.94098,1.50,1.00
2015.08.26 02:44:15.309,0.94075,0.94099,1.12,1.00
2015.08.26 02:44:20.737,0.94075,0.94099,1.37,1.00
2015.08.26 02:44:24.382,0.94076,0.94103,1.87,1.12
2015.08.26 02:44:24.894,0.94078,0.94102,1.12,1.00
2015.08.26 02:44:25.850,0.94078,0.94103,1.87,1.12
2015.08.26 02:44:27.725,0.94079,0.94103,1.12,1.50
2015.08.26 02:44:30.114,0.94078,0.94101,1.37,1.00
2015.08.26 02:44:30.941,0.94078,0.94101,1.00,1.12
2015.08.26 02:44:33.136,0.94077,0.94102,2.62,1.00
2015.08.26 02:44:33.188,0.94079,0.94104,1.75,1.12
2015.08.26 02:44:34.581,0.94082,0.94104,1.00,1.12
2015.08.26 02:44:35.480,0.94083,0.94105,1.00,1.50
2015.08.26 02:44:37.086,0.94082,0.94105,1.00,1.50
2015.08.26 02:44:37.793,0.9408,0.94103,1.50,1.00
2015.08.26 02:44:40.207,0.94081,0.94104,1.12,1.12
2015.08.26 02:44:41.460,0.94081,0.94103,1.12,1.00
2015.08.26 02:44:43.420,0.94077,0.94099,1.00,1.00
2015.08.26 02:44:43.964,0.94077,0.941,1.00,1.12
2015.08.26 02:44:49.695,0.94074,0.94098,1.75,1.00
2015.08.26 02:44:50.769,0.94075,0.94098,1.50,1.00
2015.08.26 02:44:56.348,0.94076,0.94099,1.50,1.12
2015.08.26 02:44:56.653,0.94078,0.94101,1.00,1.12
2015.08.26 02:44:57.438,0.94077,0.941,1.37,1.00
2015.08.26 02:44:57.981,0.94078,0.94099,1.12,1.00
2015.08.26 02:44:59.176,0.94078,0.94099,1.50,1.00
2015.08.26 02:44:59.706,0.94078,0.94099,1.50,1.00
2015.08.26 02:45:00.132,0.94078,0.94099,1.87,1.00
2015.08.26 02:45:01.368,0.94079,0.94099,1.87,1.00
2015.08.26 02:45:01.419,0.94079,0.94103,1.87,1.00
2015.08.26 02:45:02.181,0.9408,0.94103,1.75,1.00
2015.08.26 02:45:02.933,0.9408,0.94104,1.75,1.00
2015.08.26 02:45:03.476,0.94082,0.94103,1.00,1.00
2015.08.26 02:45:03.980,0.94082,0.94104,1.00,1.00
2015.08.26 02:45:13.033,0.94081,0.94105,1.50,1.50
2015.08.26 02:45:13.929,0.94081,0.94104,1.50,1.00
2015.08.26 02:45:14.517,0.94082,0.94103,1.12,1.00
2015.08.26 02:45:15.115,0.94082,0.94104,1.12,1.00
2015.08.26 02:45:19.320,0.94079,0.94103,1.12,1.00
2015.08.26 02:45:19.832,0.94078,0.94104,1.75,1.00
2015.08.26 02:45:20.678,0.9408,0.94104,1.00,1.00
2015.08.26 02:45:21.403,0.9408,0.94103,1.00,1.00
2015.08.26 02:45:22.440,0.9408,0.94104,1.00,1.00
2015.08.26 02:45:23.035,0.9408,0.94102,1.00,1.00
2015.08.26 02:45:23.188,0.94077,0.94101,1.50,1.50
2015.08.26 02:45:26.676,0.94076,0.941,1.12,1.12
2015.08.26 02:45:27.326,0.94079,0.94099,1.00,1.00
2015.08.26 02:45:27.835,0.94079,0.941,1.00,1.00
2015.08.26 02:45:28.634,0.94077,0.94101,1.12,1.12
2015.08.26 02:45:29.185,0.9408,0.94101,1.00,1.00
2015.08.26 02:45:29.338,0.94079,0.94103,1.12,1.00
2015.08.26 02:45:33.211,0.9408,0.94103,1.12,1.00
2015.08.26 02:45:34.221,0.9408,0.94103,1.37,1.00
2015.08.26 02:45:35.984,0.9408,0.94103,1.12,1.12
2015.08.26 02:45:36.086,0.94078,0.94103,2.62,1.00
2015.08.26 02:45:40.140,0.94079,0.94104,1.87,1.00
2015.08.26 02:45:40.938,0.94078,0.94105,2.62,1.00
2015.08.26 02:45:41.627,0.94084,0.94106,1.00,1.12
2015.08.26 02:45:42.130,0.94084,0.94107,1.37,1.00
2015.08.26 02:45:45.775,0.94084,0.94106,1.37,1.00
2015.08.26 02:45:47.552,0.94084,0.94107,1.87,1.00
2015.08.26 02:45:48.097,0.94084,0.94107,1.87,1.00
2015.08.26 02:45:49.107,0.94085,0.94107,1.12,1.00
2015.08.26 02:45:49.615,0.94085,0.94107,1.37,1.00
2015.08.26 02:45:51.912,0.94085,0.94107,1.00,1.00
2015.08.26 02:45:52.219,0.94079,0.94103,1.50,1.37
2015.08.26 02:45:52.270,0.94079,0.94103,1.12,1.50
2015.08.26 02:45:53.635,0.94078,0.941,1.12,1.00
2015.08.26 02:45:53.686,0.94076,0.941,2.25,1.00
2015.08.26 02:45:54.292,0.94076,0.94098,1.37,1.00
2015.08.26 02:45:55.167,0.94076,0.94097,1.37,1.00
2015.08.26 02:45:58.106,0.94076,0.94098,1.87,1.00
2015.08.26 02:45:58.657,0.94076,0.94098,1.50,1.00
2015.08.26 02:45:59.801,0.94077,0.94098,1.12,1.00
2015.08.26 02:46:10.748,0.94077,0.94099,1.12,1.12
2015.08.26 02:46:12.815,0.94079,0.94099,1.00,1.12
2015.08.26 02:46:13.383,0.9408,0.94098,1.00,1.00
2015.08.26 02:46:14.651,0.9408,0.94099,1.00,1.00
2015.08.26 02:46:15.402,0.94079,0.94099,1.00,1.00
2015.08.26 02:46:15.505,0.94078,0.94101,1.50,1.12
2015.08.26 02:46:16.313,0.94078,0.941,1.50,1.00
2015.08.26 02:46:18.021,0.94079,0.941,1.87,1.00
2015.08.26 02:46:18.073,0.94079,0.94102,1.87,1.00
2015.08.26 02:46:19.806,0.94081,0.94103,1.12,1.00
2015.08.26 02:46:26.222,0.94082,0.94103,1.00,1.00
2015.08.26 02:46:26.528,0.94082,0.94105,1.87,1.00
2015.08.26 02:46:28.236,0.94084,0.94107,1.12,1.12
2015.08.26 02:46:29.124,0.94086,0.94107,1.00,1.12
2015.08.26 02:46:29.856,0.94086,0.94108,1.12,1.00
2015.08.26 02:46:30.410,0.94087,0.94108,1.00,1.00
2015.08.26 02:46:35.864,0.94087,0.94106,1.00,1.00
2015.08.26 02:46:36.223,0.94084,0.94106,1.50,1.00
2015.08.26 02:46:36.867,0.94086,0.94107,1.00,1.00
2015.08.26 02:46:41.823,0.94086,0.94106,1.00,1.00
2015.08.26 02:46:43.198,0.94086,0.94107,1.00,1.12
2015.08.26 02:46:43.716,0.94086,0.94106,1.00,1.00
2015.08.26 02:46:51.687,0.94085,0.94106,1.00,1.00
2015.08.26 02:46:52.390,0.94083,0.94104,1.00,1.00
2015.08.26 02:47:00.136,0.94082,0.94103,1.75,1.50
2015.08.26 02:47:07.675,0.94083,0.94103,1.87,1.12
2015.08.26 02:47:08.667,0.94081,0.94102,1.75,1.50
2015.08.26 02:47:09.348,0.94081,0.94101,1.50,1.50
2015.08.26 02:47:09.881,0.9408,0.94099,1.00,1.75
2015.08.26 02:47:11.761,0.9408,0.94099,1.12,1.50
2015.08.26 02:47:12.338,0.94079,0.94098,1.00,1.00
2015.08.26 02:47:13.862,0.94078,0.94098,1.50,1.50
2015.08.26 02:47:14.371,0.94078,0.94097,1.12,1.00
2015.08.26 02:47:15.948,0.94079,0.94097,1.00,1.00
2015.08.26 02:47:20.597,0.94077,0.94097,1.87,1.00
2015.08.26 02:47:29.307,0.94077,0.94097,1.50,1.00
2015.08.26 02:47:29.616,0.94072,0.94092,1.50,1.00
2015.08.26 02:47:30.255,0.94071,0.94092,1.50,1.75
2015.08.26 02:47:33.920,0.94072,0.94091,1.50,1.12
2015.08.26 02:47:34.228,0.94074,0.94095,1.12,1.50
2015.08.26 02:47:34.637,0.94075,0.94094,1.00,1.75
2015.08.26 02:47:35.274,0.94075,0.94095,1.75,1.12
2015.08.26 02:47:37.206,0.94076,0.94095,1.12,1.50
2015.08.26 02:47:37.795,0.94077,0.94095,1.00,1.50
2015.08.26 02:47:39.105,0.94077,0.94095,1.12,1.12
2015.08.26 02:47:39.308,0.94079,0.94097,1.00,1.00
2015.08.26 02:47:39.613,0.9408,0.94098,1.37,1.00
2015.08.26 02:47:40.509,0.94079,0.94099,1.87,1.00
2015.08.26 02:47:40.834,0.94082,0.94101,1.37,1.12
2015.08.26 02:47:43.425,0.94082,0.94101,1.00,1.50
2015.08.26 02:47:43.735,0.94082,0.94101,1.12,1.00
2015.08.26 02:47:44.338,0.94082,0.94102,1.37,1.50
2015.08.26 02:47:48.097,0.94082,0.94102,1.12,1.12
2015.08.26 02:47:49.146,0.94082,0.94102,1.37,1.50
2015.08.26 02:47:50.638,0.94082,0.94102,1.87,1.87
2015.08.26 02:48:02.908,0.94083,0.94102,1.37,1.12
2015.08.26 02:48:05.242,0.94083,0.94101,1.37,1.00
2015.08.26 02:48:06.681,0.94083,0.94101,1.00,1.12
2015.08.26 02:48:07.320,0.94082,0.94101,1.00,1.50
2015.08.26 02:48:07.842,0.94082,0.941,1.37,1.00
2015.08.26 02:48:08.373,0.94082,0.94101,1.37,1.12
2015.08.26 02:48:09.169,0.94082,0.941,1.37,1.00
2015.08.26 02:48:09.766,0.94082,0.94101,1.37,1.12
2015.08.26 02:48:10.842,0.94081,0.94101,1.75,1.50
2015.08.26 02:48:11.472,0.94082,0.94101,1.00,1.37
2015.08.26 02:48:15.687,0.94081,0.941,1.87,1.00
2015.08.26 02:48:19.590,0.94082,0.941,1.00,1.12
2015.08.26 02:48:20.099,0.94083,0.94103,1.12,1.50
2015.08.26 02:48:20.987,0.94085,0.94105,1.37,1.50
2015.08.26 02:48:21.039,0.94085,0.94107,1.75,1.50
2015.08.26 02:48:21.395,0.94085,0.94106,1.50,1.75
2015.08.26 02:48:22.369,0.94083,0.94103,1.37,1.50
2015.08.26 02:48:22.888,0.94084,0.94103,1.37,1.12
2015.08.26 02:48:24.702,0.94084,0.94103,1.50,1.37
2015.08.26 02:48:27.383,0.94084,0.94103,1.50,1.00
2015.08.26 02:48:29.639,0.94084,0.94104,1.50,1.12
2015.08.26 02:48:30.461,0.94084,0.94104,1.12,1.75
2015.08.26 02:48:30.522,0.9408,0.94102,1.75,1.75
2015.08.26 02:48:30.727,0.94079,0.941,1.87,1.75
2015.08.26 02:48:31.033,0.94078,0.941,1.12,1.75
2015.08.26 02:48:37.504,0.94082,0.94101,1.12,1.75
2015.08.26 02:48:38.858,0.94082,0.94103,1.50,1.75
2015.08.26 02:48:38.917,0.94082,0.94102,1.87,1.00
2015.08.26 02:48:39.121,0.94083,0.94104,1.50,1.12
2015.08.26 02:48:39.224,0.94083,0.94106,1.75,1.75
2015.08.26 02:48:39.530,0.94085,0.94106,1.75,1.12
2015.08.26 02:48:40.789,0.94088,0.9411,1.75,1.50
2015.08.26 02:48:42.387,0.94089,0.9411,1.50,1.75
2015.08.26 02:48:44.513,0.9409,0.94109,1.00,1.00
2015.08.26 02:48:45.555,0.94089,0.94109,1.87,1.12
2015.08.26 02:48:46.215,0.94088,0.94109,1.50,1.75
2015.08.26 02:48:47.160,0.94089,0.94109,1.50,1.50
2015.08.26 02:48:54.807,0.94091,0.94109,1.00,1.50
2015.08.26 02:48:56.168,0.94091,0.9411,1.00,1.50
2015.08.26 02:48:58.567,0.94091,0.9411,1.00,1.75
2015.08.26 02:48:59.539,0.9409,0.9411,1.12,1.75
2015.08.26 02:49:02.102,0.94089,0.94109,1.12,1.75
2015.08.26 02:49:03.255,0.94088,0.94107,1.37,1.50
2015.08.26 02:49:03.822,0.94088,0.94105,1.00,1.00
2015.08.26 02:49:04.622,0.94082,0.94099,1.00,1.50
2015.08.26 02:49:05.334,0.94083,0.94099,1.00,1.50
2015.08.26 02:49:08.045,0.94081,0.94099,1.00,1.75
2015.08.26 02:49:17.593,0.94081,0.941,1.37,1.75
2015.08.26 02:49:18.495,0.94083,0.94098,1.00,1.00
2015.08.26 02:49:19.772,0.94083,0.941,1.00,1.50
2015.08.26 02:49:21.220,0.94084,0.94101,1.00,1.75
2015.08.26 02:49:27.549,0.94079,0.94097,1.00,1.75
2015.08.26 02:49:27.651,0.94077,0.94097,1.12,1.75
2015.08.26 02:49:29.012,0.94076,0.94095,1.00,1.00
2015.08.26 02:49:32.611,0.94074,0.94093,1.37,1.12
2015.08.26 02:49:32.916,0.94072,0.94092,1.37,1.50
2015.08.26 02:49:34.175,0.94072,0.94093,1.87,1.50
2015.08.26 02:49:36.022,0.94073,0.94092,1.12,1.12
2015.08.26 02:49:36.174,0.9407,0.94092,1.87,1.75
2015.08.26 02:49:36.683,0.9407,0.9409,1.12,1.75
2015.08.26 02:49:37.942,0.94071,0.9409,1.00,1.75
2015.08.26 02:49:40.153,0.94071,0.94091,1.12,1.75
2015.08.26 02:49:41.028,0.94073,0.94091,1.00,1.75
2015.08.26 02:49:41.240,0.94074,0.94092,1.00,1.50
2015.08.26 02:49:41.597,0.94075,0.94095,1.37,1.75
2015.08.26 02:49:41.751,0.94075,0.94096,1.87,1.75
2015.08.26 02:49:41.853,0.94075,0.94096,1.50,1.50
2015.08.26 02:49:42.485,0.94076,0.94097,1.75,1.50
2015.08.26 02:49:42.792,0.94074,0.94097,1.12,1.75
2015.08.26 02:49:44.929,0.94075,0.94095,1.12,1.50
2015.08.26 02:49:46.085,0.94074,0.94095,1.37,1.75
2015.08.26 02:49:47.619,0.94074,0.94094,1.37,1.00
2015.08.26 02:49:48.172,0.94075,0.94096,1.37,1.50
2015.08.26 02:49:48.274,0.94077,0.94097,1.37,1.50
2015.08.26 02:49:48.478,0.94077,0.94097,1.12,1.50
2015.08.26 02:49:49.925,0.94078,0.94097,1.00,1.00
2015.08.26 02:49:50.992,0.94075,0.94096,1.75,1.37
2015.08.26 02:49:51.501,0.94074,0.94095,1.75,1.50
2015.08.26 02:49:53.976,0.94075,0.94095,1.87,1.00
2015.08.26 02:49:54.707,0.94078,0.94098,1.50,1.50
2015.08.26 02:49:55.245,0.94079,0.94098,1.37,1.75
2015.08.26 02:49:56.792,0.94076,0.94096,1.50,1.37
2015.08.26 02:49:57.599,0.94075,0.94098,1.95,1.75
2015.08.26 02:49:57.806,0.94077,0.94099,1.12,1.75
2015.08.26 02:49:58.215,0.94078,0.94098,1.37,1.00
2015.08.26 02:49:58.900,0.94079,0.941,1.75,1.00
2015.08.26 02:49:59.408,0.9408,0.94102,1.12,1.75
2015.08.26 02:50:00.537,0.9408,0.941,1.37,1.50
2015.08.26 02:50:01.063,0.9408,0.941,1.00,1.75
2015.08.26 02:50:01.674,0.94078,0.941,1.12,1.75
2015.08.26 02:50:06.394,0.9408,0.94101,1.50,1.75
2015.08.26 02:50:06.496,0.94082,0.941,1.00,1.00
2015.08.26 02:50:07.821,0.94076,0.94098,1.50,1.50
2015.08.26 02:50:08.127,0.94075,0.94096,1.12,1.75
2015.08.26 02:50:14.187,0.94076,0.94096,1.00,1.75
2015.08.26 02:50:15.140,0.94077,0.94094,1.37,1.00
2015.08.26 02:50:22.428,0.94077,0.94098,1.12,1.75
2015.08.26 02:50:22.633,0.94078,0.94098,1.37,1.00
2015.08.26 02:50:24.065,0.9408,0.94101,1.00,1.50
2015.08.26 02:50:24.117,0.94079,0.94101,1.12,1.50
2015.08.26 02:50:24.525,0.94082,0.94103,1.12,1.37
2015.08.26 02:50:25.219,0.94084,0.94106,1.37,1.75
2015.08.26 02:50:27.850,0.94084,0.94103,1.00,1.50
2015.08.26 02:50:28.460,0.94084,0.94104,1.37,1.50
2015.08.26 02:50:29.376,0.94084,0.94105,1.12,1.50
2015.08.26 02:50:35.013,0.94084,0.94104,1.87,1.00
2015.08.26 02:50:37.290,0.94087,0.94106,1.12,1.50
2015.08.26 02:50:37.799,0.94086,0.94107,1.12,1.75
2015.08.26 02:50:40.277,0.94085,0.94107,1.75,1.87
2015.08.26 02:50:42.640,0.94086,0.94107,1.87,1.75
2015.08.26 02:50:43.558,0.94086,0.94107,1.75,1.50
2015.08.26 02:50:44.369,0.94087,0.94109,1.75,1.75
2015.08.26 02:50:45.120,0.94091,0.94112,2.25,1.12
2015.08.26 02:50:45.172,0.94092,0.94117,1.75,1.75
2015.08.26 02:50:45.873,0.94094,0.94118,1.75,1.75
2015.08.26 02:50:46.881,0.94099,0.94118,1.00,1.50
2015.08.26 02:50:46.938,0.941,0.9412,1.37,1.50
2015.08.26 02:50:47.448,0.941,0.94121,1.12,1.50
2015.08.26 02:50:48.261,0.94101,0.94121,1.37,1.12
2015.08.26 02:50:48.766,0.94103,0.94122,1.50,1.12
2015.08.26 02:50:49.697,0.94103,0.94122,1.00,1.50
2015.08.26 02:50:50.229,0.94105,0.94122,1.00,1.12
2015.08.26 02:50:51.848,0.94103,0.94122,1.87,1.00
2015.08.26 02:50:53.397,0.94102,0.94123,1.87,1.50
2015.08.26 02:50:56.412,0.94103,0.94123,1.00,1.12
2015.08.26 02:50:59.360,0.94103,0.94124,1.12,1.12
2015.08.26 02:51:00.035,0.94103,0.94123,1.00,1.00
2015.08.26 02:51:01.015,0.94101,0.94122,1.50,1.00
2015.08.26 02:51:01.524,0.94101,0.94123,1.50,1.12
2015.08.26 02:51:02.448,0.94101,0.94122,1.50,1.00
2015.08.26 02:51:02.955,0.94101,0.94121,1.12,1.00
2015.08.26 02:51:03.215,0.94101,0.94119,1.00,1.00
2015.08.26 02:51:03.266,0.94099,0.94119,1.00,1.00
2015.08.26 02:51:03.843,0.94098,0.94119,1.00,1.37
2015.08.26 02:51:04.353,0.94097,0.94117,1.12,1.00
2015.08.26 02:51:05.858,0.94099,0.94118,1.00,1.12
2015.08.26 02:51:07.726,0.94099,0.94119,1.00,1.00
2015.08.26 02:51:09.065,0.94099,0.94117,1.00,1.00
2015.08.26 02:51:09.473,0.94097,0.94116,1.00,1.12
2015.08.26 02:51:10.665,0.94096,0.94116,1.00,1.12
2015.08.26 02:51:11.282,0.94097,0.94116,1.00,1.12
2015.08.26 02:51:11.691,0.94095,0.94116,1.00,1.12
2015.08.26 02:51:12.478,0.94096,0.94116,1.00,1.12
2015.08.26 02:51:13.090,0.94097,0.94116,1.00,1.12
2015.08.26 02:51:14.278,0.94096,0.94116,1.00,1.12
2015.08.26 02:51:14.635,0.94096,0.94114,1.00,1.00
2015.08.26 02:51:14.686,0.94093,0.94114,1.00,1.00
2015.08.26 02:51:15.443,0.94092,0.94113,1.12,1.00
2015.08.26 02:51:16.980,0.94092,0.94115,1.12,1.50
2015.08.26 02:51:17.931,0.94093,0.94114,1.00,1.12
2015.08.26 02:51:21.023,0.94093,0.94113,1.00,1.00
2015.08.26 02:51:21.591,0.94094,0.94113,1.00,1.00
2015.08.26 02:51:22.727,0.94095,0.94113,1.00,1.00
2015.08.26 02:51:23.084,0.94095,0.94115,1.00,1.00
2015.08.26 02:51:23.186,0.94095,0.94115,1.37,1.00
2015.08.26 02:51:23.289,0.94096,0.94117,1.37,1.00
2015.08.26 02:51:24.036,0.94097,0.94118,1.12,1.00
2015.08.26 02:51:24.242,0.94099,0.94117,1.00,1.00
2015.08.26 02:51:24.933,0.94099,0.94118,1.00,1.12
2015.08.26 02:51:26.070,0.941,0.94116,1.00,1.12
2015.08.26 02:51:26.439,0.94098,0.94116,1.00,1.12
2015.08.26 02:51:27.673,0.94099,0.94116,1.00,1.12
2015.08.26 02:51:28.283,0.941,0.94116,1.00,1.12
2015.08.26 02:51:28.786,0.94099,0.94116,1.00,1.12
2015.08.26 02:51:35.419,0.94099,0.94117,2.85,1.50
2015.08.26 02:51:35.572,0.94113,0.94128,2.10,1.00
2015.08.26 02:51:35.623,0.94113,0.94133,1.50,1.75
2015.08.26 02:51:35.676,0.94113,0.94134,2.10,1.50
2015.08.26 02:51:35.880,0.94116,0.94135,1.35,1.00
2015.08.26 02:51:36.593,0.94117,0.94135,1.00,1.00
2015.08.26 02:51:37.270,0.94117,0.94136,1.00,1.12
2015.08.26 02:51:41.930,0.94117,0.94136,1.37,1.12
2015.08.26 02:51:42.032,0.94117,0.94137,1.72,1.50
2015.08.26 02:51:42.137,0.94117,0.94137,1.72,1.50
2015.08.26 02:51:42.189,0.94117,0.94137,1.37,1.00
2015.08.26 02:51:42.768,0.94117,0.94138,1.37,1.12
2015.08.26 02:51:45.026,0.94117,0.94139,1.87,1.12
2015.08.26 02:51:45.432,0.94116,0.94138,2.85,1.00
2015.08.26 02:51:45.635,0.94117,0.94138,1.37,1.00
2015.08.26 02:51:49.269,0.94117,0.94139,1.12,1.12
2015.08.26 02:51:49.577,0.94116,0.94139,2.10,1.12
2015.08.26 02:51:53.060,0.9412,0.94139,1.00,1.12
2015.08.26 02:51:59.939,0.94118,0.94139,1.37,1.12
2015.08.26 02:52:02.421,0.9412,0.94139,1.00,1.12
2015.08.26 02:52:15.402,0.94121,0.9414,1.00,1.50
2015.08.26 02:52:17.532,0.94119,0.94139,1.00,1.12
2015.08.26 02:52:21.340,0.94122,0.9414,2.10,1.50
2015.08.26 02:52:21.442,0.94134,0.94148,1.60,1.68
2015.08.26 02:52:21.646,0.94136,0.94154,1.00,1.00
2015.08.26 02:52:24.557,0.94136,0.94153,1.72,1.00
2015.08.26 02:52:25.065,0.94135,0.94153,1.30,1.12
2015.08.26 02:52:27.104,0.94135,0.94153,1.35,1.37
2015.08.26 02:52:27.611,0.94136,0.94153,1.00,1.37
2015.08.26 02:52:29.467,0.94136,0.94152,1.60,1.12
2015.08.26 02:52:29.518,0.94142,0.94152,1.35,1.00
2015.08.26 02:52:29.570,0.94142,0.94155,1.35,1.12
2015.08.26 02:52:29.621,0.94136,0.94155,1.37,1.12
2015.08.26 02:52:29.723,0.94131,0.94155,3.22,1.00
2015.08.26 02:52:30.311,0.94136,0.94154,1.00,1.00
2015.08.26 02:52:30.768,0.94134,0.94151,1.72,1.00
2015.08.26 02:52:31.023,0.94131,0.94151,1.00,1.30
2015.08.26 02:52:31.075,0.94129,0.9414,1.00,1.00
2015.08.26 02:52:31.126,0.94123,0.9414,1.37,1.00
2015.08.26 02:52:31.705,0.94122,0.9414,1.00,1.00
2015.08.26 02:52:31.762,0.94114,0.9414,1.00,1.00
2015.08.26 02:52:32.273,0.94114,0.9414,1.37,1.00
2015.08.26 02:52:32.578,0.94114,0.94138,1.37,1.00
2015.08.26 02:52:33.885,0.9411,0.94136,1.37,1.50
2015.08.26 02:52:33.936,0.94111,0.94136,1.00,1.50
2015.08.26 02:52:34.497,0.9411,0.94135,1.00,1.12
2015.08.26 02:52:35.522,0.94111,0.94134,1.00,1.00
2015.08.26 02:52:36.031,0.94111,0.94133,1.00,1.00
2015.08.26 02:52:36.541,0.94112,0.94134,1.00,1.12
2015.08.26 02:52:37.144,0.94111,0.94132,1.00,1.00
2015.08.26 02:52:37.872,0.94112,0.94132,1.00,1.00
2015.08.26 02:52:38.873,0.94113,0.94132,1.00,1.00
2015.08.26 02:52:40.690,0.94109,0.94131,1.12,1.00
2015.08.26 02:52:40.868,0.94111,0.94131,1.00,1.00
2015.08.26 02:52:42.104,0.94112,0.94131,1.00,1.00
2015.08.26 02:52:42.984,0.94107,0.94132,1.37,1.00
2015.08.26 02:52:43.823,0.94106,0.94131,2.25,1.00
2015.08.26 02:52:48.995,0.94107,0.94131,1.37,1.00
2015.08.26 02:52:49.803,0.94109,0.9413,1.12,1.00
2015.08.26 02:52:50.683,0.94109,0.94131,1.12,1.00
2015.08.26 02:52:51.418,0.9411,0.94131,1.00,1.00
2015.08.26 02:52:53.190,0.94108,0.9413,1.37,1.00
2015.08.26 02:52:53.703,0.94108,0.94131,1.50,1.12
2015.08.26 02:52:54.706,0.94108,0.94131,1.50,1.12
2015.08.26 02:53:03.805,0.9411,0.94131,1.00,1.12
2015.08.26 02:53:04.326,0.94111,0.94131,1.00,1.12
2015.08.26 02:53:09.273,0.9411,0.94131,1.00,1.12
2015.08.26 02:53:12.631,0.94108,0.94127,1.00,1.00
2015.08.26 02:53:12.888,0.94103,0.94126,1.50,1.00
