2016.05.25 19:00:00.352,0.99077,0.9909,2.25,1.00
2016.05.25 19:00:01.814,0.99076,0.99088,1.12,1.00
2016.05.25 19:00:05.773,0.99078,0.9909,1.50,1.00
2016.05.25 19:00:07.869,0.99077,0.99091,1.87,1.87
2016.05.25 19:00:08.717,0.99076,0.99087,1.50,1.12
2016.05.25 19:00:08.768,0.99076,0.99087,1.00,1.87
2016.05.25 19:00:08.820,0.99073,0.99082,5.62,1.00
2016.05.25 19:00:08.871,0.99071,0.99081,1.50,1.12
2016.05.25 19:00:08.922,0.99071,0.99077,1.00,1.50
2016.05.25 19:00:08.974,0.99067,0.99077,1.00,2.25
2016.05.25 19:00:09.025,0.99066,0.99075,1.00,1.00
2016.05.25 19:00:09.076,0.99064,0.99075,1.00,1.00
2016.05.25 19:00:09.269,0.99062,0.99073,1.75,1.00
2016.05.25 19:00:09.785,0.99062,0.99073,1.12,1.00
2016.05.25 19:00:09.837,0.99062,0.99075,1.37,1.50
2016.05.25 19:00:10.351,0.9906,0.99073,2.92,1.00
2016.05.25 19:00:10.504,0.99058,0.99073,1.75,2.25
2016.05.25 19:00:11.011,0.99058,0.99073,1.75,1.87
2016.05.25 19:00:11.417,0.99059,0.99074,1.87,1.00
2016.05.25 19:00:11.810,0.9906,0.99075,1.37,1.87
2016.05.25 19:00:13.027,0.99059,0.99073,1.75,1.00
2016.05.25 19:00:13.182,0.99061,0.99076,2.62,1.50
2016.05.25 19:00:14.512,0.99061,0.99077,3.00,2.25
2016.05.25 19:00:14.718,0.99064,0.99079,1.12,3.56
2016.05.25 19:00:15.023,0.99065,0.99079,2.25,1.00
2016.05.25 19:00:15.125,0.99065,0.99081,3.00,2.62
2016.05.25 19:00:15.633,0.99065,0.9908,3.37,1.00
2016.05.25 19:00:21.598,0.99066,0.99079,1.12,1.00
2016.05.25 19:00:29.309,0.99066,0.9908,1.87,1.00
2016.05.25 19:00:30.722,0.99066,0.99079,2.25,1.00
2016.05.25 19:00:40.154,0.9907,0.99079,1.00,1.00
2016.05.25 19:00:40.206,0.99072,0.99079,1.00,1.00
2016.05.25 19:00:40.257,0.99074,0.99083,1.00,1.87
2016.05.25 19:00:40.511,0.99075,0.99087,1.00,1.12
2016.05.25 19:00:41.029,0.99074,0.99087,1.12,2.25
2016.05.25 19:00:41.546,0.99072,0.99085,1.87,1.00
2016.05.25 19:00:44.350,0.99072,0.99084,1.37,1.00
2016.05.25 19:00:44.503,0.99071,0.99084,1.50,1.12
2016.05.25 19:00:44.910,0.99071,0.99084,1.00,1.75
2016.05.25 19:00:47.958,0.99071,0.99084,1.50,1.37
2016.05.25 19:00:48.467,0.99071,0.99084,1.50,1.12
2016.05.25 19:00:49.265,0.9907,0.99083,2.62,1.00
2016.05.25 19:00:51.244,0.9907,0.99083,1.12,1.87
2016.05.25 19:00:52.132,0.99068,0.9908,2.62,1.00
2016.05.25 19:00:52.678,0.99067,0.9908,1.75,1.50
2016.05.25 19:00:53.204,0.99067,0.9908,1.87,1.50
2016.05.25 19:00:54.970,0.9907,0.99083,1.50,1.50
2016.05.25 19:00:55.072,0.9907,0.99083,2.25,1.00
2016.05.25 19:00:55.591,0.9907,0.99083,2.25,1.00
2016.05.25 19:00:57.342,0.99071,0.99084,1.75,1.00
2016.05.25 19:00:57.964,0.99071,0.99084,1.50,1.12
2016.05.25 19:01:01.114,0.99069,0.99082,3.00,1.00
2016.05.25 19:01:01.419,0.99067,0.99079,2.62,1.00
2016.05.25 19:01:01.470,0.99068,0.99079,1.37,1.00
2016.05.25 19:01:01.522,0.99069,0.99081,1.00,1.12
2016.05.25 19:01:01.573,0.99068,0.99081,1.87,1.00
2016.05.25 19:01:01.828,0.99069,0.99083,1.87,1.87
2016.05.25 19:01:02.351,0.9907,0.99083,1.00,1.00
2016.05.25 19:01:03.322,0.9907,0.99082,1.00,1.00
2016.05.25 19:01:03.838,0.99074,0.99086,1.00,2.62
2016.05.25 19:01:04.194,0.99075,0.99088,1.12,2.62
2016.05.25 19:01:07.028,0.99076,0.99089,1.37,1.12
2016.05.25 19:01:07.241,0.99078,0.99091,1.87,1.00
2016.05.25 19:01:07.956,0.99076,0.99091,1.87,2.25
2016.05.25 19:01:08.531,0.99076,0.99089,1.87,1.00
2016.05.25 19:01:09.531,0.99078,0.9909,1.50,1.12
2016.05.25 19:01:10.041,0.99078,0.99091,1.50,1.12
2016.05.25 19:01:11.537,0.99076,0.99089,1.75,1.00
2016.05.25 19:01:11.946,0.99075,0.99086,2.25,1.00
2016.05.25 19:01:12.100,0.99072,0.99083,1.00,1.00
2016.05.25 19:01:12.919,0.99069,0.99081,1.75,1.00
2016.05.25 19:01:13.021,0.99068,0.99081,2.25,1.00
2016.05.25 19:01:15.867,0.99069,0.99082,1.87,1.12
2016.05.25 19:01:16.512,0.9907,0.99083,1.37,1.12
2016.05.25 19:01:17.570,0.99069,0.99082,2.62,1.00
2016.05.25 19:01:18.092,0.99069,0.99082,2.62,1.00
2016.05.25 19:01:22.468,0.99068,0.99081,3.37,1.00
2016.05.25 19:01:23.569,0.99067,0.9908,2.25,1.00
2016.05.25 19:01:26.140,0.99068,0.99081,2.25,1.00
2016.05.25 19:01:30.144,0.99069,0.99082,1.75,1.00
2016.05.25 19:01:31.444,0.99069,0.99083,1.87,1.50
2016.05.25 19:01:40.047,0.9907,0.99081,1.37,1.00
2016.05.25 19:01:40.352,0.99072,0.99084,1.00,1.87
2016.05.25 19:01:40.454,0.99074,0.99084,1.00,1.00
2016.05.25 19:01:40.556,0.99074,0.99087,2.25,1.87
2016.05.25 19:01:41.121,0.99074,0.99087,2.25,1.50
2016.05.25 19:01:50.100,0.99075,0.99088,1.50,1.50
2016.05.25 19:01:57.915,0.99075,0.99088,1.00,1.50
2016.05.25 19:01:59.696,0.99075,0.99088,1.37,1.50
2016.05.25 19:02:00.104,0.99077,0.99088,1.37,1.00
2016.05.25 19:02:00.629,0.99077,0.99089,1.12,1.00
2016.05.25 19:02:01.285,0.99078,0.99091,1.75,1.87
2016.05.25 19:02:10.931,0.99078,0.9909,1.12,1.00
2016.05.25 19:02:17.824,0.99078,0.9909,1.12,1.00
2016.05.25 19:02:37.890,0.9908,0.9909,1.00,1.00
2016.05.25 19:02:52.771,0.9908,0.99089,1.00,1.00
2016.05.25 19:02:57.808,0.99077,0.99089,2.25,1.00
2016.05.25 19:02:59.280,0.99077,0.9909,3.00,1.00
2016.05.25 19:03:06.973,0.99077,0.99089,2.25,1.00
2016.05.25 19:03:15.079,0.99076,0.99089,1.75,1.00
2016.05.25 19:03:15.233,0.99076,0.99089,1.37,1.87
2016.05.25 19:03:15.773,0.99076,0.99088,1.37,1.00
2016.05.25 19:03:20.343,0.99075,0.99087,1.50,1.00
2016.05.25 19:03:20.903,0.99073,0.99086,2.25,1.00
2016.05.25 19:03:21.610,0.99073,0.99085,1.87,1.37
2016.05.25 19:03:21.661,0.99073,0.99084,1.12,1.12
2016.05.25 19:03:21.761,0.9907,0.99083,3.00,2.62
2016.05.25 19:03:22.273,0.99069,0.99081,1.12,1.00
2016.05.25 19:03:22.941,0.9907,0.99082,1.12,1.00
2016.05.25 19:03:23.246,0.9907,0.99082,2.25,1.00
2016.05.25 19:03:23.972,0.9907,0.99083,1.75,1.00
2016.05.25 19:03:25.232,0.99069,0.99083,1.75,1.87
2016.05.25 19:03:25.283,0.99069,0.9908,1.75,1.00
2016.05.25 19:03:25.966,0.9907,0.9908,1.00,1.00
2016.05.25 19:03:26.068,0.99067,0.9908,1.50,1.87
2016.05.25 19:03:26.119,0.99065,0.99078,1.87,1.00
2016.05.25 19:03:36.309,0.99063,0.99076,1.87,1.00
2016.05.25 19:03:39.278,0.99063,0.99075,1.75,1.00
2016.05.25 19:03:39.785,0.99063,0.99076,1.75,1.00
2016.05.25 19:03:41.982,0.99065,0.99078,1.50,3.00
2016.05.25 19:03:43.124,0.99064,0.99077,1.75,1.00
2016.05.25 19:03:45.231,0.99065,0.99078,1.50,3.00
2016.05.25 19:03:47.137,0.99064,0.99077,1.75,1.00
2016.05.25 19:03:56.612,0.99064,0.99077,1.75,1.00
2016.05.25 19:03:57.725,0.99065,0.99078,1.75,1.50
2016.05.25 19:04:07.511,0.99064,0.99077,2.10,1.00
2016.05.25 19:04:11.421,0.99065,0.99078,1.35,2.25
2016.05.25 19:04:19.703,0.99064,0.99076,1.75,1.00
2016.05.25 19:04:20.211,0.99064,0.99076,1.12,1.00
2016.05.25 19:04:38.306,0.99063,0.99076,1.12,3.00
2016.05.25 19:04:40.126,0.99063,0.99076,2.62,1.00
2016.05.25 19:04:40.431,0.99063,0.99076,3.00,1.00
2016.05.25 19:04:40.938,0.99064,0.99077,1.75,1.00
2016.05.25 19:04:47.274,0.99063,0.99076,2.62,1.00
2016.05.25 19:04:47.327,0.99063,0.99076,2.25,1.50
2016.05.25 19:04:47.379,0.99063,0.99073,1.87,1.00
2016.05.25 19:04:47.430,0.99063,0.99075,1.00,1.87
2016.05.25 19:04:47.636,0.99063,0.99076,1.50,1.87
2016.05.25 19:04:47.737,0.99063,0.99076,1.87,1.00
2016.05.25 19:04:48.244,0.99065,0.99077,1.75,1.00
2016.05.25 19:04:48.771,0.99066,0.99078,1.37,1.50
2016.05.25 19:04:52.439,0.9907,0.99078,1.00,1.00
2016.05.25 19:04:52.947,0.99067,0.99079,1.12,1.00
2016.05.25 19:04:57.948,0.99067,0.99079,1.37,1.00
2016.05.25 19:05:08.622,0.99067,0.9908,2.62,2.25
2016.05.25 19:05:11.374,0.99067,0.99079,1.87,1.00
2016.05.25 19:05:17.002,0.99067,0.9908,1.87,1.50
2016.05.25 19:05:17.994,0.99067,0.99081,1.87,2.62
2016.05.25 19:05:19.394,0.99068,0.9908,1.37,1.00
2016.05.25 19:06:11.586,0.99071,0.99081,1.50,1.00
2016.05.25 19:06:11.892,0.99075,0.99086,2.06,1.00
2016.05.25 19:06:12.044,0.99075,0.99088,2.81,1.12
2016.05.25 19:06:12.947,0.99077,0.99089,2.44,1.00
2016.05.25 19:06:13.100,0.99079,0.9909,1.50,1.00
2016.05.25 19:06:13.513,0.99079,0.99092,2.81,1.50
2016.05.25 19:06:17.907,0.9908,0.99092,1.50,1.00
2016.05.25 19:06:34.942,0.99079,0.99092,2.25,2.25
2016.05.25 19:06:36.057,0.99079,0.99092,1.75,2.25
2016.05.25 19:06:37.781,0.9908,0.99093,1.50,1.50
2016.05.25 19:06:43.361,0.9908,0.99093,1.50,1.50
2016.05.25 19:06:46.621,0.99079,0.99092,2.44,1.37
2016.05.25 19:06:47.171,0.99079,0.99092,2.44,1.12
2016.05.25 19:06:47.693,0.9908,0.99093,1.50,2.62
2016.05.25 19:06:47.998,0.9908,0.99093,2.25,2.62
2016.05.25 19:06:55.386,0.9908,0.99093,1.50,2.25
2016.05.25 19:06:55.799,0.9908,0.99093,1.50,2.62
2016.05.25 19:06:56.317,0.99078,0.99091,2.44,1.50
2016.05.25 19:06:57.844,0.99079,0.99091,1.31,1.12
2016.05.25 19:07:00.173,0.99079,0.99092,2.44,1.50
2016.05.25 19:07:00.691,0.99079,0.99092,2.81,1.00
2016.05.25 19:07:02.954,0.9908,0.99093,1.50,2.62
2016.05.25 19:07:03.056,0.99078,0.99091,2.44,1.50
2016.05.25 19:07:03.361,0.99076,0.99089,3.19,1.75
2016.05.25 19:07:06.162,0.99076,0.99088,1.31,1.50
2016.05.25 19:07:06.430,0.99075,0.99087,2.06,1.50
2016.05.25 19:07:06.938,0.99075,0.99088,2.81,1.12
2016.05.25 19:07:07.143,0.99077,0.9909,2.06,1.37
2016.05.25 19:07:07.296,0.99077,0.99091,2.06,1.50
2016.05.25 19:07:08.062,0.99077,0.99091,2.00,1.50
2016.05.25 19:07:10.541,0.99078,0.99091,1.50,1.50
2016.05.25 19:07:14.257,0.99078,0.99091,1.50,1.50
2016.05.25 19:07:17.762,0.99079,0.99091,1.12,1.00
2016.05.25 19:07:18.305,0.99079,0.99092,1.50,2.62
2016.05.25 19:07:25.170,0.9908,0.99092,1.12,1.12
2016.05.25 19:08:02.754,0.99079,0.99092,2.44,1.12
2016.05.25 19:08:02.805,0.99079,0.99091,2.44,1.75
2016.05.25 19:08:03.212,0.99079,0.99091,1.87,1.00
2016.05.25 19:08:17.871,0.99079,0.99092,1.87,1.87
2016.05.25 19:08:18.627,0.99079,0.99092,1.87,1.87
2016.05.25 19:08:19.626,0.99079,0.99092,1.87,1.50
2016.05.25 19:08:22.857,0.99079,0.99091,1.12,1.12
2016.05.25 19:08:28.591,0.99078,0.99091,2.00,1.37
2016.05.25 19:08:37.577,0.9908,0.99092,1.12,1.50
2016.05.25 19:08:39.926,0.9908,0.99093,1.69,1.50
2016.05.25 19:08:40.028,0.99083,0.99096,1.00,3.75
2016.05.25 19:08:40.545,0.99083,0.99095,1.87,1.00
2016.05.25 19:08:40.901,0.99083,0.99095,2.25,1.00
2016.05.25 19:08:41.409,0.99085,0.99096,1.00,1.00
2016.05.25 19:08:43.138,0.99084,0.99096,1.12,1.00
2016.05.25 19:08:43.989,0.99084,0.99097,1.12,2.25
2016.05.25 19:08:44.294,0.99082,0.99093,1.00,1.12
2016.05.25 19:08:46.267,0.99081,0.99093,1.12,1.12
2016.05.25 19:08:48.505,0.99081,0.99093,2.44,1.12
2016.05.25 19:08:48.827,0.99083,0.99095,1.75,1.00
2016.05.25 19:08:49.031,0.99084,0.99097,1.50,1.50
2016.05.25 19:08:57.952,0.99084,0.99097,1.12,1.87
2016.05.25 19:08:59.429,0.99084,0.99097,1.12,2.62
2016.05.25 19:08:59.634,0.99082,0.99094,1.12,1.12
2016.05.25 19:09:00.171,0.99082,0.99093,1.00,1.00
2016.05.25 19:09:00.680,0.99081,0.99093,1.12,1.12
2016.05.25 19:09:02.034,0.9908,0.99093,1.50,1.87
2016.05.25 19:09:03.959,0.99079,0.99092,2.06,1.12
2016.05.25 19:09:05.653,0.99081,0.99093,1.12,1.12
2016.05.25 19:09:07.364,0.9908,0.99093,1.37,1.87
2016.05.25 19:09:12.732,0.99081,0.99093,2.00,1.50
2016.05.25 19:09:13.038,0.9908,0.99093,1.50,1.12
2016.05.25 19:09:13.293,0.9908,0.99093,1.50,2.25
2016.05.25 19:09:14.178,0.9908,0.99093,1.50,1.50
2016.05.25 19:09:14.955,0.9908,0.99093,1.50,1.75
2016.05.25 19:09:15.468,0.9908,0.99092,1.00,1.12
2016.05.25 19:09:16.716,0.9908,0.99093,1.50,1.12
2016.05.25 19:09:17.773,0.99081,0.99093,1.25,1.00
2016.05.25 19:09:19.231,0.99082,0.99094,1.00,1.37
2016.05.25 19:09:24.290,0.99082,0.99093,1.00,1.37
2016.05.25 19:09:30.998,0.99081,0.99094,1.12,2.25
2016.05.25 19:09:31.812,0.99081,0.99093,1.12,1.00
2016.05.25 19:09:58.242,0.9908,0.99092,1.50,1.12
2016.05.25 19:10:00.277,0.9908,0.99091,1.50,1.00
2016.05.25 19:10:19.672,0.99077,0.9909,1.75,1.00
2016.05.25 19:10:23.920,0.99077,0.99089,1.75,1.12
2016.05.25 19:10:24.073,0.99077,0.99088,1.00,2.62
2016.05.25 19:10:24.529,0.99075,0.99087,2.06,1.12
2016.05.25 19:10:38.364,0.99075,0.99088,2.06,1.12
2016.05.25 19:10:38.872,0.99077,0.9909,1.12,2.25
2016.05.25 19:10:40.278,0.99077,0.9909,1.37,1.50
2016.05.25 19:10:40.582,0.99075,0.99088,2.44,1.87
2016.05.25 19:10:41.093,0.99077,0.9909,2.81,1.87
2016.05.25 19:10:42.347,0.99078,0.99091,1.75,1.87
2016.05.25 19:10:46.426,0.99077,0.9909,2.81,1.00
2016.05.25 19:10:51.644,0.99078,0.99091,1.75,1.87
2016.05.25 19:10:56.438,0.99079,0.99091,1.75,1.12
2016.05.25 19:11:04.642,0.99078,0.99091,1.50,2.25
2016.05.25 19:11:05.692,0.99078,0.99089,1.42,1.00
2016.05.25 19:11:08.051,0.99077,0.99087,2.00,1.00
2016.05.25 19:11:08.405,0.99072,0.99085,2.36,1.50
2016.05.25 19:11:08.456,0.99071,0.99082,3.11,1.00
2016.05.25 19:11:08.508,0.99071,0.99081,2.36,1.00
2016.05.25 19:11:09.017,0.99069,0.9908,2.36,1.00
2016.05.25 19:11:29.616,0.99069,0.99081,2.44,1.00
2016.05.25 19:11:39.694,0.99069,0.9908,2.44,1.00
2016.05.25 19:11:48.619,0.99071,0.99082,1.69,1.00
2016.05.25 19:11:48.944,0.99072,0.99084,1.00,1.50
2016.05.25 19:11:50.609,0.99072,0.99085,1.50,1.50
2016.05.25 19:11:50.712,0.99072,0.99085,1.75,1.00
2016.05.25 19:11:51.269,0.99072,0.99085,1.75,1.12
2016.05.25 19:11:51.828,0.99072,0.99084,1.37,1.00
2016.05.25 19:11:54.689,0.99072,0.99084,1.37,1.00
2016.05.25 19:11:57.999,0.99072,0.99085,1.87,1.00
2016.05.25 19:11:59.398,0.99071,0.99084,2.81,1.00
2016.05.25 19:12:02.591,0.99072,0.99085,1.87,1.00
2016.05.25 19:12:04.815,0.99073,0.99086,1.50,2.25
2016.05.25 19:12:12.032,0.99073,0.99086,1.87,1.00
2016.05.25 19:12:14.949,0.99074,0.99083,1.50,1.00
2016.05.25 19:12:15.051,0.99071,0.99083,1.87,1.50
2016.05.25 19:12:15.624,0.9907,0.99083,1.50,2.25
2016.05.25 19:12:25.330,0.9907,0.99082,1.50,1.00
2016.05.25 19:12:29.690,0.9907,0.99083,1.50,3.37
2016.05.25 19:12:30.198,0.9907,0.99083,1.50,2.62
2016.05.25 19:12:30.743,0.99069,0.99082,3.19,1.00
2016.05.25 19:12:31.456,0.99071,0.99084,1.75,1.12
2016.05.25 19:12:37.518,0.99071,0.99084,1.75,1.87
2016.05.25 19:12:38.058,0.99071,0.99084,1.75,1.87
2016.05.25 19:12:46.172,0.99073,0.99085,2.06,1.00
2016.05.25 19:12:46.376,0.99075,0.99087,1.62,1.12
2016.05.25 19:13:10.803,0.99075,0.99087,2.44,1.00
2016.05.25 19:13:10.854,0.99077,0.99089,1.31,3.00
2016.05.25 19:13:11.008,0.99077,0.9909,2.06,1.00
2016.05.25 19:13:12.902,0.99078,0.99091,2.00,1.50
2016.05.25 19:13:16.296,0.99078,0.9909,2.00,1.00
2016.05.25 19:13:23.081,0.99078,0.99091,2.00,1.87
2016.05.25 19:13:38.278,0.99078,0.9909,2.44,1.00
2016.05.25 19:13:38.836,0.99078,0.99091,2.44,2.62
2016.05.25 19:13:39.368,0.99078,0.9909,2.44,1.00
2016.05.25 19:13:39.918,0.99078,0.99091,2.44,2.62
2016.05.25 19:13:43.352,0.99079,0.99091,1.00,3.37
2016.05.25 19:13:43.889,0.99078,0.9909,1.69,1.00
2016.05.25 19:13:48.394,0.99078,0.99091,2.44,3.37
2016.05.25 19:13:50.511,0.99078,0.9909,1.69,1.00
2016.05.25 19:14:04.335,0.99078,0.99088,1.69,1.50
2016.05.25 19:14:04.640,0.99076,0.99086,2.00,1.00
2016.05.25 19:14:18.535,0.99077,0.99087,1.37,1.00
2016.05.25 19:14:18.586,0.99077,0.99089,1.31,1.00
2016.05.25 19:14:18.637,0.99078,0.99091,2.81,1.50
2016.05.25 19:14:19.301,0.99081,0.99091,1.00,1.00
2016.05.25 19:14:19.810,0.99081,0.99092,1.00,1.00
2016.05.25 19:14:45.833,0.99081,0.99093,1.69,1.00
2016.05.25 19:14:51.349,0.99081,0.99093,1.00,2.62
2016.05.25 19:14:51.898,0.99081,0.99093,1.00,3.00
2016.05.25 19:14:57.877,0.9908,0.99093,1.42,2.62
2016.05.25 19:15:00.786,0.9908,0.99093,1.42,3.37
2016.05.25 19:15:01.092,0.99079,0.99089,1.69,1.00
2016.05.25 19:15:02.037,0.99079,0.99089,2.36,1.00
2016.05.25 19:15:02.094,0.99081,0.99091,1.00,1.00
2016.05.25 19:15:17.053,0.9908,0.99091,1.25,1.00
2016.05.25 19:15:21.398,0.99078,0.99089,2.44,1.00
2016.05.25 19:15:31.499,0.99078,0.99088,2.44,1.00
2016.05.25 19:15:31.656,0.99078,0.9909,2.44,1.00
2016.05.25 19:15:37.130,0.99078,0.99091,2.44,1.00
2016.05.25 19:15:37.334,0.99078,0.99091,2.81,1.00
2016.05.25 19:15:41.045,0.99079,0.99092,1.75,1.50
2016.05.25 19:15:44.270,0.99079,0.9909,1.75,1.00
2016.05.25 19:15:45.042,0.99079,0.99092,1.75,1.50
2016.05.25 19:15:52.146,0.99079,0.99089,1.75,1.00
2016.05.25 19:15:52.248,0.99079,0.99089,1.50,1.00
2016.05.25 19:16:11.904,0.99078,0.99091,2.00,1.00
2016.05.25 19:16:17.883,0.99078,0.99091,2.00,1.00
2016.05.25 19:16:24.003,0.99078,0.99092,1.94,1.00
2016.05.25 19:16:24.055,0.99079,0.99092,2.06,1.00
2016.05.25 19:16:24.563,0.9908,0.99093,2.44,1.50
2016.05.25 19:16:25.412,0.9908,0.99092,1.94,1.00
2016.05.25 19:16:26.579,0.99081,0.99093,1.69,1.00
2016.05.25 19:16:27.102,0.99081,0.99094,2.81,1.00
2016.05.25 19:16:27.472,0.99082,0.99094,1.37,1.00
2016.05.25 19:16:27.994,0.99081,0.99094,2.81,1.00
2016.05.25 19:16:29.429,0.99083,0.99095,1.50,1.00
2016.05.25 19:16:29.937,0.99083,0.99095,1.75,1.00
2016.05.25 19:16:34.304,0.99082,0.99095,1.75,1.50
2016.05.25 19:16:34.609,0.99083,0.99095,1.94,1.50
2016.05.25 19:16:39.378,0.99083,0.99095,3.94,1.00
2016.05.25 19:16:57.865,0.99084,0.99097,2.06,1.00
2016.05.25 19:16:58.375,0.99086,0.99097,1.00,1.00
2016.05.25 19:16:58.926,0.99086,0.99098,1.00,1.50
2016.05.25 19:17:15.144,0.99086,0.99096,1.00,1.00
2016.05.25 19:17:17.872,0.99085,0.99096,2.00,1.00
2016.05.25 19:17:22.994,0.99085,0.99097,2.00,1.00
2016.05.25 19:17:49.195,0.99085,0.99096,2.00,1.00
2016.05.25 19:17:59.401,0.99084,0.99097,2.06,2.25
2016.05.25 19:18:09.945,0.99084,0.99096,2.06,1.00
2016.05.25 19:18:11.784,0.99084,0.99096,1.00,1.50
2016.05.25 19:18:11.835,0.99083,0.99094,1.00,1.00
2016.05.25 19:18:12.140,0.99082,0.99092,1.50,1.00
2016.05.25 19:18:14.790,0.99082,0.99091,1.50,1.00
2016.05.25 19:18:15.313,0.99079,0.9909,1.31,1.50
2016.05.25 19:18:16.489,0.99078,0.9909,2.44,1.50
2016.05.25 19:18:17.900,0.99079,0.9909,1.12,1.00
2016.05.25 19:18:18.419,0.99079,0.99091,1.12,2.25
2016.05.25 19:18:21.808,0.99078,0.99088,2.81,1.00
2016.05.25 19:18:22.972,0.99079,0.9909,1.00,1.00
2016.05.25 19:18:23.177,0.99079,0.99092,1.50,1.87
2016.05.25 19:18:27.123,0.99079,0.99091,1.94,1.00
2016.05.25 19:18:27.682,0.99078,0.99091,2.06,1.12
2016.05.25 19:18:35.552,0.99078,0.99091,1.50,1.87
2016.05.25 19:18:36.765,0.99078,0.9909,1.37,1.00
2016.05.25 19:18:37.601,0.99078,0.9909,2.06,1.00
2016.05.25 19:18:37.652,0.99079,0.99092,2.00,1.87
2016.05.25 19:18:37.754,0.99079,0.9909,1.31,1.00
2016.05.25 19:18:37.907,0.99077,0.9909,1.75,1.12
2016.05.25 19:18:48.193,0.99077,0.99089,1.75,1.00
2016.05.25 19:18:49.933,0.99078,0.99089,1.00,1.12
2016.05.25 19:18:51.686,0.99077,0.9909,1.50,2.25
2016.05.25 19:18:52.667,0.99077,0.9909,1.87,1.50
2016.05.25 19:18:53.793,0.99078,0.99091,1.75,1.87
2016.05.25 19:18:57.870,0.99079,0.99091,1.00,2.25
2016.05.25 19:19:00.007,0.99077,0.9909,1.87,1.00
2016.05.25 19:19:01.868,0.99077,0.99091,1.37,2.25
2016.05.25 19:19:03.371,0.99077,0.9909,1.87,1.00
2016.05.25 19:19:16.198,0.99079,0.99091,1.00,1.50
2016.05.25 19:19:24.303,0.99076,0.99091,2.81,2.62
2016.05.25 19:19:25.772,0.99076,0.99091,2.81,2.62
2016.05.25 19:19:26.288,0.99078,0.99091,1.12,1.50
2016.05.25 19:19:26.907,0.99077,0.9909,1.87,1.00
2016.05.25 19:19:30.329,0.99077,0.99089,3.19,1.00
2016.05.25 19:19:39.396,0.99078,0.99091,1.69,2.25
2016.05.25 19:19:39.903,0.99077,0.9909,2.81,1.00
2016.05.25 19:20:17.943,0.99077,0.9909,2.81,1.00
2016.05.25 19:20:21.080,0.99077,0.99089,2.44,1.00
2016.05.25 19:20:21.234,0.99077,0.99088,1.69,1.00
2016.05.25 19:20:24.540,0.99076,0.99088,1.94,1.00
2016.05.25 19:20:25.055,0.99076,0.99088,1.94,1.00
2016.05.25 19:20:36.064,0.99075,0.99087,1.47,1.00
2016.05.25 19:20:37.993,0.99075,0.99087,1.20,1.12
2016.05.25 19:20:42.376,0.99075,0.99085,1.20,1.00
2016.05.25 19:20:42.478,0.99071,0.99082,1.75,1.87
2016.05.25 19:20:42.580,0.99069,0.9908,1.69,1.00
2016.05.25 19:20:43.089,0.99067,0.9908,1.95,1.50
2016.05.25 19:20:58.391,0.99066,0.99079,1.87,1.00
2016.05.25 19:21:08.104,0.99067,0.99078,1.75,1.00
2016.05.25 19:21:16.793,0.99065,0.99078,1.50,1.50
2016.05.25 19:21:17.841,0.99067,0.99078,1.00,1.50
2016.05.25 19:21:17.943,0.99067,0.99076,1.00,1.00
2016.05.25 19:21:33.167,0.99065,0.99077,1.87,1.00
2016.05.25 19:21:33.675,0.99065,0.99078,1.87,1.50
2016.05.25 19:21:34.410,0.99066,0.99079,1.50,1.87
2016.05.25 19:21:34.932,0.99066,0.99079,1.87,1.50
2016.05.25 19:21:37.484,0.99066,0.99078,1.87,1.00
2016.05.25 19:21:48.720,0.99066,0.99079,1.87,2.25
2016.05.25 19:21:49.227,0.99067,0.99079,1.12,1.50
2016.05.25 19:21:57.902,0.99066,0.99079,3.00,1.50
2016.05.25 19:22:01.343,0.99068,0.9908,1.75,1.00
2016.05.25 19:22:01.853,0.99068,0.99081,1.75,2.25
2016.05.25 19:22:17.959,0.99068,0.99081,1.50,2.62
2016.05.25 19:22:19.646,0.9907,0.99081,1.37,1.50
2016.05.25 19:22:20.153,0.9907,0.99082,1.50,1.00
2016.05.25 19:22:34.550,0.99069,0.99081,1.87,1.12
2016.05.25 19:22:35.078,0.99068,0.99081,2.25,1.00
2016.05.25 19:22:36.039,0.99069,0.99082,1.50,1.87
2016.05.25 19:22:42.208,0.9907,0.99082,1.37,1.00
2016.05.25 19:22:42.716,0.99071,0.99083,1.37,1.00
2016.05.25 19:22:45.687,0.99071,0.99084,1.37,1.12
2016.05.25 19:22:48.232,0.99072,0.99083,1.00,1.00
2016.05.25 19:22:48.780,0.99071,0.99082,1.50,1.00
2016.05.25 19:22:52.507,0.9907,0.99082,1.12,1.00
2016.05.25 19:22:57.911,0.99069,0.99082,1.87,1.00
2016.05.25 19:23:03.346,0.99069,0.99081,1.12,1.00
2016.05.25 19:23:05.769,0.99069,0.99082,1.75,1.00
2016.05.25 19:23:10.238,0.99069,0.99078,1.87,1.00
2016.05.25 19:23:10.341,0.99067,0.99078,2.62,1.00
2016.05.25 19:23:10.849,0.99068,0.99079,1.75,1.50
2016.05.25 19:23:11.978,0.99067,0.99078,1.12,1.00
2016.05.25 19:23:17.964,0.99066,0.99078,1.87,1.00
2016.05.25 19:23:20.724,0.99066,0.99079,1.87,1.50
2016.05.25 19:23:37.863,0.99068,0.99079,1.00,1.50
2016.05.25 19:23:43.978,0.99068,0.99078,1.50,1.00
2016.05.25 19:23:44.484,0.99068,0.99079,1.87,1.00
2016.05.25 19:23:47.836,0.99068,0.9908,1.12,1.00
2016.05.25 19:23:47.938,0.99068,0.9908,1.12,1.00
2016.05.25 19:23:47.989,0.9907,0.99082,1.12,1.50
2016.05.25 19:23:48.700,0.9907,0.99082,1.37,1.50
2016.05.25 19:23:56.052,0.9907,0.9908,1.50,1.00
2016.05.25 19:23:58.047,0.9907,0.9908,1.12,1.00
2016.05.25 19:23:58.098,0.99072,0.99082,1.00,1.00
2016.05.25 19:23:58.613,0.99071,0.99082,1.12,1.00
2016.05.25 19:24:01.791,0.9907,0.99081,1.50,1.00
2016.05.25 19:24:12.662,0.9907,0.99081,1.12,1.00
2016.05.25 19:24:14.699,0.99069,0.99081,1.50,1.00
2016.05.25 19:24:22.489,0.9907,0.99081,1.00,1.00
2016.05.25 19:24:37.882,0.9907,0.99081,1.37,1.00
2016.05.25 19:24:40.743,0.99072,0.99081,1.00,1.00
2016.05.25 19:24:40.896,0.99072,0.99081,1.37,1.00
2016.05.25 19:24:40.979,0.99073,0.99081,1.00,1.00
2016.05.25 19:24:41.524,0.99072,0.99081,1.12,1.00
2016.05.25 19:24:41.829,0.99072,0.99083,1.12,1.50
2016.05.25 19:24:44.685,0.99071,0.99083,1.50,1.00
2016.05.25 19:24:45.192,0.99071,0.99084,1.75,1.50
2016.05.25 19:24:46.208,0.99072,0.99084,2.25,1.00
2016.05.25 19:24:46.329,0.99074,0.99087,1.75,2.25
2016.05.25 19:24:46.588,0.99074,0.99085,1.50,1.00
2016.05.25 19:24:47.096,0.99074,0.99084,1.12,1.00
2016.05.25 19:24:47.603,0.99071,0.99083,1.75,1.00
2016.05.25 19:24:47.810,0.99071,0.99083,1.37,1.00
2016.05.25 19:24:48.318,0.99071,0.99084,1.75,2.25
2016.05.25 19:24:50.241,0.99075,0.99084,1.00,1.12
2016.05.25 19:24:51.676,0.99073,0.99086,1.87,2.62
2016.05.25 19:24:51.728,0.99073,0.99084,1.50,1.00
2016.05.25 19:24:52.267,0.99071,0.99084,1.50,1.87
2016.05.25 19:24:56.413,0.99071,0.99084,1.75,2.25
2016.05.25 19:24:56.820,0.99071,0.99084,1.12,3.00
2016.05.25 19:24:57.926,0.99071,0.99084,1.50,2.62
2016.05.25 19:25:16.821,0.99071,0.99084,1.87,1.00
2016.05.25 19:25:17.328,0.99071,0.99084,2.25,1.00
2016.05.25 19:25:18.171,0.99072,0.99084,1.75,1.00
2016.05.25 19:25:18.679,0.99072,0.99084,1.50,1.00
2016.05.25 19:25:32.709,0.99073,0.99084,1.50,1.00
2016.05.25 19:25:35.327,0.99075,0.99084,1.00,1.00
2016.05.25 19:25:35.634,0.99075,0.99087,1.75,1.00
2016.05.25 19:25:36.145,0.99075,0.99087,1.87,1.00
2016.05.25 19:25:40.742,0.99075,0.99086,1.12,1.00
2016.05.25 19:25:41.249,0.99073,0.99086,1.37,2.25
2016.05.25 19:25:41.347,0.99071,0.99084,1.75,1.00
2016.05.25 19:25:41.857,0.99071,0.99084,1.75,1.00
2016.05.25 19:25:43.841,0.99071,0.99084,1.75,1.00
2016.05.25 19:25:44.859,0.99072,0.99085,1.75,1.00
2016.05.25 19:25:55.174,0.99072,0.99084,1.75,1.00
2016.05.25 19:25:55.682,0.99072,0.99084,1.50,1.00
2016.05.25 19:25:56.196,0.99072,0.99083,1.50,1.00
2016.05.25 19:26:00.147,0.99069,0.99083,1.75,1.00
2016.05.25 19:26:03.133,0.99071,0.99084,1.50,1.87
2016.05.25 19:26:03.437,0.99071,0.99084,1.87,1.00
2016.05.25 19:26:03.488,0.99072,0.99086,1.75,1.12
2016.05.25 19:26:11.179,0.99072,0.99085,1.75,1.00
2016.05.25 19:26:19.171,0.99073,0.99086,1.50,1.87
2016.05.25 19:26:19.779,0.99075,0.99086,1.00,1.12
2016.05.25 19:26:19.830,0.99075,0.99086,1.75,1.00
2016.05.25 19:26:23.265,0.99075,0.99086,1.12,1.50
2016.05.25 19:26:28.880,0.99072,0.99085,1.75,1.50
2016.05.25 19:26:28.982,0.99072,0.99085,1.50,2.62
2016.05.25 19:26:29.507,0.99072,0.99085,1.12,3.00
2016.05.25 19:26:40.306,0.99072,0.99084,1.50,1.00
2016.05.25 19:26:40.408,0.99072,0.99084,1.12,1.12
2016.05.25 19:26:49.742,0.99071,0.99084,1.50,1.00
2016.05.25 19:26:49.895,0.99071,0.99084,1.50,1.12
2016.05.25 19:26:57.588,0.99072,0.99085,1.37,1.87
2016.05.25 19:27:02.360,0.99072,0.99085,1.12,1.87
2016.05.25 19:27:13.138,0.99073,0.99085,1.00,1.50
2016.05.25 19:27:13.671,0.99072,0.99085,1.12,2.25
2016.05.25 19:27:14.274,0.99072,0.99085,1.37,2.62
2016.05.25 19:27:16.759,0.99071,0.99081,1.00,1.00
2016.05.25 19:27:17.277,0.9907,0.99081,1.12,1.50
2016.05.25 19:27:22.888,0.99069,0.99079,1.37,1.00
2016.05.25 19:27:24.129,0.99068,0.99077,1.50,1.00
2016.05.25 19:27:26.461,0.99066,0.99077,1.00,1.50
2016.05.25 19:27:26.857,0.99063,0.99076,1.50,1.87
2016.05.25 19:27:37.879,0.99063,0.99076,1.12,2.25
2016.05.25 19:27:57.997,0.99061,0.99075,1.75,1.00
2016.05.25 19:28:17.942,0.99062,0.99075,1.50,1.87
2016.05.25 19:28:36.231,0.99062,0.99073,1.50,1.00
2016.05.25 19:28:36.546,0.99061,0.99071,1.12,1.00
2016.05.25 19:28:45.305,0.99061,0.99073,1.12,1.12
2016.05.25 19:28:47.192,0.99061,0.99072,1.12,1.00
2016.05.25 19:28:47.726,0.99061,0.99073,1.12,1.12
2016.05.25 19:28:56.920,0.99061,0.99072,1.12,1.00
2016.05.25 19:29:25.457,0.99061,0.99074,1.12,1.87
2016.05.25 19:29:27.467,0.99062,0.99074,1.00,1.37
2016.05.25 19:29:27.773,0.99062,0.99075,1.50,2.62
2016.05.25 19:29:34.274,0.99064,0.99075,1.12,1.00
2016.05.25 19:29:35.587,0.99062,0.99075,1.12,1.50
2016.05.25 19:29:36.601,0.99062,0.99075,1.75,1.00
2016.05.25 19:29:37.108,0.99064,0.99075,1.00,1.50
2016.05.25 19:29:37.937,0.99063,0.99075,1.00,1.50
2016.05.25 19:29:46.017,0.99063,0.99075,1.12,1.87
2016.05.25 19:29:58.098,0.99064,0.99076,1.00,1.50
2016.05.25 19:29:58.613,0.99064,0.99076,1.50,1.00
2016.05.25 19:30:01.159,0.99065,0.99078,1.12,3.00
2016.05.25 19:30:01.470,0.99065,0.99078,1.75,1.50
2016.05.25 19:30:11.406,0.99067,0.99077,1.12,1.00
2016.05.25 19:30:14.453,0.99067,0.99077,1.50,1.00
2016.05.25 19:30:22.206,0.99067,0.99079,1.50,1.00
2016.05.25 19:30:58.281,0.99068,0.99078,1.12,1.00
2016.05.25 19:30:58.334,0.99064,0.99076,3.00,1.00
2016.05.25 19:30:58.487,0.99064,0.99073,1.50,1.00
2016.05.25 19:30:58.944,0.99062,0.99074,1.12,1.87
2016.05.25 19:30:59.097,0.99062,0.99072,1.12,1.00
2016.05.25 19:30:59.250,0.9906,0.99072,1.12,1.12
2016.05.25 19:30:59.797,0.9906,0.99072,1.50,1.00
2016.05.25 19:31:02.300,0.99061,0.99074,1.12,3.00
2016.05.25 19:31:02.807,0.99061,0.99074,1.50,2.62
2016.05.25 19:31:24.422,0.99062,0.99074,1.50,1.00
2016.05.25 19:31:31.675,0.99062,0.99075,1.50,2.62
2016.05.25 19:31:37.043,0.99065,0.99078,1.00,3.00
2016.05.25 19:31:37.146,0.99067,0.99079,1.00,2.25
2016.05.25 19:31:37.350,0.99069,0.99081,1.50,1.25
2016.05.25 19:31:37.877,0.99069,0.99081,1.50,1.00
2016.05.25 19:31:49.603,0.9907,0.99082,1.05,1.00
2016.05.25 19:32:04.019,0.9907,0.99083,1.42,2.62
2016.05.25 19:32:04.527,0.9907,0.99083,1.05,1.87
2016.05.25 19:32:06.281,0.99071,0.99085,1.42,1.12
2016.05.25 19:32:16.310,0.99073,0.99085,1.00,1.50
2016.05.25 19:32:17.867,0.99073,0.99085,1.12,1.50
2016.05.25 19:32:21.277,0.99073,0.99085,1.00,1.50
2016.05.25 19:32:36.819,0.99073,0.99086,1.12,2.25
2016.05.25 19:32:36.922,0.99073,0.99086,1.75,1.50
2016.05.25 19:32:37.916,0.99074,0.99086,1.12,1.12
2016.05.25 19:32:38.820,0.99074,0.99086,1.00,2.25
2016.05.25 19:32:38.922,0.99072,0.99085,1.12,1.50
2016.05.25 19:32:57.850,0.9907,0.99085,4.35,2.25
2016.05.25 19:32:58.911,0.9907,0.99085,4.35,1.75
2016.05.25 19:33:12.905,0.99072,0.99085,1.00,1.75
2016.05.25 19:33:17.911,0.99072,0.99084,1.12,1.00
2016.05.25 19:33:20.136,0.99073,0.99085,1.00,1.50
2016.05.25 19:33:22.832,0.99071,0.99084,1.50,1.12
2016.05.25 19:34:18.036,0.99073,0.99085,1.12,2.25
2016.05.25 19:34:18.306,0.99073,0.99085,1.75,1.00
2016.05.25 19:34:18.408,0.99071,0.99084,1.75,1.00
2016.05.25 19:34:18.510,0.99071,0.99084,1.50,1.50
2016.05.25 19:34:26.154,0.99072,0.99085,1.00,2.25
2016.05.25 19:34:30.078,0.99072,0.99083,1.00,1.00
2016.05.25 19:34:34.069,0.99071,0.99083,1.50,1.00
2016.05.25 19:34:36.378,0.99071,0.99083,1.50,1.00
2016.05.25 19:34:40.985,0.99073,0.99083,1.00,1.00
2016.05.25 19:34:44.095,0.99072,0.99083,1.12,1.00
2016.05.25 19:34:46.201,0.99072,0.99083,1.00,1.87
2016.05.25 19:34:46.709,0.99071,0.99083,1.00,2.25
2016.05.25 19:34:50.427,0.99071,0.99082,1.00,1.37
2016.05.25 19:34:50.478,0.99069,0.99081,1.00,1.50
2016.05.25 19:34:54.795,0.99068,0.99081,1.12,2.25
2016.05.25 19:34:56.394,0.99069,0.99081,1.00,1.50
2016.05.25 19:35:00.753,0.99069,0.99081,1.12,1.12
2016.05.25 19:35:04.349,0.99068,0.99081,1.50,1.37
2016.05.25 19:35:06.674,0.99068,0.99081,1.75,1.00
2016.05.25 19:35:07.239,0.99068,0.99081,1.50,1.12
2016.05.25 19:35:07.774,0.9907,0.99081,1.00,1.12
2016.05.25 19:35:10.937,0.99069,0.99081,1.12,1.12
2016.05.25 19:35:11.242,0.99069,0.99081,1.00,2.25
2016.05.25 19:35:12.041,0.99068,0.99081,1.00,3.00
2016.05.25 19:35:17.887,0.99068,0.99081,1.12,3.00
2016.05.25 19:35:33.065,0.99069,0.99081,1.00,2.25
2016.05.25 19:35:37.824,0.99069,0.99081,1.12,1.87
2016.05.25 19:35:38.395,0.99069,0.99081,1.00,1.87
2016.05.25 19:35:42.259,0.99066,0.99081,5.40,3.00
2016.05.25 19:35:43.961,0.99066,0.99081,5.40,2.25
2016.05.25 19:35:46.241,0.99069,0.99081,1.20,1.12
2016.05.25 19:35:48.538,0.99068,0.99081,1.27,1.12
2016.05.25 19:35:49.086,0.99067,0.99081,4.27,1.50
2016.05.25 19:35:49.941,0.99067,0.99081,1.27,1.50
2016.05.25 19:35:56.666,0.99068,0.99081,1.20,1.50
2016.05.25 19:35:56.971,0.99068,0.99082,3.90,1.75
2016.05.25 19:36:32.103,0.9907,0.99083,1.12,3.00
2016.05.25 19:36:52.041,0.9907,0.99083,1.00,3.37
2016.05.25 19:36:53.775,0.99067,0.99079,1.37,1.00
2016.05.25 19:36:55.730,0.99066,0.99079,3.00,1.12
2016.05.25 19:36:57.744,0.99066,0.99078,2.62,1.00
2016.05.25 19:36:58.559,0.99065,0.99076,1.12,1.00
2016.05.25 19:36:59.751,0.99062,0.99075,3.00,1.00
2016.05.25 19:37:01.853,0.99062,0.99074,2.25,1.00
2016.05.25 19:37:02.867,0.99061,0.99074,1.37,1.12
2016.05.25 19:37:03.382,0.9906,0.99073,2.25,1.00
2016.05.25 19:37:09.850,0.9906,0.99074,3.37,1.12
2016.05.25 19:37:11.291,0.9906,0.99073,3.00,1.00
2016.05.25 19:37:12.518,0.9906,0.99074,3.00,1.12
2016.05.25 19:37:13.785,0.9906,0.99073,2.62,1.00
2016.05.25 19:37:14.678,0.99059,0.99073,3.75,1.12
2016.05.25 19:37:16.083,0.9906,0.99073,1.75,1.00
2016.05.25 19:37:24.184,0.99059,0.99073,3.75,1.12
2016.05.25 19:37:24.286,0.9906,0.99073,1.75,1.00
2016.05.25 19:37:25.165,0.99059,0.99073,5.25,1.12
2016.05.25 19:37:25.676,0.9906,0.99073,1.50,1.12
2016.05.25 19:37:28.389,0.99059,0.99073,1.75,1.00
2016.05.25 19:37:29.079,0.99059,0.99072,3.00,1.00
2016.05.25 19:37:36.482,0.99059,0.99072,1.50,1.12
2016.05.25 19:37:44.506,0.99059,0.99071,1.50,1.00
2016.05.25 19:37:45.014,0.99059,0.99071,1.87,1.00
2016.05.25 19:37:45.521,0.99059,0.99071,3.00,1.00
2016.05.25 19:37:45.773,0.99059,0.99073,2.62,1.00
2016.05.25 19:37:46.287,0.99059,0.99073,1.87,1.12
2016.05.25 19:37:48.526,0.99058,0.99071,1.50,1.00
2016.05.25 19:37:48.577,0.99058,0.99071,1.50,1.00
2016.05.25 19:37:48.629,0.99057,0.99069,1.37,1.12
2016.05.25 19:37:49.160,0.99057,0.99069,1.12,1.00
2016.05.25 19:37:49.730,0.99057,0.99068,1.12,1.00
2016.05.25 19:37:56.675,0.99055,0.99068,1.75,1.00
2016.05.25 19:37:57.601,0.99055,0.99067,1.12,1.00
2016.05.25 19:37:57.653,0.99054,0.99067,2.62,1.00
2016.05.25 19:37:57.755,0.99054,0.99067,1.10,1.00
2016.05.25 19:37:57.857,0.99054,0.99067,1.20,1.00
2016.05.25 19:37:58.362,0.99054,0.99067,1.48,1.12
2016.05.25 19:37:58.900,0.99054,0.99066,1.48,1.00
2016.05.25 19:38:00.578,0.99054,0.99066,1.20,1.00
2016.05.25 19:38:01.816,0.99055,0.99067,1.12,1.00
2016.05.25 19:38:03.796,0.99055,0.99067,1.37,1.00
2016.05.25 19:38:09.111,0.99055,0.99066,1.37,1.00
2016.05.25 19:38:11.121,0.99055,0.99067,1.37,1.00
2016.05.25 19:38:11.671,0.99054,0.99067,1.20,1.00
2016.05.25 19:38:13.009,0.99053,0.99067,2.70,1.00
2016.05.25 19:38:13.903,0.99052,0.99067,3.83,1.12
2016.05.25 19:38:14.208,0.99054,0.99067,1.12,1.00
2016.05.25 19:38:16.913,0.99054,0.99067,1.48,1.12
2016.05.25 19:38:17.460,0.99056,0.99067,1.00,1.00
2016.05.25 19:38:21.027,0.99054,0.99067,1.48,1.12
2016.05.25 19:38:21.946,0.99054,0.99066,1.48,1.00
2016.05.25 19:38:24.041,0.99055,0.99067,1.00,1.00
2016.05.25 19:38:25.250,0.99055,0.99066,1.00,1.00
2016.05.25 19:38:30.425,0.99053,0.99065,1.75,1.00
2016.05.25 19:38:35.124,0.99051,0.99065,3.75,1.00
2016.05.25 19:38:35.175,0.99051,0.99063,2.25,1.00
2016.05.25 19:38:35.227,0.99049,0.99061,2.25,1.00
2016.05.25 19:38:35.750,0.99047,0.99061,1.90,1.00
2016.05.25 19:38:36.262,0.99048,0.99061,3.00,1.00
2016.05.25 19:38:36.780,0.99048,0.99062,3.75,1.00
2016.05.25 19:38:39.864,0.9905,0.99062,1.87,1.00
2016.05.25 19:38:40.029,0.99052,0.99065,1.37,1.00
2016.05.25 19:38:42.571,0.9905,0.99064,6.00,1.00
2016.05.25 19:38:43.334,0.9905,0.99062,1.75,1.00
2016.05.25 19:38:44.264,0.99049,0.99062,1.87,1.00
2016.05.25 19:38:46.678,0.99048,0.99061,1.87,1.00
2016.05.25 19:38:51.387,0.99047,0.99061,4.99,1.00
2016.05.25 19:38:52.444,0.99047,0.99062,5.74,1.12
2016.05.25 19:39:02.784,0.99048,0.99061,1.12,1.00
2016.05.25 19:39:03.288,0.99049,0.99061,1.87,1.00
2016.05.25 19:39:06.814,0.99049,0.99061,1.75,1.00
2016.05.25 19:39:07.937,0.99049,0.99062,1.75,1.00
2016.05.25 19:39:09.483,0.99049,0.99061,1.75,1.00
2016.05.25 19:39:10.307,0.9905,0.99063,2.25,1.00
2016.05.25 19:39:10.409,0.99049,0.99061,1.75,1.00
2016.05.25 19:39:11.729,0.99047,0.99061,7.24,1.12
2016.05.25 19:39:12.614,0.99048,0.99061,1.12,1.00
2016.05.25 19:39:19.728,0.99048,0.99061,3.37,1.00
2016.05.25 19:39:19.932,0.99049,0.99061,1.00,1.00
2016.05.25 19:39:20.740,0.99049,0.99063,1.00,1.00
2016.05.25 19:39:25.038,0.99047,0.99063,6.00,2.31
2016.05.25 19:39:30.939,0.99048,0.99064,1.87,1.75
2016.05.25 19:39:37.362,0.99047,0.99064,6.49,3.44
2016.05.25 19:39:40.772,0.99047,0.99064,6.11,4.94
2016.05.25 19:39:44.150,0.99047,0.99064,4.99,4.94
2016.05.25 19:39:44.659,0.9905,0.99064,1.12,1.84
2016.05.25 19:39:44.964,0.99051,0.99066,2.62,1.09
2016.05.25 19:39:49.496,0.99054,0.99068,1.37,1.50
2016.05.25 19:39:50.259,0.99055,0.9907,1.87,3.07
2016.05.25 19:39:51.749,0.99055,0.99069,1.87,2.69
2016.05.25 19:39:51.852,0.99058,0.99071,1.00,1.44
2016.05.25 19:39:52.417,0.99056,0.99071,1.12,1.19
2016.05.25 19:39:52.975,0.99056,0.99071,1.87,1.57
2016.05.25 19:39:55.651,0.99056,0.99071,1.12,4.19
2016.05.25 19:39:57.660,0.99056,0.99071,1.87,1.57
2016.05.25 19:39:57.763,0.99055,0.9907,2.25,3.07
2016.05.25 19:39:58.782,0.99056,0.99071,1.75,4.57
2016.05.25 19:40:01.680,0.99057,0.99069,1.00,1.12
2016.05.25 19:40:01.784,0.99055,0.99067,1.87,1.12
2016.05.25 19:40:02.209,0.99056,0.99069,1.37,1.12
2016.05.25 19:40:02.717,0.99056,0.99069,1.75,1.00
2016.05.25 19:40:03.275,0.99059,0.99072,1.12,2.62
2016.05.25 19:40:03.809,0.99059,0.99072,1.50,1.87
2016.05.25 19:40:05.903,0.99058,0.99071,1.75,1.00
2016.05.25 19:40:06.410,0.99058,0.99071,1.50,1.12
2016.05.25 19:40:32.361,0.99058,0.99071,1.00,1.37
2016.05.25 19:40:33.625,0.99055,0.9907,1.35,1.37
2016.05.25 19:40:33.677,0.99055,0.9907,1.60,1.12
2016.05.25 19:40:34.193,0.99053,0.99068,3.97,2.25
2016.05.25 19:40:34.904,0.99054,0.99066,1.30,1.00
2016.05.25 19:40:35.006,0.99051,0.99065,1.60,1.50
2016.05.25 19:40:37.514,0.99051,0.99064,1.95,1.00
2016.05.25 19:40:38.833,0.99051,0.99065,1.95,2.25
2016.05.25 19:40:38.985,0.99051,0.99065,1.57,2.25
2016.05.25 19:40:44.654,0.99051,0.99067,4.95,3.00
2016.05.25 19:40:44.705,0.99054,0.99067,1.10,1.50
2016.05.25 19:40:45.213,0.99052,0.99065,1.47,1.12
2016.05.25 19:40:52.735,0.99053,0.99066,1.47,1.12
2016.05.25 19:40:53.242,0.99053,0.99066,1.10,1.50
2016.05.25 19:40:57.695,0.99053,0.99066,1.00,1.75
2016.05.25 19:41:02.559,0.99054,0.99067,1.00,3.37
2016.05.25 19:41:02.610,0.99054,0.99067,1.00,1.75
2016.05.25 19:41:03.675,0.99055,0.99068,1.00,1.87
2016.05.25 19:41:07.455,0.99054,0.99067,1.00,1.87
2016.05.25 19:41:07.860,0.99052,0.99065,1.00,1.87
2016.05.25 19:41:15.354,0.99051,0.99064,1.12,1.50
2016.05.25 19:41:16.742,0.99052,0.99065,1.00,1.75
2016.05.25 19:41:17.934,0.99052,0.99065,1.12,1.37
2016.05.25 19:41:27.321,0.99052,0.99065,1.12,1.75
2016.05.25 19:41:27.862,0.99052,0.99065,1.00,1.87
2016.05.25 19:41:28.268,0.99052,0.99065,1.12,1.37
2016.05.25 19:41:28.785,0.99053,0.99066,1.00,1.50
2016.05.25 19:41:29.478,0.99051,0.99064,1.37,1.12
2016.05.25 19:41:30.026,0.99051,0.99064,1.12,1.50
2016.05.25 19:41:31.160,0.99052,0.99065,1.00,1.75
2016.05.25 19:41:35.982,0.9905,0.99065,2.25,1.75
2016.05.25 19:41:37.897,0.9905,0.99065,2.25,1.50
2016.05.25 19:41:54.022,0.99051,0.99064,1.12,1.50
2016.05.25 19:41:55.188,0.99052,0.99065,1.00,1.75
2016.05.25 19:41:57.952,0.99052,0.99065,1.00,1.75
2016.05.25 19:42:04.730,0.99052,0.99065,1.00,1.75
2016.05.25 19:42:24.780,0.99049,0.99063,5.92,1.37
2016.05.25 19:42:24.831,0.99049,0.99063,2.55,1.87
2016.05.25 19:42:26.936,0.99051,0.99064,1.00,1.87
2016.05.25 19:42:28.248,0.99051,0.99064,1.12,1.75
2016.05.25 19:42:28.757,0.99051,0.99064,1.12,1.50
2016.05.25 19:42:30.003,0.99051,0.99064,1.50,1.12
2016.05.25 19:42:30.054,0.99051,0.99064,1.12,1.37
2016.05.25 19:42:32.531,0.99052,0.99065,1.00,1.87
2016.05.25 19:42:35.045,0.99051,0.99064,1.00,1.75
2016.05.25 19:42:36.619,0.99052,0.99065,1.00,1.87
2016.05.25 19:42:44.745,0.99054,0.99066,1.00,2.62
2016.05.25 19:42:44.948,0.99051,0.99065,1.87,1.12
2016.05.25 19:42:47.941,0.99052,0.99065,1.00,1.75
2016.05.25 19:43:08.726,0.99055,0.99067,1.00,1.75
2016.05.25 19:43:08.849,0.99055,0.99066,1.00,1.00
2016.05.25 19:43:09.733,0.99055,0.99067,1.12,1.00
2016.05.25 19:43:09.835,0.99057,0.9907,1.12,1.75
2016.05.25 19:43:10.196,0.99059,0.99072,1.00,1.87
2016.05.25 19:43:10.732,0.99057,0.9907,1.50,1.12
2016.05.25 19:43:11.536,0.99055,0.99068,2.25,1.37
2016.05.25 19:43:11.814,0.99057,0.9907,1.50,1.12
2016.05.25 19:43:12.323,0.99059,0.99072,1.00,1.75
2016.05.25 19:43:12.840,0.99059,0.99072,1.50,1.12
2016.05.25 19:43:30.327,0.99061,0.99073,1.00,1.37
2016.05.25 19:43:32.008,0.9906,0.99073,1.12,1.50
2016.05.25 19:43:36.946,0.99061,0.99074,1.00,1.87
2016.05.25 19:43:57.888,0.99061,0.99073,1.00,1.00
2016.05.25 19:44:07.108,0.99064,0.99073,1.00,1.00
2016.05.25 19:44:07.210,0.99064,0.99076,1.12,1.12
2016.05.25 19:44:07.337,0.99066,0.99079,2.25,2.62
2016.05.25 19:44:07.643,0.99074,0.99086,1.00,1.00
2016.05.25 19:44:08.152,0.99074,0.99087,1.50,1.12
2016.05.25 19:44:09.341,0.99076,0.99088,1.00,1.50
2016.05.25 19:44:09.545,0.99077,0.9909,1.50,1.12
2016.05.25 19:44:09.648,0.99077,0.9909,1.75,1.00
2016.05.25 19:44:10.485,0.99079,0.99092,1.50,1.12
2016.05.25 19:44:13.074,0.99078,0.99091,1.75,1.00
2016.05.25 19:44:21.089,0.9908,0.99093,1.12,1.87
2016.05.25 19:44:41.685,0.99079,0.99092,1.00,1.75
2016.05.25 19:44:57.898,0.99079,0.99092,1.00,1.50
2016.05.25 19:45:07.699,0.99078,0.99091,1.50,1.00
2016.05.25 19:45:17.929,0.99078,0.99091,1.37,1.12
2016.05.25 19:45:18.234,0.99078,0.99091,1.37,2.62
2016.05.25 19:45:18.438,0.99074,0.99087,1.12,2.25
2016.05.25 19:45:18.624,0.99072,0.99085,1.37,1.87
2016.05.25 19:45:19.133,0.99072,0.99085,1.00,1.87
2016.05.25 19:45:19.668,0.99071,0.99084,1.12,1.50
2016.05.25 19:45:22.176,0.99071,0.99084,1.00,1.87
2016.05.25 19:45:23.592,0.99069,0.99082,1.37,1.12
2016.05.25 19:45:47.336,0.99071,0.99084,1.00,1.87
2016.05.25 19:45:52.710,0.99068,0.99083,2.25,2.62
2016.05.25 19:45:53.247,0.99068,0.99083,2.25,2.62
2016.05.25 19:46:01.519,0.9907,0.99083,1.12,1.50
2016.05.25 19:46:01.985,0.99072,0.99085,1.00,1.75
2016.05.25 19:46:02.138,0.99074,0.99087,1.00,2.25
2016.05.25 19:46:02.646,0.99074,0.99087,1.00,2.62
2016.05.25 19:46:03.436,0.99073,0.99086,1.00,1.75
2016.05.25 19:46:03.742,0.99075,0.99087,1.50,1.75
2016.05.25 19:46:03.947,0.99077,0.9909,1.12,1.37
2016.05.25 19:46:04.151,0.99075,0.99088,1.00,1.87
2016.05.25 19:46:04.253,0.99073,0.99086,1.12,1.50
2016.05.25 19:46:04.558,0.99073,0.99086,1.00,1.87
2016.05.25 19:46:04.962,0.99071,0.99084,1.87,1.37
2016.05.25 19:46:17.376,0.99072,0.99085,1.00,1.50
2016.05.25 19:46:17.988,0.99072,0.99085,1.12,1.50
2016.05.25 19:46:36.079,0.99073,0.99086,1.00,2.62
2016.05.25 19:46:36.181,0.99073,0.99086,1.50,1.12
2016.05.25 19:46:36.283,0.99073,0.99086,1.00,1.50
2016.05.25 19:46:36.444,0.99074,0.99086,1.00,1.12
2016.05.25 19:46:37.357,0.99075,0.99088,1.00,1.75
2016.05.25 19:46:38.652,0.99074,0.99087,1.12,1.50
2016.05.25 19:46:43.479,0.99075,0.99088,1.00,1.75
2016.05.25 19:46:43.734,0.99073,0.99086,1.50,1.87
2016.05.25 19:46:47.385,0.99072,0.99085,1.12,1.50
2016.05.25 19:46:48.564,0.99074,0.99087,1.00,1.75
2016.05.25 19:46:48.921,0.99074,0.99087,1.12,1.50
2016.05.25 19:46:49.462,0.99072,0.99085,1.50,1.12
2016.05.25 19:46:52.147,0.99072,0.99085,1.12,1.50
2016.05.25 19:46:59.764,0.99072,0.99085,1.37,1.50
2016.05.25 19:46:59.866,0.99074,0.99087,1.37,1.37
2016.05.25 19:46:59.917,0.99074,0.99087,1.75,1.00
2016.05.25 19:47:00.378,0.99078,0.9909,1.00,1.37
2016.05.25 19:47:00.531,0.99078,0.99091,1.50,1.00
2016.05.25 19:47:00.696,0.99078,0.99091,1.75,1.00
2016.05.25 19:47:18.673,0.99079,0.99092,1.50,1.12
2016.05.25 19:47:27.206,0.99078,0.99091,1.75,1.00
2016.05.25 19:47:32.137,0.99077,0.99092,3.37,1.12
2016.05.25 19:47:33.899,0.99078,0.99091,2.25,1.00
2016.05.25 19:47:37.937,0.99078,0.99091,2.25,1.00
2016.05.25 19:47:43.047,0.99078,0.99092,1.75,1.00
2016.05.25 19:47:45.050,0.99077,0.9909,2.62,1.00
2016.05.25 19:47:57.933,0.99077,0.9909,1.75,1.00
2016.05.25 19:48:15.179,0.99078,0.99091,1.75,1.00
2016.05.25 19:48:26.957,0.99077,0.9909,1.42,1.00
2016.05.25 19:48:30.229,0.99075,0.99088,3.30,1.00
2016.05.25 19:48:30.331,0.99073,0.99086,3.30,1.00
2016.05.25 19:48:30.484,0.99075,0.99088,2.17,1.00
2016.05.25 19:48:31.796,0.99075,0.99088,2.17,1.00
2016.05.25 19:48:32.516,0.99073,0.99086,3.67,1.00
2016.05.25 19:48:32.938,0.99072,0.99084,1.00,1.00
2016.05.25 19:48:34.131,0.99072,0.99083,1.00,1.00
2016.05.25 19:48:36.657,0.99068,0.99081,2.17,1.00
2016.05.25 19:48:38.036,0.99069,0.99082,1.42,1.00
2016.05.25 19:48:38.745,0.99068,0.99083,2.17,1.12
2016.05.25 19:48:40.269,0.99069,0.99082,1.42,1.00
2016.05.25 19:48:59.546,0.99068,0.99081,2.25,1.00
2016.05.25 19:49:01.654,0.9907,0.99081,1.00,1.00
2016.05.25 19:49:02.175,0.99067,0.9908,1.75,1.00
2016.05.25 19:49:13.584,0.99067,0.99082,3.75,1.12
2016.05.25 19:49:16.137,0.99067,0.99082,1.50,1.50
2016.05.25 19:49:16.188,0.99066,0.99079,2.25,1.00
2016.05.25 19:49:16.695,0.99066,0.99079,3.37,1.00
2016.05.25 19:49:17.784,0.99067,0.9908,1.75,1.00
2016.05.25 19:49:19.085,0.99068,0.99081,1.75,1.00
2016.05.25 19:49:20.559,0.99067,0.9908,1.75,1.00
2016.05.25 19:49:24.994,0.99068,0.99081,1.75,1.00
2016.05.25 19:49:32.977,0.99069,0.99082,1.50,1.12
2016.05.25 19:49:33.283,0.99071,0.99084,3.00,1.00
2016.05.25 19:49:33.790,0.99071,0.99084,1.50,1.12
2016.05.25 19:49:34.603,0.9907,0.99083,1.75,1.00
2016.05.25 19:49:35.132,0.9907,0.99083,1.50,1.12
2016.05.25 19:49:39.671,0.99069,0.99082,1.75,1.00
2016.05.25 19:49:46.008,0.9907,0.99083,1.50,1.12
2016.05.25 19:49:47.104,0.99069,0.99082,1.75,1.00
2016.05.25 19:49:59.424,0.99069,0.99082,1.50,1.00
2016.05.25 19:50:03.711,0.99069,0.99082,1.50,1.00
2016.05.25 19:50:04.226,0.99069,0.99082,1.75,1.00
2016.05.25 19:50:04.926,0.9907,0.99083,1.50,1.12
2016.05.25 19:50:08.017,0.99069,0.99082,1.75,1.00
2016.05.25 19:50:08.535,0.99069,0.99082,1.50,1.12
2016.05.25 19:50:09.314,0.99068,0.99081,1.75,1.00
2016.05.25 19:50:25.387,0.99068,0.99081,2.62,1.00
2016.05.25 19:50:26.230,0.99068,0.99083,4.50,1.00
2016.05.25 19:50:26.737,0.99071,0.99084,1.50,1.12
2016.05.25 19:50:29.026,0.99073,0.99086,1.00,1.87
2016.05.25 19:50:29.560,0.99068,0.99083,3.00,1.50
2016.05.25 19:50:31.061,0.99068,0.99081,1.75,1.00
2016.05.25 19:50:32.531,0.99067,0.9908,1.75,1.00
2016.05.25 19:50:33.930,0.99068,0.99081,1.75,1.00
2016.05.25 19:50:41.777,0.99067,0.9908,1.75,1.00
2016.05.25 19:50:43.946,0.99068,0.99081,1.75,1.00
2016.05.25 19:50:45.068,0.99069,0.99082,1.50,1.12
2016.05.25 19:50:52.278,0.99068,0.99081,1.75,1.00
2016.05.25 19:50:55.183,0.9907,0.99083,1.50,1.50
2016.05.25 19:50:55.235,0.9907,0.99083,3.75,1.00
2016.05.25 19:50:55.286,0.99072,0.99085,1.75,1.00
2016.05.25 19:50:55.337,0.99072,0.99085,1.12,1.50
2016.05.25 19:50:55.852,0.9907,0.99083,1.50,1.12
2016.05.25 19:50:58.891,0.99069,0.99082,2.25,1.00
2016.05.25 19:51:01.381,0.9907,0.99083,1.50,1.12
2016.05.25 19:51:03.941,0.9907,0.99083,2.62,1.00
2016.05.25 19:51:04.144,0.99071,0.99084,1.50,1.12
2016.05.25 19:51:04.689,0.99071,0.99084,1.12,1.50
2016.05.25 19:51:05.105,0.99071,0.99086,1.75,1.12
2016.05.25 19:51:05.157,0.99071,0.99086,1.00,1.87
2016.05.25 19:51:08.561,0.9907,0.99082,1.12,1.00
2016.05.25 19:51:09.170,0.9907,0.99083,1.87,1.00
2016.05.25 19:51:13.483,0.9907,0.99083,6.00,1.00
2016.05.25 19:51:14.193,0.99072,0.99087,1.75,1.07
2016.05.25 19:51:14.346,0.99072,0.99086,1.75,1.44
2016.05.25 19:51:14.448,0.99072,0.99085,1.00,1.94
2016.05.25 19:51:14.499,0.9907,0.99085,1.12,4.94
2016.05.25 19:51:23.110,0.99069,0.99083,1.50,1.19
2016.05.25 19:51:30.391,0.9907,0.99083,1.00,1.09
2016.05.25 19:51:37.538,0.9907,0.99083,1.37,1.50
2016.05.25 19:51:38.045,0.99071,0.99082,1.37,1.00
2016.05.25 19:51:38.549,0.99071,0.99085,1.12,1.95
2016.05.25 19:51:57.402,0.99072,0.99085,1.00,1.95
2016.05.25 19:51:57.453,0.99072,0.99085,1.37,1.57
2016.05.25 19:51:57.605,0.99072,0.99084,1.12,1.10
2016.05.25 19:51:58.152,0.99072,0.99085,1.37,1.57
2016.05.25 19:51:58.334,0.99072,0.99085,1.00,1.85
2016.05.25 19:51:58.943,0.9907,0.99083,1.50,1.12
2016.05.25 19:52:17.896,0.9907,0.99084,1.50,1.37
2016.05.25 19:52:19.954,0.99069,0.99083,1.75,1.87
2016.05.25 19:52:32.537,0.9907,0.99083,1.75,1.50
2016.05.25 19:52:34.841,0.99069,0.99082,1.75,1.00
2016.05.25 19:52:37.815,0.99071,0.99082,1.00,1.00
2016.05.25 19:52:40.165,0.9907,0.99083,1.50,2.25
2016.05.25 19:52:58.683,0.99069,0.99082,1.75,1.00
2016.05.25 19:52:59.956,0.9907,0.99083,1.50,1.12
2016.05.25 19:53:00.262,0.99072,0.99085,2.25,1.12
2016.05.25 19:53:00.314,0.99072,0.99085,2.25,1.12
2016.05.25 19:53:00.472,0.99072,0.99085,2.62,1.00
2016.05.25 19:53:00.625,0.99072,0.99085,2.25,1.12
2016.05.25 19:53:03.325,0.99073,0.99086,1.50,1.37
2016.05.25 19:53:03.833,0.99073,0.99086,1.75,1.00
2016.05.25 19:53:08.529,0.99074,0.99087,1.50,1.12
2016.05.25 19:53:08.783,0.99076,0.99089,1.47,1.12
2016.05.25 19:53:09.298,0.99076,0.99089,1.20,1.00
2016.05.25 19:53:09.400,0.99076,0.99089,1.10,1.37
2016.05.25 19:53:10.483,0.99074,0.99086,1.50,1.00
2016.05.25 19:53:10.586,0.99073,0.99086,1.20,1.00
2016.05.25 19:53:11.679,0.99072,0.99086,1.00,2.62
2016.05.25 19:53:13.465,0.99072,0.99085,1.20,1.00
2016.05.25 19:53:16.793,0.99072,0.99084,1.00,1.00
2016.05.25 19:53:17.250,0.99076,0.99085,1.00,1.12
2016.05.25 19:53:17.402,0.99077,0.99091,1.45,1.75
2016.05.25 19:53:17.504,0.99078,0.99091,1.47,1.12
2016.05.25 19:53:17.606,0.99078,0.99091,1.20,1.00
2016.05.25 19:53:23.203,0.99079,0.99092,1.20,1.00
2016.05.25 19:53:25.942,0.99078,0.99091,1.20,1.00
2016.05.25 19:53:37.931,0.99078,0.99091,1.75,1.00
2016.05.25 19:53:38.435,0.99079,0.99092,1.50,1.12
2016.05.25 19:53:40.114,0.99078,0.99091,1.75,1.00
2016.05.25 19:53:43.265,0.99078,0.99091,1.75,1.00
2016.05.25 19:53:43.749,0.9908,0.99093,1.50,1.12
2016.05.25 19:53:44.257,0.99082,0.99095,1.12,1.50
2016.05.25 19:53:45.344,0.9908,0.99093,2.25,1.00
2016.05.25 19:53:46.543,0.99079,0.99092,1.75,1.00
2016.05.25 19:53:46.950,0.99081,0.99094,1.50,1.12
2016.05.25 19:53:48.565,0.99081,0.99094,1.75,1.00
2016.05.25 19:53:55.350,0.9908,0.99093,1.75,1.00
2016.05.25 19:53:55.452,0.99083,0.99095,1.00,1.12
2016.05.25 19:53:55.967,0.99079,0.99094,3.37,1.00
2016.05.25 19:53:56.769,0.99082,0.99095,1.50,1.12
2016.05.25 19:53:57.683,0.99082,0.99095,1.75,1.00
2016.05.25 19:53:57.887,0.99082,0.99095,1.50,1.00
2016.05.25 19:53:58.868,0.9908,0.99095,1.75,3.00
2016.05.25 19:54:00.879,0.99081,0.99094,1.50,1.00
2016.05.25 19:54:01.550,0.99081,0.99094,2.25,1.00
2016.05.25 19:54:01.855,0.99081,0.99098,4.12,1.94
2016.05.25 19:54:02.363,0.99084,0.99097,1.37,1.09
2016.05.25 19:54:02.515,0.99084,0.99099,1.75,3.44
2016.05.25 19:54:03.387,0.99084,0.99098,1.50,1.57
2016.05.25 19:54:03.489,0.99083,0.99097,1.12,1.82
2016.05.25 19:54:04.614,0.99082,0.99096,1.75,1.07
2016.05.25 19:54:05.138,0.99082,0.99096,1.50,1.44
2016.05.25 19:54:05.446,0.99078,0.99094,2.25,4.94
2016.05.25 19:54:05.954,0.99078,0.99094,2.25,3.82
2016.05.25 19:54:06.158,0.9908,0.99095,1.75,4.94
2016.05.25 19:54:06.361,0.99082,0.99096,1.50,1.19
2016.05.25 19:54:06.875,0.99082,0.99096,1.75,1.57
2016.05.25 19:54:07.433,0.99082,0.99097,1.75,3.44
2016.05.25 19:54:07.485,0.99084,0.99098,1.50,1.94
2016.05.25 19:54:09.065,0.99082,0.99097,2.25,1.19
2016.05.25 19:54:09.319,0.99082,0.99095,1.50,1.09
2016.05.25 19:54:15.566,0.99079,0.99094,1.87,1.07
2016.05.25 19:54:16.074,0.99079,0.99095,1.75,6.44
2016.05.25 19:54:16.278,0.99081,0.99095,1.50,1.57
2016.05.25 19:54:18.057,0.99083,0.99095,1.12,1.00
2016.05.25 19:54:18.215,0.99083,0.99097,1.75,1.07
2016.05.25 19:54:18.722,0.99083,0.99097,1.50,1.44
2016.05.25 19:54:19.640,0.99083,0.99097,1.75,1.07
2016.05.25 19:54:21.888,0.99082,0.99097,2.25,1.12
2016.05.25 19:54:26.657,0.99084,0.99097,1.75,1.00
2016.05.25 19:54:26.709,0.99086,0.99099,1.50,1.12
2016.05.25 19:54:26.862,0.99084,0.99097,1.75,1.00
2016.05.25 19:54:27.168,0.99084,0.99097,1.00,3.00
2016.05.25 19:54:27.676,0.99083,0.99095,1.00,1.00
2016.05.25 19:54:33.480,0.99083,0.99094,1.00,1.00
2016.05.25 19:54:41.683,0.99083,0.99096,1.50,1.00
2016.05.25 19:54:42.193,0.99083,0.99096,1.12,1.50
2016.05.25 19:54:52.503,0.99083,0.99098,1.50,4.12
2016.05.25 19:54:52.922,0.99086,0.99099,1.00,2.62
2016.05.25 19:54:53.227,0.99088,0.99101,1.75,1.00
2016.05.25 19:54:53.278,0.99089,0.99101,1.00,1.50
2016.05.25 19:54:53.783,0.99088,0.99101,1.12,2.25
2016.05.25 19:54:55.794,0.99086,0.99099,1.75,1.00
2016.05.25 19:55:00.437,0.99088,0.99101,1.50,1.12
2016.05.25 19:55:00.640,0.99088,0.99101,1.75,1.00
2016.05.25 19:55:02.317,0.99089,0.99102,1.75,1.00
2016.05.25 19:55:06.513,0.99089,0.99102,2.62,1.00
2016.05.25 19:55:07.818,0.9909,0.99103,1.75,1.00
2016.05.25 19:55:10.612,0.99092,0.99105,1.50,1.50
2016.05.25 19:55:12.728,0.99091,0.99104,1.75,1.00
2016.05.25 19:55:14.056,0.99092,0.99105,1.50,1.50
2016.05.25 19:55:17.268,0.9909,0.99105,1.75,1.50
2016.05.25 19:55:17.371,0.99089,0.99102,2.25,1.00
2016.05.25 19:55:17.472,0.99091,0.99104,1.50,1.50
2016.05.25 19:55:17.980,0.99091,0.99104,1.75,1.12
2016.05.25 19:55:20.639,0.99092,0.99105,1.50,1.50
2016.05.25 19:55:21.994,0.99092,0.99105,1.50,1.50
2016.05.25 19:55:25.433,0.9909,0.99103,1.75,1.00
2016.05.25 19:55:25.484,0.9909,0.99103,1.50,1.12
2016.05.25 19:55:25.992,0.9909,0.99103,1.75,1.00
2016.05.25 19:55:27.563,0.99092,0.99105,1.75,1.12
2016.05.25 19:55:28.317,0.99095,0.99105,1.00,1.00
2016.05.25 19:55:28.419,0.99096,0.99109,3.00,2.25
2016.05.25 19:55:28.470,0.99098,0.99111,1.75,1.12
2016.05.25 19:55:29.031,0.99098,0.99111,1.35,1.50
2016.05.25 19:55:29.133,0.99097,0.99111,1.60,1.50
2016.05.25 19:55:29.650,0.99097,0.99111,1.60,1.75
2016.05.25 19:55:29.802,0.99101,0.99111,1.00,1.37
2016.05.25 19:55:29.955,0.99102,0.99114,1.00,1.37
2016.05.25 19:55:30.006,0.991,0.99115,2.10,2.81
2016.05.25 19:55:30.541,0.99098,0.99112,1.60,1.50
2016.05.25 19:55:32.024,0.99098,0.99112,1.60,1.50
2016.05.25 19:55:32.689,0.99098,0.99112,1.60,1.87
2016.05.25 19:55:33.197,0.99098,0.99112,1.60,1.50
2016.05.25 19:55:34.038,0.99098,0.99113,2.10,1.87
2016.05.25 19:55:35.037,0.99098,0.99112,1.60,1.50
2016.05.25 19:55:35.495,0.99098,0.99112,1.60,1.12
2016.05.25 19:55:35.801,0.99099,0.99114,1.60,1.00
2016.05.25 19:55:36.308,0.99098,0.99114,6.97,1.37
2016.05.25 19:55:36.816,0.99098,0.99114,6.97,1.37
2016.05.25 19:55:37.335,0.99098,0.99113,5.10,1.87
2016.05.25 19:55:37.944,0.99098,0.99112,4.35,1.00
2016.05.25 19:55:38.506,0.99098,0.99113,5.85,1.50
2016.05.25 19:55:43.054,0.99098,0.99114,4.35,1.00
2016.05.25 19:55:43.568,0.99104,0.99115,1.00,1.37
2016.05.25 19:55:43.818,0.99106,0.9912,2.10,1.00
2016.05.25 19:55:44.866,0.99106,0.99121,2.85,1.12
2016.05.25 19:55:45.747,0.99106,0.99121,1.60,2.25
2016.05.25 19:55:46.446,0.99106,0.9912,1.60,1.87
2016.05.25 19:55:50.086,0.99106,0.99119,1.50,1.50
2016.05.25 19:55:52.398,0.99106,0.99119,1.50,1.50
2016.05.25 19:55:52.732,0.99108,0.99121,1.00,1.69
2016.05.25 19:55:53.037,0.99106,0.99119,2.25,1.87
2016.05.25 19:55:58.924,0.99106,0.99119,1.50,1.12
2016.05.25 19:55:59.236,0.99106,0.99119,2.25,1.12
2016.05.25 19:56:00.108,0.99106,0.99119,2.25,1.50
2016.05.25 19:56:00.413,0.99106,0.99115,1.75,1.37
2016.05.25 19:56:00.464,0.99104,0.99114,1.50,1.37
2016.05.25 19:56:00.515,0.99101,0.99113,1.50,1.12
2016.05.25 19:56:00.567,0.99099,0.99111,1.50,1.37
2016.05.25 19:56:01.110,0.99097,0.9911,1.50,1.50
2016.05.25 19:56:02.233,0.99097,0.9911,1.50,2.25
2016.05.25 19:56:02.364,0.99093,0.99106,1.50,1.12
2016.05.25 19:56:02.467,0.99093,0.99106,1.00,1.87
2016.05.25 19:56:03.891,0.99092,0.99105,1.87,1.50
2016.05.25 19:56:05.039,0.99092,0.99104,1.12,1.37
2016.05.25 19:56:05.604,0.99092,0.99104,1.12,1.12
2016.05.25 19:56:06.129,0.99092,0.99103,1.00,1.00
2016.05.25 19:56:06.484,0.99089,0.99102,1.87,1.50
2016.05.25 19:56:10.185,0.99089,0.99102,1.75,1.00
2016.05.25 19:56:10.490,0.99097,0.99108,1.00,1.37
2016.05.25 19:56:10.595,0.99097,0.9911,1.50,1.69
2016.05.25 19:56:11.103,0.99097,0.9911,1.50,1.12
2016.05.25 19:56:22.718,0.99098,0.99111,1.12,1.87
2016.05.25 19:56:28.770,0.99097,0.9911,1.50,1.87
2016.05.25 19:56:29.026,0.99097,0.9911,1.50,1.50
2016.05.25 19:56:31.213,0.99099,0.99112,1.00,1.50
2016.05.25 19:56:31.745,0.99099,0.99112,1.12,1.50
2016.05.25 19:56:32.456,0.991,0.99113,1.00,2.25
2016.05.25 19:56:33.933,0.99099,0.99112,1.12,1.50
2016.05.25 19:56:38.540,0.99099,0.99112,2.25,1.37
2016.05.25 19:56:38.643,0.99103,0.99116,1.50,1.75
2016.05.25 19:56:38.795,0.99103,0.99116,2.25,1.50
2016.05.25 19:56:39.303,0.99103,0.99114,1.00,1.00
2016.05.25 19:56:39.819,0.99102,0.99114,1.12,1.00
2016.05.25 19:56:48.978,0.99101,0.99114,1.12,1.50
2016.05.25 19:57:00.578,0.99099,0.99112,1.50,1.00
2016.05.25 19:57:01.096,0.99099,0.99112,1.50,1.50
2016.05.25 19:57:01.862,0.99101,0.99114,1.00,1.87
2016.05.25 19:57:02.014,0.99101,0.99114,1.50,1.50
2016.05.25 19:57:02.778,0.99105,0.99118,1.00,1.87
2016.05.25 19:57:02.932,0.99105,0.99118,1.75,1.00
2016.05.25 19:57:03.967,0.99106,0.99119,1.50,1.50
2016.05.25 19:57:06.083,0.99108,0.99121,1.00,2.62
2016.05.25 19:57:06.227,0.99108,0.99121,1.50,1.00
2016.05.25 19:57:07.260,0.99109,0.99122,1.00,1.50
2016.05.25 19:57:08.482,0.99108,0.99121,1.50,1.00
2016.05.25 19:57:13.168,0.9911,0.99122,1.00,1.00
2016.05.25 19:57:13.676,0.9911,0.99123,1.50,1.12
2016.05.25 19:57:17.955,0.99111,0.99124,1.37,1.87
2016.05.25 19:57:22.319,0.99114,0.99126,1.00,1.12
2016.05.25 19:57:22.473,0.99114,0.99126,1.12,1.00
2016.05.25 19:57:24.423,0.99114,0.99127,1.12,2.25
2016.05.25 19:57:24.612,0.99112,0.99124,1.12,1.00
2016.05.25 19:57:27.031,0.9911,0.99123,1.75,1.87
2016.05.25 19:57:27.184,0.9911,0.99121,1.00,1.37
2016.05.25 19:57:27.719,0.99108,0.99121,1.37,1.87
2016.05.25 19:57:29.089,0.99108,0.99121,1.75,1.50
2016.05.25 19:57:32.244,0.99109,0.99122,1.50,1.50
2016.05.25 19:57:33.199,0.9911,0.99123,1.50,1.50
2016.05.25 19:57:34.333,0.99113,0.99123,1.00,1.00
2016.05.25 19:57:34.386,0.99113,0.99125,1.12,1.00
2016.05.25 19:57:36.293,0.99113,0.99126,1.75,1.00
2016.05.25 19:57:37.921,0.99113,0.99126,1.50,1.12
2016.05.25 19:57:38.658,0.99117,0.99128,1.00,1.12
2016.05.25 19:57:38.709,0.99117,0.99128,1.00,1.00
2016.05.25 19:57:38.913,0.99117,0.9913,1.50,1.50
2016.05.25 19:57:39.269,0.99117,0.9913,1.00,2.25
2016.05.25 19:57:39.473,0.99117,0.9913,1.00,1.87
2016.05.25 19:57:39.881,0.99116,0.99129,1.50,1.37
2016.05.25 19:57:40.415,0.99116,0.99129,1.50,1.12
2016.05.25 19:57:40.973,0.99116,0.99129,1.50,1.37
2016.05.25 19:57:41.499,0.99116,0.99129,1.50,1.12
2016.05.25 19:57:42.067,0.99116,0.99129,1.50,1.50
2016.05.25 19:57:42.372,0.99114,0.99126,1.12,1.00
2016.05.25 19:57:42.709,0.99116,0.99128,1.12,1.37
2016.05.25 19:57:43.224,0.99116,0.99128,1.12,1.00
2016.05.25 19:57:43.531,0.99114,0.99126,1.12,1.37
2016.05.25 19:57:44.070,0.99114,0.99126,1.12,1.00
2016.05.25 19:57:44.578,0.99113,0.99126,1.50,1.87
2016.05.25 19:57:45.022,0.99113,0.99124,1.00,1.37
2016.05.25 19:57:45.451,0.99111,0.99123,1.12,1.37
2016.05.25 19:57:48.375,0.99111,0.99123,1.12,1.00
2016.05.25 19:57:48.630,0.99111,0.99124,1.75,1.87
2016.05.25 19:57:48.733,0.99108,0.99121,1.50,1.50
2016.05.25 19:57:49.536,0.99113,0.99122,1.00,1.37
2016.05.25 19:57:49.639,0.99114,0.99125,1.87,1.12
2016.05.25 19:57:50.148,0.99114,0.99126,1.12,1.00
2016.05.25 19:57:53.455,0.99115,0.99127,1.00,1.37
2016.05.25 19:57:54.558,0.99115,0.99127,1.00,1.12
2016.05.25 19:57:55.097,0.99114,0.99127,1.00,1.19
2016.05.25 19:57:56.413,0.99114,0.99129,1.50,4.94
2016.05.25 19:57:56.465,0.99114,0.99129,1.87,4.94
2016.05.25 19:57:57.852,0.99114,0.99128,1.87,1.44
2016.05.25 19:58:00.171,0.99114,0.99128,1.50,1.12
2016.05.25 19:58:01.378,0.99115,0.9913,1.50,2.32
2016.05.25 19:58:06.083,0.99114,0.99129,1.75,1.84
2016.05.25 19:58:06.186,0.99113,0.99126,1.50,1.09
2016.05.25 19:58:06.695,0.99115,0.99127,1.00,1.37
2016.05.25 19:58:07.788,0.99114,0.99127,1.12,1.47
2016.05.25 19:58:08.991,0.99113,0.99125,1.00,1.37
2016.05.25 19:58:09.499,0.99113,0.99125,1.12,1.00
2016.05.25 19:58:10.067,0.99114,0.99125,1.00,1.00
2016.05.25 19:58:11.198,0.99111,0.99126,1.75,1.87
2016.05.25 19:58:11.742,0.99111,0.99124,1.50,1.00
2016.05.25 19:58:12.097,0.99114,0.99125,1.00,1.37
2016.05.25 19:58:12.200,0.99115,0.99128,1.12,1.75
2016.05.25 19:58:12.302,0.99115,0.9913,2.62,2.25
2016.05.25 19:58:12.804,0.99116,0.9913,1.12,1.50
2016.05.25 19:58:17.982,0.99115,0.9913,3.00,1.50
2016.05.25 19:58:24.667,0.99116,0.99128,1.37,1.00
2016.05.25 19:58:28.892,0.99116,0.99129,2.62,1.12
2016.05.25 19:58:32.916,0.99116,0.99128,1.37,1.00
2016.05.25 19:58:37.694,0.99115,0.99129,1.19,1.87
2016.05.25 19:58:38.213,0.99114,0.9913,3.82,1.87
2016.05.25 19:58:39.010,0.99114,0.99129,3.82,1.50
2016.05.25 19:58:41.295,0.99115,0.99129,1.82,1.50
2016.05.25 19:58:42.234,0.99115,0.99129,1.82,1.75
2016.05.25 19:58:44.996,0.99113,0.99127,1.94,1.50
2016.05.25 19:58:45.098,0.99112,0.99127,3.82,2.06
2016.05.25 19:58:45.616,0.99112,0.99126,3.82,1.37
2016.05.25 19:58:48.276,0.99112,0.99126,3.82,1.12
2016.05.25 19:58:48.784,0.99112,0.99125,4.19,1.00
2016.05.25 19:58:55.904,0.99112,0.99127,4.57,1.75
2016.05.25 19:58:57.208,0.99114,0.99127,1.00,1.87
2016.05.25 19:59:00.989,0.99114,0.99127,1.50,1.50
2016.05.25 19:59:01.381,0.99114,0.99127,1.00,1.75
2016.05.25 19:59:01.890,0.99114,0.99127,3.00,1.37
2016.05.25 19:59:02.421,0.99115,0.99128,1.12,1.50
2016.05.25 19:59:03.409,0.99115,0.99128,2.25,1.50
2016.05.25 19:59:07.041,0.99115,0.99128,3.37,1.50
2016.05.25 19:59:07.396,0.99113,0.99126,1.87,1.50
2016.05.25 19:59:08.255,0.99115,0.99128,1.00,1.87
2016.05.25 19:59:08.306,0.99115,0.99128,1.12,1.50
2016.05.25 19:59:17.179,0.99115,0.99128,1.50,1.50
2016.05.25 19:59:17.332,0.99115,0.99128,1.87,1.00
2016.05.25 19:59:17.564,0.99117,0.9913,1.50,1.12
2016.05.25 19:59:18.072,0.99119,0.99131,1.12,1.00
2016.05.25 19:59:21.275,0.99118,0.99131,1.50,1.87
2016.05.25 19:59:24.504,0.99118,0.99131,1.50,1.87
2016.05.25 19:59:32.293,0.99119,0.99132,1.50,1.50
2016.05.25 19:59:36.761,0.99118,0.99132,1.87,1.37
2016.05.25 19:59:37.895,0.99119,0.99133,1.00,1.87
2016.05.25 19:59:38.799,0.99119,0.99133,1.12,1.50
2016.05.25 19:59:40.549,0.99119,0.99133,3.00,1.00
2016.05.25 19:59:41.969,0.99119,0.99133,1.50,1.87
2016.05.25 19:59:45.640,0.99119,0.99133,1.50,1.87
2016.05.25 19:59:50.571,0.99119,0.99133,1.50,2.25
2016.05.25 19:59:51.079,0.99119,0.99133,1.09,2.25
2016.05.25 19:59:51.131,0.99119,0.9913,1.09,1.00
2016.05.25 19:59:51.436,0.99115,0.99128,2.32,1.50
2016.05.25 19:59:51.589,0.99116,0.9913,1.19,1.12
2016.05.25 19:59:52.113,0.99117,0.99132,1.94,1.50
2016.05.25 19:59:52.621,0.99119,0.99132,1.09,1.12
2016.05.25 19:59:59.706,0.99119,0.99132,1.09,1.87
