2011.01.05 07:00:00.046,0.94979,0.94998,1.17,3.00
2011.01.05 07:00:00.903,0.9498,0.94998,1.17,1.50
2011.01.05 07:00:04.950,0.94978,0.94998,1.17,1.50
2011.01.05 07:00:05.751,0.94978,0.94998,1.17,1.50
2011.01.05 07:00:06.084,0.9498,0.94998,1.17,1.50
2011.01.05 07:00:10.216,0.9498,0.94999,1.17,3.00
2011.01.05 07:00:10.830,0.94982,0.95004,1.17,2.25
2011.01.05 07:00:11.395,0.94981,0.94999,1.17,3.75
2011.01.05 07:00:14.242,0.94981,0.95,1.17,1.50
2011.01.05 07:00:15.081,0.94983,0.95,1.17,1.50
2011.01.05 07:00:15.209,0.94983,0.95003,1.17,2.25
2011.01.05 07:00:19.815,0.94987,0.95004,1.50,1.50
2011.01.05 07:00:20.374,0.94987,0.95006,1.92,5.93
2011.01.05 07:00:22.355,0.94983,0.95004,3.60,1.50
2011.01.05 07:00:37.051,0.94985,0.95005,1.17,2.25
2011.01.05 07:00:39.317,0.94984,0.95003,1.17,1.50
2011.01.05 07:00:39.890,0.94982,0.95002,1.17,1.50
2011.01.05 07:00:40.007,0.94982,0.95001,1.17,1.50
2011.01.05 07:00:42.266,0.94983,0.95001,4.92,1.50
2011.01.05 07:00:45.947,0.94983,0.95001,4.92,1.58
2011.01.05 07:00:46.835,0.94983,0.95001,4.92,1.50
2011.01.05 07:00:47.450,0.94982,0.95001,4.17,2.25
2011.01.05 07:00:50.323,0.9498,0.94996,1.17,1.50
2011.01.05 07:00:51.007,0.94982,0.94999,4.17,1.50
2011.01.05 07:00:52.709,0.94982,0.94999,1.17,1.50
2011.01.05 07:00:53.318,0.94984,0.94999,1.17,1.50
2011.01.05 07:00:54.647,0.94982,0.94999,1.17,2.25
2011.01.05 07:00:56.950,0.94979,0.94998,1.92,1.50
2011.01.05 07:00:59.105,0.94981,0.94999,1.17,2.25
2011.01.05 07:01:03.569,0.94982,0.94999,4.17,2.25
2011.01.05 07:01:04.670,0.94984,0.94999,1.17,2.25
2011.01.05 07:01:04.795,0.94985,0.95004,1.92,3.00
2011.01.05 07:01:05.145,0.94987,0.95006,1.17,3.00
2011.01.05 07:01:06.017,0.94989,0.95006,1.17,1.50
2011.01.05 07:01:06.547,0.94996,0.95009,4.92,1.50
2011.01.05 07:01:06.909,0.94997,0.9501,1.17,1.50
2011.01.05 07:01:08.020,0.94995,0.9501,1.17,1.50
2011.01.05 07:01:08.363,0.94995,0.95009,1.17,4.50
2011.01.05 07:01:08.474,0.94992,0.95009,1.17,5.25
2011.01.05 07:01:08.880,0.94992,0.95009,1.17,4.50
2011.01.05 07:01:09.002,0.94991,0.95009,4.92,2.25
2011.01.05 07:01:09.117,0.94993,0.9501,1.17,2.25
2011.01.05 07:01:09.894,0.94991,0.9501,4.17,1.50
2011.01.05 07:01:12.485,0.94992,0.9501,1.88,1.50
2011.01.05 07:01:13.048,0.94992,0.9501,2.29,1.50
2011.01.05 07:01:13.502,0.94996,0.95012,1.50,1.50
2011.01.05 07:01:14.057,0.94996,0.95013,1.50,1.50
2011.01.05 07:01:14.567,0.95001,0.95013,3.75,1.50
2011.01.05 07:01:14.690,0.95001,0.9502,3.75,1.50
2011.01.05 07:01:15.146,0.95006,0.95019,3.75,1.50
2011.01.05 07:01:16.114,0.95005,0.95019,3.75,1.50
2011.01.05 07:01:17.993,0.95005,0.95023,3.75,1.50
2011.01.05 07:01:18.753,0.95,0.95023,2.67,2.25
2011.01.05 07:01:19.306,0.95009,0.95023,3.75,1.50
2011.01.05 07:01:19.723,0.95012,0.95029,3.75,1.50
2011.01.05 07:01:20.391,0.95012,0.95029,3.75,1.50
2011.01.05 07:01:23.429,0.95011,0.95029,3.75,1.50
2011.01.05 07:01:23.550,0.95009,0.95029,2.67,1.50
2011.01.05 07:01:24.204,0.95009,0.95029,1.92,1.50
2011.01.05 07:01:25.557,0.95014,0.95029,2.67,1.50
2011.01.05 07:01:26.091,0.95016,0.95029,1.50,1.50
2011.01.05 07:01:26.437,0.95016,0.95031,1.92,1.50
2011.01.05 07:01:27.057,0.95016,0.95034,1.92,1.50
2011.01.05 07:01:27.179,0.95016,0.95032,1.92,1.50
2011.01.05 07:01:28.481,0.95015,0.95029,1.92,2.25
2011.01.05 07:01:28.710,0.95011,0.95032,3.75,3.00
2011.01.05 07:01:29.121,0.95014,0.95031,3.75,1.50
2011.01.05 07:01:29.989,0.9501,0.95031,2.67,1.50
2011.01.05 07:01:30.335,0.9501,0.95031,1.92,2.25
2011.01.05 07:01:31.115,0.95012,0.95031,3.75,2.25
2011.01.05 07:01:31.676,0.95012,0.95031,3.75,2.25
2011.01.05 07:01:33.029,0.95013,0.95034,1.50,2.25
2011.01.05 07:01:33.752,0.95012,0.95034,1.92,2.63
2011.01.05 07:01:33.875,0.95014,0.95034,1.50,2.25
2011.01.05 07:01:34.507,0.95013,0.95034,1.50,2.25
2011.01.05 07:01:34.867,0.95013,0.95033,1.50,3.00
2011.01.05 07:01:36.304,0.95013,0.95031,1.50,2.25
2011.01.05 07:01:36.769,0.95013,0.95031,1.50,3.00
2011.01.05 07:01:36.894,0.9501,0.95029,5.25,1.50
2011.01.05 07:01:37.861,0.9501,0.95029,1.50,1.50
2011.01.05 07:01:38.415,0.95008,0.95028,2.25,1.50
2011.01.05 07:01:38.964,0.95008,0.95029,2.67,5.25
2011.01.05 07:01:39.501,0.95009,0.95029,1.50,3.00
2011.01.05 07:01:40.077,0.95008,0.95029,1.17,3.00
2011.01.05 07:01:40.309,0.95007,0.95024,2.25,1.13
2011.01.05 07:01:40.657,0.94997,0.9501,1.88,2.25
2011.01.05 07:01:41.180,0.94991,0.9501,4.54,2.25
2011.01.05 07:01:41.302,0.94991,0.95008,2.67,1.50
2011.01.05 07:01:41.815,0.94996,0.95015,1.50,1.58
2011.01.05 07:01:42.411,0.94997,0.95017,1.50,1.58
2011.01.05 07:01:42.865,0.94997,0.95017,1.50,1.50
2011.01.05 07:01:43.535,0.94997,0.95017,1.50,1.58
2011.01.05 07:01:49.906,0.94998,0.95018,3.75,3.08
2011.01.05 07:01:53.876,0.94998,0.95017,3.75,1.17
2011.01.05 07:01:54.439,0.94998,0.9502,4.17,1.54
2011.01.05 07:01:54.565,0.94994,0.95016,6.42,2.67
2011.01.05 07:01:55.125,0.94994,0.95012,4.17,1.54
2011.01.05 07:01:55.795,0.94994,0.95012,3.75,1.54
2011.01.05 07:01:56.459,0.94993,0.95012,1.50,1.54
2011.01.05 07:01:57.514,0.94992,0.95012,1.92,1.54
2011.01.05 07:01:59.913,0.94992,0.95012,1.92,1.54
2011.01.05 07:02:05.643,0.94991,0.95012,3.00,1.54
2011.01.05 07:02:09.585,0.94992,0.9501,1.50,3.79
2011.01.05 07:02:16.431,0.94991,0.95009,3.42,4.50
2011.01.05 07:02:16.667,0.94988,0.95009,4.17,4.50
2011.01.05 07:02:16.787,0.94988,0.95007,3.75,4.50
2011.01.05 07:02:18.963,0.94988,0.95007,2.25,5.25
2011.01.05 07:02:19.305,0.94987,0.95005,2.25,1.50
2011.01.05 07:02:20.371,0.94987,0.95006,2.25,1.50
2011.01.05 07:02:26.917,0.94987,0.95002,1.50,4.61
2011.01.05 07:02:27.255,0.94985,0.95002,1.50,1.61
2011.01.05 07:02:28.107,0.94984,0.95002,1.50,2.80
2011.01.05 07:02:28.335,0.94984,0.95002,1.50,1.54
2011.01.05 07:02:29.166,0.94984,0.95004,3.00,1.54
2011.01.05 07:02:29.745,0.94985,0.95004,1.50,1.54
2011.01.05 07:02:30.668,0.94987,0.95004,1.50,1.54
2011.01.05 07:02:34.325,0.94988,0.95007,1.50,1.54
2011.01.05 07:02:39.745,0.94991,0.95009,1.92,1.54
2011.01.05 07:02:40.585,0.94992,0.95009,1.50,1.54
2011.01.05 07:02:41.144,0.9499,0.95009,2.29,2.29
2011.01.05 07:02:41.926,0.94989,0.95009,1.54,1.54
2011.01.05 07:02:42.483,0.94989,0.95009,1.54,1.54
2011.01.05 07:02:44.335,0.94988,0.95009,2.29,2.29
2011.01.05 07:02:45.174,0.94988,0.95009,2.29,2.29
2011.01.05 07:02:45.314,0.94986,0.95008,3.04,1.54
2011.01.05 07:02:45.427,0.94986,0.95005,3.04,1.50
2011.01.05 07:02:46.492,0.94987,0.95005,1.92,1.54
2011.01.05 07:03:02.536,0.94985,0.95005,1.92,1.58
2011.01.05 07:03:02.764,0.94985,0.95005,1.92,1.54
2011.01.05 07:03:10.205,0.94988,0.95005,1.50,1.54
2011.01.05 07:03:11.007,0.94986,0.95005,1.92,1.54
2011.01.05 07:03:14.526,0.94986,0.95005,1.92,3.04
2011.01.05 07:03:26.216,0.94985,0.95005,5.25,3.04
2011.01.05 07:03:26.667,0.94982,0.95003,4.17,1.92
2011.01.05 07:03:26.786,0.94982,0.95001,3.75,1.54
2011.01.05 07:03:27.727,0.94987,0.95002,1.50,1.54
2011.01.05 07:03:27.972,0.94983,0.95,1.50,1.05
2011.01.05 07:03:28.398,0.94981,0.95001,3.75,1.80
2011.01.05 07:03:28.958,0.94981,0.95001,4.92,1.14
2011.01.05 07:03:29.484,0.94981,0.94999,3.75,1.54
2011.01.05 07:03:31.250,0.94981,0.94999,3.75,3.04
2011.01.05 07:03:31.372,0.94979,0.94999,4.17,3.04
2011.01.05 07:03:37.845,0.94979,0.94997,4.17,1.54
2011.01.05 07:03:39.776,0.9498,0.94997,3.75,2.29
2011.01.05 07:03:40.380,0.94978,0.94997,4.17,2.29
2011.01.05 07:03:41.434,0.9498,0.94997,3.75,2.29
2011.01.05 07:03:42.144,0.9498,0.94997,3.75,2.29
2011.01.05 07:03:45.935,0.94977,0.94997,1.17,2.29
2011.01.05 07:03:47.181,0.94976,0.94997,1.92,2.29
2011.01.05 07:03:49.633,0.94974,0.94997,5.67,2.29
2011.01.05 07:03:50.565,0.94979,0.94997,3.75,2.29
2011.01.05 07:03:51.014,0.94977,0.94997,3.75,1.54
2011.01.05 07:03:51.125,0.9498,0.94997,3.75,1.54
2011.01.05 07:03:52.555,0.9498,0.94997,7.50,2.29
2011.01.05 07:03:53.144,0.94981,0.94999,3.75,3.79
2011.01.05 07:03:54.835,0.9498,0.94999,3.75,1.54
2011.01.05 07:03:54.959,0.9498,0.94999,3.75,1.54
2011.01.05 07:04:04.761,0.94979,0.94998,3.75,2.29
2011.01.05 07:04:05.950,0.9498,0.94998,3.75,2.29
2011.01.05 07:04:08.996,0.94974,0.94998,1.54,2.29
2011.01.05 07:04:09.224,0.94979,0.94998,3.75,2.29
2011.01.05 07:04:13.924,0.9498,0.94998,3.75,2.29
2011.01.05 07:04:15.540,0.94981,0.94999,3.75,1.54
2011.01.05 07:04:15.776,0.94981,0.94998,3.75,1.54
2011.01.05 07:04:16.745,0.9498,0.94998,3.75,1.54
2011.01.05 07:04:17.806,0.94982,0.95,3.75,1.54
2011.01.05 07:04:20.747,0.94981,0.95001,4.17,3.30
2011.01.05 07:04:38.273,0.94981,0.95001,4.17,3.30
2011.01.05 07:04:40.985,0.94981,0.95,3.75,1.54
2011.01.05 07:04:41.564,0.94982,0.95001,3.75,2.55
2011.01.05 07:04:47.504,0.94978,0.95001,2.67,2.55
2011.01.05 07:04:48.911,0.94982,0.95001,3.75,2.55
2011.01.05 07:04:49.947,0.94979,0.95,1.92,1.54
2011.01.05 07:04:54.110,0.94981,0.95001,1.17,2.55
2011.01.05 07:04:54.886,0.94984,0.95001,3.75,2.55
2011.01.05 07:04:58.134,0.94983,0.95001,4.17,2.55
2011.01.05 07:04:58.648,0.94985,0.95001,1.17,2.55
2011.01.05 07:04:59.313,0.94983,0.95,4.17,2.29
2011.01.05 07:05:00.115,0.94981,0.95,4.17,3.04
2011.01.05 07:05:00.838,0.94982,0.95,3.75,1.54
2011.01.05 07:05:00.966,0.94984,0.95001,3.75,1.05
2011.01.05 07:05:06.143,0.94991,0.95012,2.29,2.25
2011.01.05 07:05:08.665,0.94994,0.95014,1.50,1.50
2011.01.05 07:05:09.226,0.94992,0.95014,1.92,1.50
2011.01.05 07:05:15.730,0.94992,0.95011,1.92,2.63
2011.01.05 07:05:15.860,0.94989,0.9501,1.50,1.50
2011.01.05 07:05:15.979,0.94989,0.95011,3.00,2.25
2011.01.05 07:05:16.691,0.94989,0.95011,3.42,1.88
2011.01.05 07:05:32.592,0.94992,0.95011,1.50,1.50
2011.01.05 07:05:32.928,0.94993,0.95014,1.17,1.88
2011.01.05 07:05:33.312,0.94995,0.95014,2.25,1.13
2011.01.05 07:05:33.544,0.94997,0.95017,1.50,1.50
2011.01.05 07:05:45.032,0.94997,0.95017,2.25,1.50
2011.01.05 07:05:53.932,0.94998,0.95016,2.25,1.50
2011.01.05 07:06:11.941,0.94998,0.95016,2.25,1.50
2011.01.05 07:06:12.616,0.94999,0.95019,1.50,1.50
2011.01.05 07:06:13.155,0.94998,0.95019,2.67,1.50
2011.01.05 07:06:13.735,0.94998,0.95021,2.25,3.00
2011.01.05 07:06:14.693,0.94998,0.9502,4.92,1.50
2011.01.05 07:06:16.914,0.95,0.95021,1.92,2.25
2011.01.05 07:06:17.470,0.95,0.95021,1.92,2.25
2011.01.05 07:06:18.432,0.94999,0.9502,1.92,1.50
2011.01.05 07:06:19.094,0.95001,0.9502,1.50,1.50
2011.01.05 07:06:23.680,0.94999,0.9502,1.92,1.50
2011.01.05 07:06:24.344,0.95,0.9502,1.50,1.50
2011.01.05 07:06:24.863,0.94999,0.9502,1.92,1.50
2011.01.05 07:06:25.417,0.95,0.9502,1.50,1.50
2011.01.05 07:06:25.982,0.94998,0.9502,2.67,1.50
2011.01.05 07:06:26.220,0.95001,0.9502,1.50,1.50
2011.01.05 07:06:27.321,0.95001,0.95021,1.92,2.25
2011.01.05 07:06:28.211,0.95002,0.95021,1.50,2.25
2011.01.05 07:06:28.657,0.95,0.9502,1.50,1.50
2011.01.05 07:06:30.275,0.95,0.95021,1.92,2.25
2011.01.05 07:06:30.956,0.95001,0.95021,1.50,2.25
2011.01.05 07:06:31.822,0.95,0.95021,1.92,2.25
2011.01.05 07:06:32.047,0.95001,0.95021,1.50,2.25
2011.01.05 07:06:32.278,0.95001,0.95021,3.27,2.25
2011.01.05 07:06:32.397,0.95002,0.95023,1.54,4.50
2011.01.05 07:06:33.028,0.95011,0.95029,3.75,1.50
2011.01.05 07:06:34.046,0.95013,0.95031,1.50,2.25
2011.01.05 07:06:34.645,0.95014,0.95031,1.50,2.25
2011.01.05 07:06:35.216,0.95015,0.95031,1.50,1.50
2011.01.05 07:06:35.738,0.95012,0.95034,1.17,1.13
2011.01.05 07:06:37.492,0.95014,0.95031,1.50,1.13
2011.01.05 07:06:37.613,0.95011,0.95031,1.50,1.13
2011.01.05 07:06:37.730,0.95011,0.95031,1.50,1.50
2011.01.05 07:06:38.179,0.9501,0.9503,1.50,1.88
2011.01.05 07:06:39.161,0.95011,0.95028,1.50,1.50
2011.01.05 07:06:39.775,0.9501,0.95028,3.00,1.50
2011.01.05 07:06:41.122,0.95012,0.9503,1.50,1.50
2011.01.05 07:06:41.740,0.95014,0.95029,1.50,1.50
2011.01.05 07:06:42.400,0.95015,0.95029,1.50,1.50
2011.01.05 07:06:42.529,0.95013,0.95031,1.50,1.13
2011.01.05 07:06:43.658,0.9501,0.9503,1.50,1.50
2011.01.05 07:06:44.085,0.95012,0.9503,1.50,1.50
2011.01.05 07:06:44.435,0.95011,0.95029,1.50,2.25
2011.01.05 07:06:45.787,0.9501,0.95029,1.50,2.25
2011.01.05 07:06:46.409,0.95012,0.95029,1.50,2.25
2011.01.05 07:06:48.535,0.95013,0.95031,1.50,3.38
2011.01.05 07:06:49.156,0.95012,0.95031,1.50,3.00
2011.01.05 07:06:49.507,0.95014,0.9503,1.50,1.50
2011.01.05 07:06:50.366,0.95013,0.9503,1.50,1.50
2011.01.05 07:06:51.496,0.95015,0.95031,1.50,4.88
2011.01.05 07:06:52.121,0.95014,0.95031,1.50,3.38
2011.01.05 07:06:53.034,0.95014,0.9503,1.50,2.25
2011.01.05 07:06:53.385,0.9501,0.95028,1.92,1.39
2011.01.05 07:06:53.922,0.95008,0.95026,1.50,1.77
2011.01.05 07:06:56.083,0.95007,0.95026,1.92,2.52
2011.01.05 07:06:58.249,0.9501,0.95025,1.50,1.02
2011.01.05 07:06:59.177,0.9501,0.95026,1.50,1.50
2011.01.05 07:06:59.536,0.95013,0.9503,1.50,1.02
2011.01.05 07:07:01.049,0.95012,0.95033,1.50,1.50
2011.01.05 07:07:01.587,0.95011,0.9503,2.67,1.50
2011.01.05 07:07:02.143,0.95013,0.9503,1.50,1.50
2011.01.05 07:07:05.149,0.9501,0.9503,2.25,1.50
2011.01.05 07:07:05.519,0.95014,0.9503,1.50,1.50
2011.01.05 07:07:06.045,0.95013,0.95031,1.50,1.50
2011.01.05 07:07:07.832,0.95011,0.95031,3.00,1.50
2011.01.05 07:07:08.068,0.95013,0.95031,1.50,1.50
2011.01.05 07:07:08.647,0.95012,0.95031,1.50,1.50
2011.01.05 07:07:09.292,0.95014,0.95031,1.50,1.50
2011.01.05 07:07:09.737,0.95012,0.95031,1.50,1.88
2011.01.05 07:07:09.855,0.95012,0.95029,1.50,1.50
2011.01.05 07:07:10.308,0.95009,0.9503,1.50,1.50
2011.01.05 07:07:10.540,0.95013,0.9503,1.50,1.50
2011.01.05 07:07:10.924,0.95011,0.9503,1.50,1.50
2011.01.05 07:07:11.487,0.9501,0.9503,1.50,1.50
2011.01.05 07:07:12.763,0.95011,0.9503,1.50,1.50
2011.01.05 07:07:13.592,0.95014,0.9503,1.50,1.50
2011.01.05 07:07:13.704,0.95014,0.95032,1.50,4.13
2011.01.05 07:07:14.042,0.95011,0.95032,1.17,3.75
2011.01.05 07:07:14.448,0.95013,0.95032,1.50,4.13
2011.01.05 07:07:14.574,0.95011,0.95031,1.50,1.50
2011.01.05 07:07:15.135,0.95009,0.95031,1.92,1.50
2011.01.05 07:07:15.518,0.95012,0.95031,1.50,1.50
2011.01.05 07:07:16.607,0.95011,0.95031,1.50,1.13
2011.01.05 07:07:17.887,0.95012,0.95032,1.50,4.13
2011.01.05 07:07:19.133,0.95011,0.95031,1.50,1.13
2011.01.05 07:07:20.862,0.95013,0.95032,1.50,3.75
2011.01.05 07:07:22.282,0.95011,0.95032,1.50,3.75
2011.01.05 07:07:23.122,0.95012,0.95032,1.50,2.25
2011.01.05 07:07:23.646,0.9501,0.95032,2.67,2.25
2011.01.05 07:07:24.774,0.9501,0.95032,2.67,4.13
2011.01.05 07:07:25.623,0.95012,0.95032,1.50,3.75
2011.01.05 07:07:26.601,0.95009,0.95032,4.17,4.50
2011.01.05 07:07:27.164,0.95009,0.95031,1.50,1.50
2011.01.05 07:07:28.414,0.95009,0.95028,1.50,1.50
2011.01.05 07:07:30.896,0.95009,0.9503,1.92,1.50
2011.01.05 07:07:31.866,0.9501,0.95032,1.43,3.00
2011.01.05 07:07:32.596,0.95012,0.95032,1.50,3.00
2011.01.05 07:07:32.717,0.95012,0.95032,1.92,3.00
2011.01.05 07:07:33.154,0.95009,0.95031,3.42,1.88
2011.01.05 07:07:33.800,0.95009,0.95031,2.67,1.50
2011.01.05 07:07:33.917,0.95011,0.95032,1.50,1.50
2011.01.05 07:07:34.046,0.95009,0.95031,1.50,1.50
2011.01.05 07:07:34.791,0.95009,0.9503,1.92,1.50
2011.01.05 07:07:36.691,0.95009,0.95025,1.92,1.02
2011.01.05 07:07:36.812,0.95004,0.95024,1.13,2.25
2011.01.05 07:07:37.327,0.95004,0.95023,5.63,1.50
2011.01.05 07:07:37.952,0.94999,0.95023,1.54,2.25
2011.01.05 07:07:38.084,0.94999,0.95022,1.54,2.25
2011.01.05 07:07:39.115,0.94998,0.9502,3.04,2.25
2011.01.05 07:07:39.459,0.95001,0.95017,1.02,2.25
2011.01.05 07:07:39.576,0.95,0.95017,2.25,2.25
2011.01.05 07:07:39.696,0.94997,0.95019,1.13,3.00
2011.01.05 07:07:39.815,0.94997,0.95019,3.79,3.00
2011.01.05 07:07:40.124,0.94997,0.95014,1.50,1.50
2011.01.05 07:07:40.470,0.94997,0.95019,1.17,3.00
2011.01.05 07:07:41.114,0.94997,0.95016,1.54,1.50
2011.01.05 07:07:41.244,0.94997,0.9502,3.79,3.00
2011.01.05 07:07:42.213,0.95003,0.95022,3.75,4.50
2011.01.05 07:07:45.081,0.94999,0.9502,1.17,2.25
2011.01.05 07:07:47.560,0.95003,0.95022,3.75,4.50
2011.01.05 07:07:49.197,0.94997,0.9502,3.42,1.50
2011.01.05 07:07:49.755,0.94997,0.95019,3.42,1.50
2011.01.05 07:07:52.435,0.94997,0.9502,3.42,1.50
2011.01.05 07:07:53.506,0.94997,0.95022,3.42,3.75
2011.01.05 07:07:54.605,0.94997,0.95022,3.42,3.75
2011.01.05 07:07:54.834,0.95002,0.95022,3.75,3.75
2011.01.05 07:07:56.255,0.95001,0.95022,3.75,3.75
2011.01.05 07:07:56.585,0.94997,0.95022,3.42,3.75
2011.01.05 07:08:00.315,0.95002,0.95021,4.17,2.25
2011.01.05 07:08:00.655,0.94998,0.95021,1.92,4.88
2011.01.05 07:08:05.027,0.94998,0.95018,1.92,1.50
2011.01.05 07:08:08.708,0.94998,0.95014,1.50,1.50
2011.01.05 07:08:09.305,0.94998,0.95016,1.50,1.50
2011.01.05 07:08:10.296,0.94998,0.95017,1.50,2.25
2011.01.05 07:08:10.528,0.94998,0.95021,1.92,4.50
2011.01.05 07:08:10.997,0.95001,0.95021,1.92,1.77
2011.01.05 07:08:11.521,0.95004,0.95021,3.75,1.77
2011.01.05 07:08:11.640,0.95002,0.95021,3.75,2.25
2011.01.05 07:08:11.977,0.95002,0.9502,3.75,1.50
2011.01.05 07:08:12.206,0.95,0.9502,4.17,1.50
2011.01.05 07:08:12.648,0.94998,0.95018,2.25,1.13
2011.01.05 07:08:13.311,0.94998,0.95017,2.25,1.13
2011.01.05 07:08:13.765,0.94998,0.9502,2.25,1.50
2011.01.05 07:08:16.039,0.94997,0.95017,2.67,1.50
2011.01.05 07:08:18.299,0.94997,0.95019,3.04,2.25
2011.01.05 07:08:18.855,0.94998,0.9502,1.17,1.50
2011.01.05 07:08:19.404,0.94998,0.95019,1.17,1.50
2011.01.05 07:08:20.557,0.94998,0.95018,1.17,1.50
2011.01.05 07:08:20.784,0.94998,0.95022,1.92,3.75
2011.01.05 07:08:21.003,0.94998,0.95022,1.92,3.75
2011.01.05 07:08:23.142,0.94999,0.95022,1.17,2.25
2011.01.05 07:08:25.233,0.95,0.95022,1.17,3.75
2011.01.05 07:08:29.590,0.94998,0.95022,2.29,3.00
2011.01.05 07:08:29.918,0.95001,0.95022,1.17,3.00
2011.01.05 07:08:33.736,0.94999,0.9502,1.50,1.50
2011.01.05 07:08:35.953,0.94999,0.95022,1.92,3.75
2011.01.05 07:09:01.165,0.94998,0.9502,2.67,1.50
2011.01.05 07:09:03.277,0.94998,0.95021,2.67,1.13
2011.01.05 07:09:03.724,0.94999,0.95021,1.92,1.88
2011.01.05 07:09:04.491,0.94999,0.95021,1.17,1.13
2011.01.05 07:09:05.044,0.94998,0.95019,2.67,1.50
2011.01.05 07:09:11.447,0.94998,0.95018,1.50,1.88
2011.01.05 07:09:11.567,0.94995,0.95017,3.79,1.50
2011.01.05 07:09:14.107,0.94995,0.95016,3.38,2.63
2011.01.05 07:09:15.049,0.94995,0.95014,2.63,1.77
2011.01.05 07:09:15.399,0.94994,0.95009,2.63,1.13
2011.01.05 07:09:16.678,0.94994,0.95008,3.60,1.13
2011.01.05 07:09:17.487,0.94995,0.95012,2.63,1.50
2011.01.05 07:09:19.365,0.94995,0.95013,2.63,2.25
2011.01.05 07:09:23.977,0.94995,0.95012,2.63,1.50
2011.01.05 07:09:24.576,0.94995,0.95013,2.63,2.25
2011.01.05 07:09:26.433,0.94995,0.95013,2.63,2.25
2011.01.05 07:09:26.565,0.94994,0.95013,4.02,2.25
2011.01.05 07:09:26.904,0.94994,0.95013,4.02,2.25
2011.01.05 07:09:32.516,0.94995,0.95015,1.17,1.50
2011.01.05 07:09:35.901,0.94995,0.95015,1.32,1.50
2011.01.05 07:09:36.464,0.94995,0.95015,1.32,1.50
2011.01.05 07:09:39.526,0.94998,0.9502,2.82,1.50
2011.01.05 07:09:43.597,0.94998,0.9502,2.82,1.50
2011.01.05 07:09:44.138,0.94998,0.9502,1.32,2.25
2011.01.05 07:09:44.866,0.94996,0.95019,2.40,2.25
2011.01.05 07:09:48.965,0.94997,0.95018,1.32,1.50
2011.01.05 07:09:49.916,0.94997,0.95019,1.32,3.38
2011.01.05 07:09:52.706,0.94998,0.95019,1.32,2.25
2011.01.05 07:09:56.335,0.94998,0.95017,1.17,1.13
2011.01.05 07:09:56.445,0.94998,0.95017,1.17,1.13
2011.01.05 07:09:56.965,0.94996,0.95017,2.67,1.13
2011.01.05 07:10:03.847,0.94995,0.95015,2.25,2.25
2011.01.05 07:10:05.295,0.94995,0.95013,2.25,1.13
2011.01.05 07:10:06.165,0.94994,0.95013,4.02,1.13
2011.01.05 07:10:07.025,0.94994,0.95013,4.99,1.13
2011.01.05 07:10:07.805,0.94994,0.95013,4.02,1.13
2011.01.05 07:10:09.846,0.94996,0.95016,1.17,2.25
2011.01.05 07:10:10.385,0.94996,0.95016,1.17,2.25
2011.01.05 07:10:10.734,0.94997,0.95019,1.17,1.50
2011.01.05 07:10:12.419,0.94997,0.95017,2.25,1.50
2011.01.05 07:10:15.196,0.94996,0.95015,2.25,1.50
2011.01.05 07:10:16.257,0.94996,0.95016,1.17,2.25
2011.01.05 07:10:17.064,0.94996,0.95016,1.17,2.25
2011.01.05 07:10:17.905,0.94996,0.95016,1.24,2.25
2011.01.05 07:10:21.071,0.94994,0.95016,1.80,3.00
2011.01.05 07:10:25.129,0.94994,0.95016,1.80,3.00
2011.01.05 07:10:25.696,0.94993,0.95016,4.69,3.00
2011.01.05 07:10:26.727,0.94997,0.95016,1.24,1.50
2011.01.05 07:10:26.857,0.94999,0.9502,1.24,1.50
2011.01.05 07:10:27.199,0.94999,0.95021,1.24,3.00
2011.01.05 07:10:28.027,0.95,0.95021,1.17,3.00
2011.01.05 07:10:28.714,0.94999,0.95021,1.24,1.50
2011.01.05 07:10:29.265,0.94999,0.95021,1.24,3.00
2011.01.05 07:10:30.907,0.94999,0.9502,1.17,1.13
2011.01.05 07:10:31.525,0.94998,0.95019,2.33,1.13
2011.01.05 07:10:35.397,0.94998,0.95018,2.33,1.50
2011.01.05 07:10:43.625,0.94998,0.9502,2.74,1.88
2011.01.05 07:10:55.763,0.95001,0.95018,1.32,1.13
2011.01.05 07:10:55.885,0.95001,0.9502,1.32,1.88
2011.01.05 07:10:59.667,0.95003,0.95022,1.05,1.50
2011.01.05 07:11:03.113,0.95003,0.95024,1.17,1.13
2011.01.05 07:11:07.924,0.95003,0.95026,1.54,1.50
2011.01.05 07:11:08.559,0.95009,0.95027,1.17,1.50
2011.01.05 07:11:08.687,0.95012,0.95032,1.17,1.50
2011.01.05 07:11:09.027,0.95011,0.95031,1.17,1.88
2011.01.05 07:11:09.709,0.95009,0.9503,1.92,1.50
2011.01.05 07:11:10.453,0.95008,0.9503,1.17,1.50
2011.01.05 07:11:15.023,0.95007,0.95026,2.67,1.77
2011.01.05 07:11:15.141,0.95003,0.95024,2.67,1.50
2011.01.05 07:11:15.694,0.95003,0.95024,1.92,1.50
2011.01.05 07:11:16.297,0.95004,0.95024,1.50,1.50
2011.01.05 07:11:16.636,0.95002,0.95023,3.42,1.13
2011.01.05 07:11:17.335,0.95001,0.95022,2.25,1.88
2011.01.05 07:11:17.895,0.95001,0.95021,1.50,1.13
2011.01.05 07:11:19.125,0.95001,0.95022,1.77,4.13
2011.01.05 07:11:19.356,0.95001,0.95022,2.18,2.63
2011.01.05 07:11:28.667,0.95002,0.95023,1.50,1.13
2011.01.05 07:11:29.417,0.95001,0.95023,1.92,1.13
2011.01.05 07:11:32.207,0.95003,0.95024,3.75,1.50
2011.01.05 07:11:32.744,0.95002,0.95024,1.50,1.50
2011.01.05 07:11:33.162,0.95006,0.95024,1.50,1.50
2011.01.05 07:11:38.650,0.95004,0.95022,1.50,1.13
2011.01.05 07:11:54.735,0.95003,0.95023,1.50,1.13
2011.01.05 07:11:55.540,0.95002,0.95023,1.50,1.13
2011.01.05 07:12:04.409,0.95002,0.95022,1.50,1.13
2011.01.05 07:12:04.950,0.95002,0.9502,1.50,1.13
2011.01.05 07:12:05.718,0.94998,0.95021,1.24,1.13
2011.01.05 07:12:05.946,0.94998,0.95018,1.24,1.13
2011.01.05 07:12:12.048,0.94997,0.95016,2.33,3.38
2011.01.05 07:12:12.408,0.94994,0.95011,1.99,1.02
2011.01.05 07:12:12.806,0.94992,0.95008,2.48,1.50
2011.01.05 07:12:12.937,0.94988,0.95005,1.50,1.50
2011.01.05 07:12:13.059,0.94986,0.95005,1.50,1.50
2011.01.05 07:12:13.754,0.94985,0.95005,1.50,1.50
2011.01.05 07:12:14.750,0.94983,0.95005,1.92,1.50
2011.01.05 07:12:15.330,0.94988,0.95008,1.50,1.50
2011.01.05 07:12:15.710,0.94984,0.95007,1.92,1.13
2011.01.05 07:12:15.836,0.94987,0.95001,1.50,1.13
2011.01.05 07:12:16.082,0.94979,0.94997,3.75,1.50
2011.01.05 07:12:16.689,0.94977,0.94997,2.25,1.50
2011.01.05 07:12:18.012,0.94984,0.94997,1.02,1.50
2011.01.05 07:12:18.249,0.94986,0.95003,1.50,1.50
2011.01.05 07:12:18.476,0.94986,0.95005,1.92,1.13
2011.01.05 07:12:21.223,0.94987,0.95005,1.13,1.13
2011.01.05 07:12:21.778,0.94987,0.95007,1.17,3.38
2011.01.05 07:12:22.238,0.94986,0.95004,1.50,3.38
2011.01.05 07:12:22.359,0.94979,0.95004,1.17,3.38
2011.01.05 07:12:22.477,0.94978,0.95003,2.67,1.50
2011.01.05 07:12:22.975,0.94979,0.95002,1.92,3.00
2011.01.05 07:12:24.182,0.94979,0.95,1.92,1.50
2011.01.05 07:12:24.418,0.94977,0.95,1.92,1.50
2011.01.05 07:12:24.538,0.94977,0.95,1.17,1.50
2011.01.05 07:12:28.934,0.94977,0.95,1.92,1.13
2011.01.05 07:12:29.900,0.94979,0.95001,1.65,3.00
2011.01.05 07:12:30.025,0.94981,0.95001,1.02,2.25
2011.01.05 07:12:30.541,0.94981,0.95005,2.18,1.50
2011.01.05 07:12:31.095,0.94981,0.95003,1.92,1.50
2011.01.05 07:12:32.956,0.94981,0.95003,1.17,3.00
2011.01.05 07:12:34.716,0.94989,0.95001,2.25,1.13
2011.01.05 07:12:34.833,0.9499,0.95005,2.25,4.77
2011.01.05 07:12:35.070,0.94983,0.95005,2.67,2.63
2011.01.05 07:12:35.416,0.94986,0.95002,1.50,1.50
2011.01.05 07:12:36.202,0.94981,0.95001,1.17,2.25
2011.01.05 07:12:36.323,0.94979,0.95,1.50,1.50
2011.01.05 07:12:39.631,0.94979,0.94998,1.50,1.50
2011.01.05 07:12:43.058,0.94979,0.94999,1.50,2.25
2011.01.05 07:12:54.160,0.94979,0.94998,1.50,1.50
2011.01.05 07:12:54.607,0.94974,0.94995,1.92,1.50
2011.01.05 07:12:57.123,0.94973,0.94995,1.17,2.25
2011.01.05 07:13:00.518,0.94976,0.94995,1.02,2.25
2011.01.05 07:13:01.079,0.94976,0.94996,1.39,1.50
2011.01.05 07:13:07.860,0.94977,0.94998,1.13,1.50
2011.01.05 07:13:07.990,0.9498,0.95001,2.55,1.50
2011.01.05 07:13:08.616,0.9498,0.95002,2.55,1.50
2011.01.05 07:13:09.185,0.9498,0.95004,2.29,3.00
2011.01.05 07:13:09.920,0.9498,0.95004,2.29,3.00
2011.01.05 07:13:12.906,0.94985,0.95004,1.50,1.50
2011.01.05 07:13:13.938,0.94987,0.95005,2.25,1.50
2011.01.05 07:13:14.057,0.94987,0.95006,2.25,2.25
2011.01.05 07:13:15.232,0.94987,0.95006,2.67,2.25
2011.01.05 07:13:15.965,0.94986,0.95004,1.13,2.25
2011.01.05 07:13:16.085,0.94985,0.95006,1.50,2.25
2011.01.05 07:13:16.200,0.94987,0.95004,1.17,1.50
2011.01.05 07:13:16.730,0.94986,0.95002,2.25,1.50
2011.01.05 07:13:16.846,0.94986,0.95004,2.25,1.50
2011.01.05 07:13:17.487,0.94986,0.95005,2.25,1.50
2011.01.05 07:13:18.064,0.94986,0.95007,1.02,3.00
2011.01.05 07:13:18.792,0.94988,0.95006,1.92,1.50
2011.01.05 07:13:19.250,0.94989,0.95004,1.17,1.50
2011.01.05 07:13:19.765,0.94988,0.95004,1.17,1.50
2011.01.05 07:13:19.879,0.94988,0.95008,3.04,1.50
2011.01.05 07:13:20.220,0.94988,0.95008,1.92,2.25
2011.01.05 07:13:20.556,0.94986,0.95005,1.17,1.50
2011.01.05 07:13:20.872,0.94984,0.95005,1.54,3.00
2011.01.05 07:13:21.436,0.94985,0.95003,1.17,1.50
2011.01.05 07:13:22.829,0.94983,0.95002,1.17,1.50
2011.01.05 07:13:23.410,0.94983,0.94999,1.17,1.50
2011.01.05 07:13:23.529,0.94979,0.94999,1.17,1.50
2011.01.05 07:13:24.082,0.94979,0.94997,1.92,1.50
2011.01.05 07:13:24.717,0.94979,0.94998,1.17,1.50
2011.01.05 07:13:24.844,0.94979,0.95,1.92,1.50
2011.01.05 07:13:25.397,0.9498,0.95001,1.17,2.25
2011.01.05 07:13:26.555,0.94981,0.95001,1.17,1.50
2011.01.05 07:13:27.366,0.94984,0.95002,1.32,3.00
2011.01.05 07:13:28.246,0.94982,0.95,1.17,1.50
2011.01.05 07:13:28.879,0.9499,0.95008,1.77,2.25
2011.01.05 07:13:29.007,0.94992,0.95012,1.50,6.00
2011.01.05 07:13:29.567,0.94993,0.95012,1.17,2.25
2011.01.05 07:13:29.686,0.94994,0.95008,1.02,1.50
2011.01.05 07:13:30.073,0.94996,0.95012,1.77,2.25
2011.01.05 07:13:31.408,0.94996,0.95011,1.02,1.50
2011.01.05 07:13:31.530,0.94994,0.95008,2.25,1.50
2011.01.05 07:13:32.016,0.94994,0.95012,2.25,1.50
2011.01.05 07:13:32.145,0.94994,0.95009,1.50,1.50
2011.01.05 07:13:32.261,0.94994,0.95011,1.50,2.25
2011.01.05 07:13:33.119,0.94994,0.9501,1.50,1.50
2011.01.05 07:13:33.675,0.94992,0.9501,1.92,1.50
2011.01.05 07:13:34.396,0.94992,0.95011,1.92,2.25
2011.01.05 07:13:34.850,0.94992,0.95007,1.92,1.50
2011.01.05 07:13:34.970,0.9499,0.95011,1.17,2.25
2011.01.05 07:13:35.469,0.94988,0.95004,1.17,1.50
2011.01.05 07:13:35.589,0.94988,0.95007,1.17,1.50
2011.01.05 07:13:36.767,0.94986,0.95002,1.50,1.50
2011.01.05 07:13:37.324,0.94986,0.95003,1.50,1.50
2011.01.05 07:13:37.450,0.94989,0.95008,1.17,1.50
2011.01.05 07:13:38.007,0.9499,0.95008,1.17,1.50
2011.01.05 07:13:38.240,0.94989,0.95006,1.17,1.50
2011.01.05 07:13:38.749,0.94988,0.95008,5.67,1.50
2011.01.05 07:13:39.512,0.94991,0.95009,1.17,1.50
2011.01.05 07:13:40.556,0.94991,0.95008,1.17,1.50
2011.01.05 07:13:41.233,0.94991,0.95009,1.17,1.50
2011.01.05 07:13:41.579,0.94992,0.95009,1.17,1.50
2011.01.05 07:13:42.223,0.94992,0.95007,1.17,1.50
2011.01.05 07:13:42.348,0.94988,0.95008,1.17,1.50
2011.01.05 07:13:44.079,0.94988,0.95007,1.17,1.50
2011.01.05 07:13:46.060,0.94988,0.95008,1.43,2.25
2011.01.05 07:13:46.617,0.94988,0.95007,1.17,1.50
2011.01.05 07:13:47.586,0.94989,0.95009,1.17,1.50
2011.01.05 07:13:48.862,0.94989,0.95007,1.17,1.50
2011.01.05 07:13:49.503,0.94989,0.95007,1.92,1.50
2011.01.05 07:13:50.813,0.94989,0.95008,1.17,1.50
2011.01.05 07:13:51.673,0.94989,0.95006,1.17,1.50
2011.01.05 07:13:55.593,0.94989,0.95007,1.17,1.50
2011.01.05 07:13:56.144,0.94989,0.95008,1.17,1.50
2011.01.05 07:13:56.996,0.94989,0.95007,1.17,1.50
2011.01.05 07:13:57.445,0.94989,0.95005,1.17,3.75
2011.01.05 07:13:57.672,0.94987,0.95005,1.17,3.75
2011.01.05 07:13:58.386,0.94987,0.95005,1.17,1.50
2011.01.05 07:13:58.505,0.94987,0.95008,1.17,2.25
2011.01.05 07:13:58.726,0.94987,0.95009,1.92,2.25
2011.01.05 07:13:59.285,0.94987,0.95007,3.42,1.50
2011.01.05 07:14:01.315,0.94988,0.95006,1.13,1.50
2011.01.05 07:14:01.869,0.94988,0.95007,2.29,1.50
2011.01.05 07:14:03.629,0.9499,0.9501,1.02,2.25
2011.01.05 07:14:04.049,0.94991,0.95009,1.92,1.50
2011.01.05 07:14:04.618,0.9499,0.95008,1.17,1.50
2011.01.05 07:14:05.584,0.94989,0.95009,1.17,2.25
2011.01.05 07:14:05.710,0.94991,0.9501,1.17,3.00
2011.01.05 07:14:05.828,0.94988,0.95009,1.17,1.50
2011.01.05 07:14:05.948,0.94987,0.95008,3.79,2.25
2011.01.05 07:14:06.363,0.94987,0.95006,3.42,1.50
2011.01.05 07:14:06.708,0.94987,0.95006,6.00,1.50
2011.01.05 07:14:06.832,0.94988,0.95009,1.80,1.50
2011.01.05 07:14:07.341,0.9499,0.9501,2.29,1.50
2011.01.05 07:14:07.697,0.9499,0.95008,1.54,1.50
2011.01.05 07:14:07.816,0.9499,0.95008,1.54,1.50
2011.01.05 07:14:12.364,0.9499,0.95008,1.54,1.50
2011.01.05 07:14:13.316,0.9499,0.95008,1.54,1.50
2011.01.05 07:14:13.437,0.94991,0.95009,1.54,1.50
2011.01.05 07:14:13.922,0.94991,0.95012,1.54,2.25
2011.01.05 07:14:14.045,0.94993,0.95013,1.54,2.25
2011.01.05 07:14:24.507,0.94995,0.95013,1.54,2.25
2011.01.05 07:14:25.319,0.94999,0.9502,1.54,1.50
2011.01.05 07:14:25.842,0.94998,0.95019,2.29,1.50
2011.01.05 07:14:30.945,0.95,0.9502,1.17,1.50
2011.01.05 07:14:31.062,0.95001,0.9502,2.55,1.50
2011.01.05 07:14:31.742,0.95013,0.95029,1.17,1.50
2011.01.05 07:14:31.859,0.95012,0.95029,4.17,1.50
2011.01.05 07:14:31.979,0.95012,0.95031,4.17,3.00
2011.01.05 07:14:33.426,0.95013,0.95031,1.17,1.50
2011.01.05 07:14:33.874,0.95013,0.95033,1.17,3.00
2011.01.05 07:14:35.589,0.95011,0.9503,1.17,1.50
2011.01.05 07:14:36.393,0.95011,0.95029,1.17,1.50
2011.01.05 07:14:36.510,0.9501,0.95028,2.67,1.50
2011.01.05 07:14:39.693,0.9501,0.9503,2.67,1.50
2011.01.05 07:14:43.791,0.9501,0.95029,1.92,1.50
2011.01.05 07:14:43.911,0.9501,0.95027,2.67,1.50
2011.01.05 07:14:44.423,0.95007,0.95026,1.17,1.50
2011.01.05 07:14:44.756,0.95007,0.95026,1.92,2.25
2011.01.05 07:14:45.445,0.95007,0.95024,1.92,1.50
2011.01.05 07:14:47.879,0.95007,0.95025,1.92,1.50
2011.01.05 07:14:48.436,0.95008,0.95023,1.17,1.50
2011.01.05 07:14:48.796,0.95008,0.95025,1.92,1.50
2011.01.05 07:14:49.509,0.95008,0.95024,1.17,1.50
2011.01.05 07:14:50.815,0.95008,0.95026,1.17,1.50
2011.01.05 07:14:50.932,0.95008,0.95021,1.17,1.50
2011.01.05 07:14:51.160,0.95008,0.95026,1.17,1.50
2011.01.05 07:14:53.530,0.95008,0.95027,2.67,1.50
2011.01.05 07:14:54.095,0.95008,0.95028,2.67,1.50
2011.01.05 07:14:58.245,0.95009,0.95028,1.17,1.50
2011.01.05 07:14:58.905,0.95009,0.95029,1.92,1.50
2011.01.05 07:14:59.440,0.95011,0.9503,1.17,3.00
2011.01.05 07:15:01.936,0.95011,0.95029,1.17,1.50
2011.01.05 07:15:06.619,0.9501,0.95028,1.92,1.50
2011.01.05 07:15:06.737,0.9501,0.95026,1.92,1.50
2011.01.05 07:15:07.330,0.9501,0.95027,1.92,1.50
2011.01.05 07:15:10.956,0.9501,0.9503,1.92,1.50
2011.01.05 07:15:11.750,0.9501,0.95029,1.92,1.50
2011.01.05 07:15:34.875,0.95008,0.95029,1.92,2.25
2011.01.05 07:15:40.798,0.95007,0.95027,2.67,1.50
2011.01.05 07:15:41.880,0.95007,0.95028,2.67,1.50
2011.01.05 07:15:43.396,0.95007,0.95026,2.67,1.50
2011.01.05 07:15:43.828,0.95008,0.95029,1.92,2.25
2011.01.05 07:15:44.375,0.95009,0.95029,1.50,2.25
2011.01.05 07:15:45.993,0.95009,0.95027,1.50,1.50
2011.01.05 07:15:47.481,0.95009,0.95028,1.50,1.50
2011.01.05 07:15:48.696,0.95009,0.95029,1.50,2.25
2011.01.05 07:16:03.024,0.95009,0.95028,1.50,1.50
2011.01.05 07:16:04.033,0.95009,0.95028,3.00,1.50
2011.01.05 07:16:04.615,0.95009,0.9503,2.25,2.25
2011.01.05 07:16:07.904,0.9501,0.9503,1.17,2.25
2011.01.05 07:16:10.146,0.95009,0.95029,2.25,2.25
2011.01.05 07:16:11.977,0.95009,0.95029,1.50,2.25
2011.01.05 07:16:14.245,0.95008,0.95027,2.67,1.50
2011.01.05 07:16:15.875,0.95008,0.9503,2.67,2.25
2011.01.05 07:16:19.795,0.95008,0.95028,2.67,1.50
2011.01.05 07:16:22.776,0.95008,0.95028,2.25,3.00
2011.01.05 07:16:23.318,0.95008,0.95025,2.25,2.25
2011.01.05 07:16:25.283,0.95008,0.95029,2.67,3.00
2011.01.05 07:16:27.737,0.95008,0.95025,2.67,1.50
2011.01.05 07:16:28.257,0.95008,0.95027,2.67,2.25
2011.01.05 07:16:31.874,0.95008,0.95025,2.67,1.50
2011.01.05 07:16:33.463,0.95008,0.95026,3.42,2.25
2011.01.05 07:16:34.016,0.95008,0.95026,3.42,1.50
2011.01.05 07:16:34.603,0.95008,0.95028,3.42,1.50
2011.01.05 07:16:35.164,0.95008,0.95027,3.42,1.50
2011.01.05 07:16:36.390,0.95008,0.95027,2.25,3.00
2011.01.05 07:16:36.945,0.95008,0.95025,2.25,2.25
2011.01.05 07:16:44.403,0.95009,0.95025,1.50,2.25
2011.01.05 07:16:46.955,0.95009,0.95027,1.50,2.25
2011.01.05 07:16:51.489,0.95009,0.95029,1.92,2.25
2011.01.05 07:16:58.267,0.95009,0.95028,1.50,2.25
2011.01.05 07:16:58.924,0.95009,0.95024,1.50,1.50
2011.01.05 07:16:59.041,0.95004,0.95023,2.79,1.50
2011.01.05 07:16:59.584,0.95002,0.95022,1.17,2.25
2011.01.05 07:16:59.918,0.94999,0.9502,2.67,2.25
2011.01.05 07:17:00.816,0.94999,0.95021,2.67,3.00
2011.01.05 07:17:01.408,0.94999,0.95018,1.50,2.25
2011.01.05 07:17:03.435,0.94996,0.95015,1.17,1.50
2011.01.05 07:17:04.002,0.94995,0.95014,1.17,1.50
2011.01.05 07:17:04.229,0.94994,0.95012,1.50,1.50
2011.01.05 07:17:04.727,0.94989,0.95011,1.92,2.25
2011.01.05 07:17:08.702,0.94989,0.95013,3.79,3.75
2011.01.05 07:17:09.672,0.94989,0.95009,1.17,1.50
2011.01.05 07:17:09.928,0.94988,0.95005,1.50,3.75
2011.01.05 07:17:10.332,0.94988,0.95003,1.50,1.02
2011.01.05 07:17:10.459,0.94978,0.94999,4.54,2.25
2011.01.05 07:17:10.959,0.94975,0.94996,1.17,1.50
2011.01.05 07:17:11.720,0.94974,0.94993,1.50,2.25
2011.01.05 07:17:12.069,0.94975,0.94994,1.17,2.25
2011.01.05 07:17:12.873,0.9498,0.95002,1.13,2.25
2011.01.05 07:17:12.991,0.9498,0.95002,2.29,2.25
2011.01.05 07:17:13.536,0.94984,0.95001,1.17,1.50
2011.01.05 07:17:13.877,0.94984,0.95003,1.17,1.50
2011.01.05 07:17:14.309,0.94987,0.95008,1.17,1.50
2011.01.05 07:17:14.541,0.94989,0.95008,1.88,1.50
2011.01.05 07:17:14.877,0.9499,0.9501,1.17,1.50
2011.01.05 07:17:16.700,0.94991,0.95011,1.17,1.50
2011.01.05 07:17:17.245,0.94991,0.9501,1.17,1.50
2011.01.05 07:17:18.586,0.94993,0.95012,1.17,3.00
2011.01.05 07:17:19.394,0.94991,0.95011,1.17,1.50
2011.01.05 07:17:29.055,0.94995,0.95012,1.17,1.50
2011.01.05 07:17:29.628,0.95001,0.95016,1.43,1.50
2011.01.05 07:17:30.932,0.95,0.95017,1.17,1.50
2011.01.05 07:17:31.049,0.95,0.95019,1.43,2.25
2011.01.05 07:17:31.940,0.94998,0.95017,3.42,1.50
2011.01.05 07:17:32.287,0.94998,0.95014,2.67,1.50
2011.01.05 07:17:34.885,0.94998,0.95017,1.92,2.25
2011.01.05 07:17:35.013,0.94998,0.95014,2.67,1.50
2011.01.05 07:17:35.253,0.94998,0.95016,3.42,1.50
2011.01.05 07:17:35.880,0.94998,0.95016,2.67,1.50
2011.01.05 07:17:36.955,0.94999,0.95018,1.43,2.25
2011.01.05 07:17:37.516,0.94998,0.95016,2.67,1.50
2011.01.05 07:17:38.640,0.94998,0.95013,1.92,1.50
2011.01.05 07:17:41.007,0.94998,0.95013,1.50,1.50
2011.01.05 07:17:42.010,0.94995,0.95012,1.92,1.50
2011.01.05 07:17:42.860,0.94996,0.95012,1.92,1.50
2011.01.05 07:17:43.406,0.94994,0.95013,4.92,1.50
2011.01.05 07:17:43.763,0.94997,0.95011,1.50,2.25
2011.01.05 07:17:44.483,0.94997,0.9501,1.50,1.50
2011.01.05 07:17:45.675,0.94995,0.9501,1.50,1.50
2011.01.05 07:17:46.456,0.94995,0.95011,1.50,1.50
2011.01.05 07:17:47.076,0.94995,0.9501,1.50,1.50
2011.01.05 07:17:47.319,0.94995,0.95008,1.50,1.50
2011.01.05 07:17:49.306,0.94992,0.95008,1.92,1.50
2011.01.05 07:17:50.111,0.94992,0.95006,1.50,1.50
2011.01.05 07:17:51.090,0.94989,0.95009,4.50,2.25
2011.01.05 07:17:52.228,0.94991,0.95006,1.50,1.50
2011.01.05 07:17:52.859,0.94989,0.95002,1.50,1.50
2011.01.05 07:17:53.796,0.94989,0.95003,1.50,1.50
2011.01.05 07:17:54.370,0.94989,0.95004,1.50,1.50
2011.01.05 07:17:54.710,0.94985,0.95003,1.92,1.50
2011.01.05 07:17:54.938,0.94985,0.95005,1.92,2.25
2011.01.05 07:17:55.060,0.94985,0.95003,1.92,1.50
2011.01.05 07:17:55.800,0.94985,0.95004,1.92,1.50
2011.01.05 07:17:57.050,0.94985,0.95003,1.92,1.50
2011.01.05 07:17:57.606,0.94985,0.95004,1.92,1.50
2011.01.05 07:17:58.546,0.94985,0.95005,1.92,2.25
2011.01.05 07:18:02.233,0.94983,0.95004,1.92,1.50
2011.01.05 07:18:02.348,0.94983,0.95003,1.92,2.25
2011.01.05 07:18:04.077,0.94983,0.95002,1.50,2.25
2011.01.05 07:18:04.651,0.94983,0.95002,2.67,1.50
2011.01.05 07:18:05.100,0.94979,0.94997,1.92,1.50
2011.01.05 07:18:06.002,0.94977,0.94996,1.17,2.25
2011.01.05 07:18:06.338,0.94977,0.94994,1.17,1.50
2011.01.05 07:18:07.330,0.94974,0.94994,2.67,2.25
2011.01.05 07:18:08.560,0.94973,0.94992,2.25,1.13
2011.01.05 07:18:08.683,0.94974,0.9499,1.50,1.88
2011.01.05 07:18:09.519,0.94969,0.9499,1.56,1.88
2011.01.05 07:18:09.653,0.94968,0.9499,2.78,2.25
2011.01.05 07:18:10.340,0.9497,0.9499,1.28,2.25
2011.01.05 07:18:10.964,0.9497,0.94992,3.77,2.25
2011.01.05 07:18:11.084,0.94971,0.94992,2.41,2.25
2011.01.05 07:18:11.638,0.94971,0.94991,2.78,1.50
2011.01.05 07:18:12.177,0.94971,0.94993,2.78,3.00
2011.01.05 07:18:19.879,0.94973,0.94992,1.92,1.50
2011.01.05 07:18:20.422,0.94973,0.94993,1.50,1.50
2011.01.05 07:18:20.980,0.94973,0.94994,1.92,2.25
2011.01.05 07:18:21.838,0.94973,0.94994,1.50,1.50
2011.01.05 07:18:31.059,0.94973,0.94996,1.92,3.60
2011.01.05 07:18:42.168,0.94973,0.94996,2.67,2.25
2011.01.05 07:18:43.187,0.94973,0.94995,1.92,1.50
2011.01.05 07:18:46.431,0.94975,0.94995,1.50,1.50
2011.01.05 07:18:47.698,0.94975,0.94993,1.50,1.50
2011.01.05 07:18:47.929,0.94968,0.94988,1.92,1.50
2011.01.05 07:18:48.460,0.94969,0.9499,3.38,1.50
2011.01.05 07:18:48.586,0.94971,0.94991,1.17,2.25
2011.01.05 07:18:48.917,0.94973,0.94991,1.54,1.50
2011.01.05 07:18:49.814,0.94973,0.94994,1.54,1.50
2011.01.05 07:18:50.367,0.94974,0.94994,1.54,1.50
2011.01.05 07:19:00.277,0.94974,0.94996,1.54,2.25
2011.01.05 07:19:03.293,0.94973,0.94994,1.92,1.50
2011.01.05 07:19:04.106,0.94973,0.94996,1.92,3.00
2011.01.05 07:19:06.036,0.94974,0.94996,1.17,3.00
2011.01.05 07:19:06.367,0.94977,0.94996,1.17,2.25
2011.01.05 07:19:07.192,0.94978,0.94996,1.17,1.50
2011.01.05 07:19:10.679,0.94976,0.94996,1.17,1.50
2011.01.05 07:19:12.109,0.94978,0.94996,1.17,1.50
2011.01.05 07:19:15.626,0.94976,0.94996,1.17,1.50
2011.01.05 07:19:16.206,0.94977,0.94996,1.17,1.50
2011.01.05 07:19:16.441,0.94987,0.94996,4.50,1.50
2011.01.05 07:19:16.853,0.94995,0.95005,1.50,2.25
2011.01.05 07:19:16.979,0.94998,0.9501,1.17,1.50
2011.01.05 07:19:17.847,0.94998,0.95017,1.17,1.50
2011.01.05 07:19:18.078,0.94998,0.95019,1.17,2.25
2011.01.05 07:19:18.197,0.94998,0.95016,1.17,1.50
2011.01.05 07:19:18.739,0.95002,0.95021,3.75,1.50
2011.01.05 07:19:18.858,0.95005,0.95021,1.17,1.50
2011.01.05 07:19:18.977,0.95005,0.95023,1.17,1.50
2011.01.05 07:19:19.734,0.95003,0.95023,1.17,1.50
2011.01.05 07:19:20.081,0.95005,0.95024,1.17,1.50
2011.01.05 07:19:20.745,0.95005,0.95025,1.17,1.50
2011.01.05 07:19:21.218,0.95005,0.95023,1.17,1.50
2011.01.05 07:19:21.744,0.95008,0.95023,1.17,1.50
2011.01.05 07:19:21.865,0.95008,0.95025,1.17,1.50
2011.01.05 07:19:22.087,0.95005,0.95025,1.17,1.50
2011.01.05 07:19:22.715,0.95006,0.95028,2.67,2.25
2011.01.05 07:19:22.840,0.95009,0.95029,1.92,1.50
2011.01.05 07:19:23.189,0.9501,0.95028,1.17,1.50
2011.01.05 07:19:23.513,0.9501,0.95031,1.17,1.50
2011.01.05 07:19:24.836,0.9501,0.95031,1.54,1.50
2011.01.05 07:19:25.071,0.95012,0.95032,1.17,2.25
2011.01.05 07:19:25.676,0.95017,0.95036,1.17,1.50
2011.01.05 07:19:25.798,0.95016,0.95032,1.17,1.50
2011.01.05 07:19:25.917,0.95014,0.95032,1.17,1.50
2011.01.05 07:19:26.476,0.95012,0.95032,1.17,1.50
2011.01.05 07:19:29.032,0.95012,0.95031,1.17,1.50
2011.01.05 07:19:29.698,0.9501,0.95031,1.17,1.50
2011.01.05 07:19:29.820,0.95008,0.95028,2.18,1.50
2011.01.05 07:19:30.162,0.95008,0.95027,1.92,1.50
2011.01.05 07:19:31.032,0.95007,0.95026,1.17,2.25
2011.01.05 07:19:31.726,0.95007,0.95028,3.00,2.25
2011.01.05 07:19:32.270,0.95005,0.95022,1.92,1.50
2011.01.05 07:19:33.728,0.95005,0.95025,1.92,1.50
2011.01.05 07:19:33.966,0.95007,0.95026,1.13,1.50
2011.01.05 07:19:34.475,0.95007,0.95027,2.29,1.50
2011.01.05 07:19:37.560,0.95008,0.9503,1.54,1.50
2011.01.05 07:19:37.900,0.95009,0.9503,1.17,2.25
2011.01.05 07:19:38.379,0.95009,0.95028,1.17,1.50
2011.01.05 07:19:38.498,0.95009,0.95031,1.92,2.25
2011.01.05 07:19:39.658,0.95009,0.95032,1.54,1.50
2011.01.05 07:19:39.887,0.95011,0.95032,1.17,3.00
2011.01.05 07:19:40.447,0.9501,0.95032,1.17,3.75
2011.01.05 07:19:40.991,0.9501,0.95031,1.80,2.25
2011.01.05 07:19:41.739,0.9501,0.95032,1.80,3.75
2011.01.05 07:19:42.214,0.95008,0.9503,1.92,1.50
2011.01.05 07:19:42.819,0.95008,0.95029,1.92,1.50
2011.01.05 07:19:45.248,0.95007,0.95029,2.67,2.25
2011.01.05 07:19:57.404,0.95005,0.95028,1.17,2.25
2011.01.05 07:19:57.761,0.95005,0.95025,1.17,1.50
2011.01.05 07:19:58.078,0.95005,0.95025,1.17,1.50
2011.01.05 07:19:58.657,0.95004,0.95025,2.67,2.25
2011.01.05 07:20:00.575,0.95004,0.95024,2.67,1.50
2011.01.05 07:20:00.690,0.95007,0.95027,4.50,3.00
2011.01.05 07:20:00.812,0.95006,0.95027,1.17,1.50
2011.01.05 07:20:00.928,0.95007,0.9503,1.54,1.50
2011.01.05 07:20:01.469,0.95009,0.9503,2.67,3.00
2011.01.05 07:20:04.530,0.95009,0.95025,1.92,1.50
2011.01.05 07:20:05.076,0.95006,0.95028,2.67,2.25
2011.01.05 07:20:05.627,0.95006,0.95026,2.67,1.50
2011.01.05 07:20:07.456,0.95006,0.95028,1.17,2.25
2011.01.05 07:20:15.222,0.95009,0.95028,1.50,2.25
2011.01.05 07:20:15.748,0.95011,0.95033,2.29,2.25
2011.01.05 07:20:19.094,0.95015,0.95035,1.17,1.50
2011.01.05 07:20:20.707,0.95013,0.95037,1.17,3.75
2011.01.05 07:20:22.227,0.95012,0.95035,1.92,3.38
2011.01.05 07:20:22.789,0.95012,0.95034,1.54,2.25
2011.01.05 07:20:24.557,0.95015,0.95034,1.88,2.25
2011.01.05 07:20:25.005,0.95017,0.95038,3.04,1.50
2011.01.05 07:20:26.987,0.95017,0.95038,3.79,1.50
2011.01.05 07:20:27.740,0.95018,0.95038,1.17,1.50
2011.01.05 07:20:28.305,0.95017,0.95038,2.67,1.50
2011.01.05 07:20:31.477,0.95017,0.95037,1.92,2.25
2011.01.05 07:20:34.357,0.95015,0.95035,1.92,2.25
2011.01.05 07:20:34.932,0.95015,0.95035,1.50,2.25
2011.01.05 07:20:35.339,0.95015,0.95033,1.50,2.25
2011.01.05 07:20:35.456,0.95013,0.95033,1.50,2.25
2011.01.05 07:20:36.017,0.95014,0.95034,1.50,1.50
2011.01.05 07:20:38.027,0.95014,0.95034,1.88,1.50
2011.01.05 07:20:38.442,0.95014,0.95037,5.29,3.75
2011.01.05 07:20:44.376,0.95014,0.95033,2.67,4.50
2011.01.05 07:20:44.718,0.9501,0.95029,2.67,1.50
2011.01.05 07:20:44.838,0.9501,0.95033,1.92,2.25
2011.01.05 07:20:45.371,0.9501,0.95033,3.04,1.50
2011.01.05 07:20:45.486,0.95011,0.95033,1.92,2.25
2011.01.05 07:20:48.559,0.95011,0.95033,1.92,3.00
2011.01.05 07:20:53.342,0.9501,0.95032,1.92,2.25
2011.01.05 07:20:54.226,0.9501,0.9503,1.17,1.50
2011.01.05 07:20:55.184,0.95007,0.9503,3.42,2.25
2011.01.05 07:20:55.837,0.95007,0.95029,2.67,3.00
2011.01.05 07:20:56.080,0.95007,0.95029,2.67,3.00
2011.01.05 07:20:56.548,0.95007,0.95029,2.67,3.00
2011.01.05 07:20:59.602,0.95007,0.9503,3.42,2.25
2011.01.05 07:20:59.719,0.95008,0.9503,1.17,2.25
2011.01.05 07:21:05.154,0.95008,0.9503,1.17,2.25
2011.01.05 07:21:06.778,0.95011,0.9503,1.92,1.50
2011.01.05 07:21:07.200,0.95011,0.95033,1.92,3.00
2011.01.05 07:21:09.873,0.95016,0.95032,1.17,1.50
2011.01.05 07:21:10.227,0.95016,0.95037,1.17,2.25
2011.01.05 07:21:10.769,0.95018,0.95037,1.92,2.25
2011.01.05 07:21:11.446,0.95018,0.95036,1.50,5.25
2011.01.05 07:21:11.576,0.95015,0.95036,1.50,4.50
2011.01.05 07:21:11.686,0.95015,0.95036,1.50,4.50
2011.01.05 07:21:12.641,0.95015,0.95036,3.27,1.50
2011.01.05 07:21:12.761,0.95015,0.95036,3.68,1.50
2011.01.05 07:21:12.990,0.95018,0.95036,1.50,1.50
2011.01.05 07:21:14.297,0.95018,0.95036,1.50,1.50
2011.01.05 07:21:18.342,0.95017,0.95036,1.50,1.50
2011.01.05 07:21:18.899,0.95017,0.95036,1.50,3.75
2011.01.05 07:21:19.308,0.95017,0.95034,1.50,1.50
2011.01.05 07:21:22.936,0.95017,0.95036,1.50,2.25
2011.01.05 07:21:25.615,0.95017,0.95034,1.50,2.52
2011.01.05 07:21:25.729,0.95012,0.95029,1.17,1.02
2011.01.05 07:21:25.851,0.9501,0.95032,2.93,2.25
2011.01.05 07:21:26.280,0.95008,0.95031,1.17,1.50
2011.01.05 07:21:29.735,0.95009,0.95032,2.67,3.00
2011.01.05 07:21:31.596,0.95009,0.95032,6.42,3.00
2011.01.05 07:21:33.499,0.95009,0.95031,2.67,2.25
2011.01.05 07:21:33.619,0.95007,0.9503,1.54,1.50
2011.01.05 07:21:36.118,0.95007,0.9503,1.54,1.50
2011.01.05 07:21:36.469,0.95009,0.95031,2.29,3.00
2011.01.05 07:21:37.029,0.95011,0.95032,2.37,2.25
2011.01.05 07:21:37.157,0.95014,0.95036,2.07,1.50
2011.01.05 07:21:37.280,0.95014,0.95037,2.07,1.50
2011.01.05 07:21:37.628,0.95017,0.95036,1.50,2.25
2011.01.05 07:21:39.319,0.95017,0.95037,1.92,2.25
2011.01.05 07:21:39.442,0.95022,0.9504,2.25,1.50
2011.01.05 07:21:39.557,0.95018,0.9504,1.17,1.50
2011.01.05 07:21:39.792,0.9502,0.95041,2.67,2.25
2011.01.05 07:21:40.165,0.95022,0.95045,1.50,1.50
2011.01.05 07:21:40.728,0.95023,0.95045,1.92,1.50
2011.01.05 07:21:41.673,0.95023,0.95044,1.92,1.50
2011.01.05 07:21:43.435,0.95027,0.95044,2.25,1.50
2011.01.05 07:21:43.558,0.95025,0.95046,1.50,1.50
2011.01.05 07:21:44.117,0.95025,0.95045,1.50,1.50
2011.01.05 07:21:44.766,0.95019,0.95042,1.17,1.50
2011.01.05 07:21:45.208,0.95018,0.95041,4.17,3.00
2011.01.05 07:21:49.163,0.95018,0.95037,4.17,1.50
2011.01.05 07:21:49.421,0.95008,0.95029,2.25,1.50
2011.01.05 07:21:51.047,0.95009,0.95031,1.17,2.25
2011.01.05 07:21:52.274,0.95008,0.9503,1.92,1.50
2011.01.05 07:22:23.606,0.9501,0.9503,2.25,1.50
2011.01.05 07:22:23.728,0.95012,0.95032,1.50,1.50
2011.01.05 07:22:26.868,0.95011,0.95032,2.67,1.50
2011.01.05 07:22:27.002,0.95007,0.95029,2.67,1.50
2011.01.05 07:22:28.857,0.95009,0.95029,1.50,1.50
2011.01.05 07:22:29.426,0.9501,0.95032,2.67,3.00
2011.01.05 07:22:31.180,0.95014,0.95034,3.90,1.50
2011.01.05 07:22:31.996,0.95015,0.95034,1.50,1.50
2011.01.05 07:22:34.029,0.95015,0.95034,1.58,1.50
2011.01.05 07:22:34.700,0.95015,0.95034,3.15,1.50
2011.01.05 07:22:35.228,0.95016,0.95035,1.65,1.50
2011.01.05 07:22:35.785,0.95016,0.95035,1.58,1.50
2011.01.05 07:22:36.134,0.95016,0.95035,1.80,1.65
2011.01.05 07:22:36.672,0.95017,0.95035,1.58,1.65
2011.01.05 07:22:36.795,0.95021,0.95035,1.20,1.50
2011.01.05 07:22:37.018,0.95019,0.95039,2.78,1.50
2011.01.05 07:22:37.630,0.95022,0.95039,1.28,1.50
2011.01.05 07:22:38.201,0.95023,0.95039,1.58,1.50
2011.01.05 07:22:38.431,0.95022,0.95043,1.24,1.50
2011.01.05 07:22:38.952,0.95023,0.95042,1.58,1.50
2011.01.05 07:22:39.066,0.95023,0.95041,1.58,1.50
2011.01.05 07:22:41.399,0.95021,0.95041,2.78,1.50
2011.01.05 07:22:43.236,0.95021,0.95041,1.43,1.50
2011.01.05 07:22:43.464,0.9502,0.95041,1.92,1.88
2011.01.05 07:22:43.584,0.95021,0.9504,1.50,2.52
2011.01.05 07:22:44.030,0.95017,0.95037,1.50,1.50
2011.01.05 07:22:45.906,0.95015,0.95037,3.42,1.50
2011.01.05 07:22:49.006,0.95016,0.95037,4.17,1.50
2011.01.05 07:22:51.528,0.95015,0.95036,1.50,1.88
2011.01.05 07:22:51.771,0.95014,0.95035,1.50,1.50
2011.01.05 07:22:55.076,0.95015,0.95037,2.67,2.25
2011.01.05 07:22:55.197,0.95017,0.9504,3.04,2.25
2011.01.05 07:22:55.733,0.95018,0.9504,2.67,2.25
2011.01.05 07:22:56.840,0.95018,0.95038,4.17,1.50
2011.01.05 07:22:58.756,0.95018,0.95037,1.50,1.50
2011.01.05 07:23:02.321,0.95019,0.95037,1.50,1.50
2011.01.05 07:23:02.782,0.95019,0.95039,1.50,1.50
2011.01.05 07:23:03.487,0.95019,0.95038,1.50,1.50
2011.01.05 07:23:09.062,0.95019,0.95041,1.50,1.50
2011.01.05 07:23:09.397,0.95019,0.95038,1.50,1.50
2011.01.05 07:23:24.572,0.95019,0.95037,1.50,1.88
2011.01.05 07:23:24.692,0.95016,0.95036,1.50,1.50
2011.01.05 07:23:25.204,0.95015,0.95032,1.50,1.50
2011.01.05 07:23:26.177,0.95013,0.95032,1.50,1.50
2011.01.05 07:23:26.538,0.95009,0.95029,2.67,1.13
2011.01.05 07:23:26.662,0.95009,0.95026,2.67,3.75
2011.01.05 07:23:27.061,0.95008,0.95026,2.25,4.50
2011.01.05 07:23:27.626,0.95008,0.95025,1.50,1.50
2011.01.05 07:23:28.974,0.95006,0.95023,1.50,1.50
2011.01.05 07:23:29.520,0.94998,0.95019,1.92,1.50
2011.01.05 07:23:29.872,0.94999,0.95018,1.50,1.50
2011.01.05 07:23:30.615,0.94999,0.9502,1.50,1.50
2011.01.05 07:23:30.849,0.95,0.9502,1.92,1.50
2011.01.05 07:23:31.594,0.94998,0.95019,1.92,1.50
2011.01.05 07:23:31.714,0.94998,0.95018,1.50,1.50
2011.01.05 07:23:32.872,0.94995,0.95018,4.17,1.50
2011.01.05 07:23:36.426,0.94999,0.95018,1.50,1.50
2011.01.05 07:23:37.856,0.94998,0.95018,3.00,1.50
2011.01.05 07:23:39.081,0.94998,0.95016,1.50,2.25
2011.01.05 07:23:39.319,0.94995,0.95015,1.50,1.50
2011.01.05 07:23:39.886,0.94996,0.95015,1.50,1.50
2011.01.05 07:23:47.450,0.94996,0.95015,1.50,1.50
2011.01.05 07:23:48.058,0.94997,0.95017,1.92,1.50
2011.01.05 07:23:50.915,0.94997,0.95018,1.92,2.25
2011.01.05 07:23:52.477,0.94996,0.95017,1.50,1.50
2011.01.05 07:23:53.125,0.94996,0.95017,1.50,4.13
2011.01.05 07:23:53.244,0.94993,0.95014,1.92,1.50
2011.01.05 07:23:54.973,0.94993,0.95013,1.92,1.50
2011.01.05 07:23:55.528,0.94993,0.95013,1.50,1.50
2011.01.05 07:23:58.510,0.94992,0.9501,1.50,1.50
2011.01.05 07:23:58.848,0.94991,0.95011,3.42,4.20
2011.01.05 07:23:59.560,0.94991,0.95013,3.42,4.20
2011.01.05 07:23:59.910,0.94991,0.95015,6.49,1.50
2011.01.05 07:24:00.823,0.94992,0.95015,5.74,1.50
2011.01.05 07:24:01.674,0.94993,0.95013,1.50,1.50
2011.01.05 07:24:02.870,0.94991,0.95012,2.70,1.50
2011.01.05 07:24:02.989,0.94991,0.95011,2.70,1.50
2011.01.05 07:24:03.827,0.94988,0.95009,3.42,3.00
2011.01.05 07:24:04.468,0.94988,0.95009,1.17,3.75
2011.01.05 07:24:04.816,0.94987,0.95007,1.17,1.13
2011.01.05 07:24:05.421,0.94986,0.95005,2.25,1.50
2011.01.05 07:24:05.979,0.94984,0.95003,1.17,2.25
2011.01.05 07:24:06.437,0.94987,0.95003,2.70,2.25
2011.01.05 07:24:06.787,0.94987,0.95001,2.70,1.50
2011.01.05 07:24:06.907,0.94985,0.95001,2.70,1.50
2011.01.05 07:24:07.514,0.94983,0.95001,5.37,1.50
2011.01.05 07:24:08.255,0.94984,0.95001,1.50,1.50
2011.01.05 07:24:08.757,0.94984,0.95001,3.87,1.50
2011.01.05 07:24:09.316,0.94984,0.95003,1.92,3.00
2011.01.05 07:24:09.648,0.94984,0.95001,1.92,1.50
2011.01.05 07:24:10.730,0.94982,0.94997,1.17,1.50
2011.01.05 07:24:11.260,0.9497,0.94991,1.92,3.45
2011.01.05 07:24:11.887,0.94969,0.94991,1.54,3.45
2011.01.05 07:24:14.573,0.9497,0.94991,7.32,3.45
2011.01.05 07:24:14.821,0.94975,0.94991,1.92,2.70
2011.01.05 07:24:15.407,0.94974,0.94991,2.67,2.70
2011.01.05 07:24:15.935,0.94974,0.94996,2.67,1.50
2011.01.05 07:24:16.927,0.94977,0.95,3.12,3.00
2011.01.05 07:24:17.473,0.94983,0.95002,3.87,2.25
2011.01.05 07:24:18.392,0.94982,0.95002,3.12,1.50
2011.01.05 07:24:19.141,0.94981,0.95004,1.92,3.45
2011.01.05 07:24:19.382,0.9498,0.95002,1.50,5.33
2011.01.05 07:24:19.502,0.9498,0.95,1.50,1.50
2011.01.05 07:24:20.027,0.94979,0.95001,1.92,1.50
2011.01.05 07:24:22.955,0.94979,0.94999,1.92,3.00
2011.01.05 07:24:23.906,0.94977,0.94999,1.17,3.75
2011.01.05 07:24:24.133,0.94975,0.94998,1.92,3.45
2011.01.05 07:24:24.648,0.94976,0.94998,1.92,3.45
2011.01.05 07:24:25.004,0.94976,0.94995,1.50,1.50
2011.01.05 07:24:25.421,0.94976,0.94991,1.50,1.50
2011.01.05 07:24:25.548,0.94973,0.94991,2.70,1.50
2011.01.05 07:24:25.671,0.94968,0.94991,1.50,4.20
2011.01.05 07:24:26.206,0.94968,0.9499,1.92,1.50
2011.01.05 07:24:27.108,0.94966,0.94982,3.12,1.50
2011.01.05 07:24:27.628,0.94968,0.94981,2.25,1.50
2011.01.05 07:24:27.747,0.94968,0.9499,2.25,4.20
2011.01.05 07:24:28.721,0.94968,0.94991,3.42,3.00
2011.01.05 07:24:29.288,0.94968,0.94989,1.17,3.00
2011.01.05 07:24:37.536,0.94965,0.94988,4.62,5.25
2011.01.05 07:24:40.117,0.94965,0.94985,1.17,2.55
2011.01.05 07:24:41.822,0.94965,0.94986,1.17,2.25
2011.01.05 07:24:43.852,0.94964,0.94982,1.50,1.50
2011.01.05 07:24:44.093,0.94959,0.94975,1.50,2.70
2011.01.05 07:24:44.504,0.94958,0.94973,1.50,1.50
2011.01.05 07:24:45.879,0.94958,0.94975,1.50,1.50
2011.01.05 07:24:46.311,0.94958,0.94978,4.50,1.50
2011.01.05 07:24:46.551,0.9496,0.9498,1.13,1.50
2011.01.05 07:24:47.172,0.9496,0.94981,1.17,1.50
2011.01.05 07:24:47.407,0.94957,0.94981,4.99,3.45
2011.01.05 07:24:49.228,0.94957,0.94979,5.74,1.50
2011.01.05 07:24:49.798,0.94957,0.94979,4.62,1.50
2011.01.05 07:24:50.280,0.94956,0.94976,1.92,2.25
2011.01.05 07:24:52.138,0.94956,0.94975,1.50,1.50
2011.01.05 07:24:53.218,0.94956,0.94976,1.50,3.00
2011.01.05 07:24:53.991,0.94956,0.94978,1.92,4.20
2011.01.05 07:24:54.506,0.94956,0.94977,1.92,2.70
2011.01.05 07:24:54.629,0.94956,0.94976,1.50,1.50
2011.01.05 07:24:55.364,0.94956,0.94974,1.50,1.50
2011.01.05 07:24:58.126,0.94953,0.94974,1.92,3.00
2011.01.05 07:24:58.238,0.94953,0.94969,1.92,2.70
2011.01.05 07:24:58.580,0.94953,0.94972,1.50,1.50
2011.01.05 07:24:58.827,0.94952,0.94971,1.50,6.23
2011.01.05 07:24:58.945,0.94948,0.94968,1.50,1.65
2011.01.05 07:24:59.517,0.94947,0.94964,1.50,4.20
2011.01.05 07:25:00.144,0.94946,0.9496,1.50,5.25
2011.01.05 07:25:00.268,0.94938,0.94959,1.92,3.45
2011.01.05 07:25:00.505,0.94938,0.9496,6.42,4.20
2011.01.05 07:25:01.050,0.94941,0.94963,1.13,2.25
2011.01.05 07:25:01.675,0.94942,0.94963,1.17,1.50
2011.01.05 07:25:02.041,0.94942,0.94965,1.54,3.45
2011.01.05 07:25:03.607,0.94944,0.94966,4.24,2.25
2011.01.05 07:25:04.610,0.94944,0.94966,3.87,1.50
2011.01.05 07:25:05.160,0.94945,0.94966,1.17,2.25
2011.01.05 07:25:05.504,0.94944,0.94966,3.12,2.25
2011.01.05 07:25:06.059,0.94943,0.94965,6.57,1.50
2011.01.05 07:25:12.183,0.94944,0.94966,3.12,2.25
2011.01.05 07:25:12.611,0.94949,0.94966,1.92,1.50
2011.01.05 07:25:12.742,0.94951,0.94972,3.08,2.25
2011.01.05 07:25:13.448,0.94953,0.94972,3.49,2.25
2011.01.05 07:25:14.037,0.94953,0.94972,3.49,1.50
2011.01.05 07:25:14.597,0.94954,0.94972,2.70,1.50
2011.01.05 07:25:15.639,0.94952,0.94972,1.17,1.50
2011.01.05 07:25:15.758,0.94951,0.94972,3.12,1.50
2011.01.05 07:25:15.882,0.94949,0.94973,4.20,4.58
2011.01.05 07:25:16.108,0.94951,0.9497,1.50,1.50
2011.01.05 07:25:24.107,0.94947,0.9497,3.04,1.50
2011.01.05 07:25:24.387,0.94947,0.94969,3.04,1.50
2011.01.05 07:25:24.747,0.94947,0.94966,2.67,1.50
2011.01.05 07:25:25.096,0.94944,0.94961,1.17,1.50
2011.01.05 07:25:31.685,0.94945,0.94961,1.17,1.50
2011.01.05 07:25:32.773,0.94942,0.94961,1.17,1.50
2011.01.05 07:25:39.637,0.94945,0.94966,1.17,2.25
2011.01.05 07:25:40.730,0.94945,0.94964,1.17,1.02
2011.01.05 07:25:41.203,0.94947,0.94962,3.38,1.50
2011.01.05 07:25:41.319,0.94947,0.94967,4.13,1.50
2011.01.05 07:25:41.730,0.9495,0.94967,1.02,1.50
2011.01.05 07:25:41.851,0.94949,0.94969,3.45,1.50
2011.01.05 07:25:45.636,0.9495,0.94972,3.45,3.00
2011.01.05 07:25:46.187,0.9495,0.94972,3.87,3.00
2011.01.05 07:25:46.810,0.94953,0.94972,4.50,1.50
2011.01.05 07:25:47.041,0.94956,0.94972,1.50,1.50
2011.01.05 07:25:49.478,0.94957,0.94975,2.25,1.50
2011.01.05 07:25:50.315,0.94957,0.94977,2.25,3.45
2011.01.05 07:25:50.443,0.94957,0.94978,4.95,2.25
2011.01.05 07:25:51.455,0.94957,0.94977,4.95,2.25
2011.01.05 07:25:51.843,0.94957,0.94977,4.95,2.25
2011.01.05 07:25:52.398,0.94957,0.94976,1.50,1.50
2011.01.05 07:25:52.956,0.94956,0.94976,1.92,2.25
2011.01.05 07:25:53.477,0.94956,0.94976,1.50,2.25
2011.01.05 07:25:54.928,0.94956,0.94972,1.50,1.50
2011.01.05 07:25:55.051,0.94952,0.94973,4.62,2.25
2011.01.05 07:25:55.635,0.94952,0.94971,1.50,2.25
2011.01.05 07:25:55.751,0.94949,0.9497,2.70,1.50
2011.01.05 07:25:55.871,0.94948,0.94969,1.50,4.20
2011.01.05 07:25:56.479,0.94948,0.94967,1.50,2.25
2011.01.05 07:25:56.846,0.94948,0.94967,1.50,3.00
2011.01.05 07:26:00.407,0.94946,0.94966,1.50,1.50
2011.01.05 07:26:00.966,0.94945,0.94966,1.50,1.50
2011.01.05 07:26:02.326,0.94942,0.94966,1.17,1.50
2011.01.05 07:26:02.768,0.94941,0.94959,2.70,3.00
2011.01.05 07:26:02.894,0.94937,0.94955,1.50,2.70
2011.01.05 07:26:03.611,0.94937,0.94954,1.92,3.45
2011.01.05 07:26:05.438,0.94937,0.94954,1.50,3.45
2011.01.05 07:26:05.681,0.94934,0.94954,1.92,3.83
2011.01.05 07:26:06.257,0.94933,0.94953,1.92,6.15
2011.01.05 07:26:08.480,0.94932,0.9495,1.92,3.45
2011.01.05 07:26:08.831,0.94931,0.94954,1.92,2.25
2011.01.05 07:26:11.917,0.94934,0.94955,1.17,3.45
2011.01.05 07:26:12.576,0.94938,0.94956,1.17,1.50
2011.01.05 07:26:13.056,0.94939,0.94956,1.17,1.50
2011.01.05 07:26:14.205,0.94938,0.94956,1.17,1.50
2011.01.05 07:26:14.755,0.94937,0.94956,3.87,1.50
2011.01.05 07:26:20.364,0.94937,0.94956,3.87,1.50
2011.01.05 07:26:30.015,0.94937,0.94957,3.87,1.50
2011.01.05 07:26:31.185,0.94939,0.94957,1.92,1.50
2011.01.05 07:26:31.305,0.94941,0.94961,1.17,1.50
2011.01.05 07:26:31.423,0.94939,0.94961,5.74,1.50
2011.01.05 07:26:31.538,0.94943,0.94961,1.17,1.50
2011.01.05 07:26:32.814,0.94941,0.94961,5.37,1.50
2011.01.05 07:26:34.352,0.94941,0.94964,2.67,3.83
2011.01.05 07:26:34.469,0.94941,0.94962,2.67,4.50
2011.01.05 07:26:35.143,0.94939,0.9496,2.67,1.50
2011.01.05 07:26:37.016,0.94945,0.94963,1.50,3.83
2011.01.05 07:26:37.259,0.94946,0.94963,1.92,2.70
2011.01.05 07:26:37.659,0.9495,0.94964,1.17,2.70
2011.01.05 07:26:37.790,0.94951,0.94971,1.17,1.50
2011.01.05 07:26:38.020,0.94952,0.94972,1.17,1.50
2011.01.05 07:26:39.590,0.94949,0.94969,1.17,1.50
2011.01.05 07:26:39.940,0.94947,0.94969,5.37,2.25
2011.01.05 07:26:40.473,0.94946,0.94969,4.62,3.00
2011.01.05 07:26:41.426,0.94946,0.94969,4.62,3.75
2011.01.05 07:26:43.628,0.94946,0.94968,1.92,3.45
2011.01.05 07:26:44.571,0.94946,0.94968,1.92,1.50
2011.01.05 07:26:50.099,0.94943,0.94965,4.62,1.88
2011.01.05 07:26:50.227,0.94943,0.94963,1.92,1.13
2011.01.05 07:26:50.344,0.9494,0.94961,1.50,1.13
2011.01.05 07:26:50.709,0.94938,0.9496,4.95,1.50
2011.01.05 07:26:51.047,0.94938,0.94958,1.92,1.50
2011.01.05 07:26:53.708,0.94938,0.94958,1.50,1.50
2011.01.05 07:26:54.847,0.94938,0.94956,1.50,4.20
2011.01.05 07:26:59.207,0.94934,0.94956,4.20,1.50
2011.01.05 07:26:59.317,0.94934,0.94956,4.62,1.50
2011.01.05 07:27:03.250,0.94936,0.94958,2.70,1.50
2011.01.05 07:27:03.600,0.94937,0.94959,3.12,2.25
2011.01.05 07:27:04.233,0.9494,0.94959,1.92,1.50
2011.01.05 07:27:04.467,0.94939,0.94961,1.92,2.25
2011.01.05 07:27:09.748,0.94941,0.94961,1.17,2.25
2011.01.05 07:27:10.312,0.94945,0.94966,3.64,1.50
2011.01.05 07:27:10.909,0.94948,0.94966,1.50,2.25
2011.01.05 07:27:11.760,0.94945,0.94966,4.62,3.00
2011.01.05 07:27:13.632,0.94945,0.94964,1.50,1.50
2011.01.05 07:27:16.082,0.94942,0.94962,1.50,1.50
2011.01.05 07:27:16.809,0.94943,0.94962,1.50,2.25
2011.01.05 07:27:19.309,0.94938,0.94959,2.25,1.50
2011.01.05 07:27:20.098,0.94938,0.94959,5.25,1.50
2011.01.05 07:27:20.785,0.94938,0.94959,1.50,1.50
2011.01.05 07:27:21.020,0.94938,0.94956,1.50,1.50
2011.01.05 07:27:21.450,0.94938,0.94954,1.50,1.50
2011.01.05 07:27:21.691,0.94931,0.94949,2.70,1.77
2011.01.05 07:27:21.917,0.94931,0.94946,2.70,2.70
2011.01.05 07:27:22.320,0.94928,0.94945,1.50,3.45
2011.01.05 07:27:22.657,0.94925,0.94945,2.67,3.45
2011.01.05 07:27:24.413,0.94928,0.94945,1.50,3.45
2011.01.05 07:27:28.374,0.94926,0.94945,1.92,3.45
2011.01.05 07:27:28.500,0.94927,0.94951,3.87,3.00
2011.01.05 07:27:30.757,0.94929,0.9495,1.17,2.25
2011.01.05 07:27:31.090,0.9494,0.9495,3.00,2.25
2011.01.05 07:27:31.424,0.9494,0.9495,3.27,1.50
2011.01.05 07:27:31.549,0.94944,0.94962,2.70,2.25
2011.01.05 07:27:32.269,0.94944,0.94959,2.70,2.25
2011.01.05 07:27:32.513,0.94944,0.94958,2.70,1.50
2011.01.05 07:27:34.268,0.94939,0.94958,1.50,1.50
2011.01.05 07:27:35.437,0.94939,0.94957,1.50,1.50
2011.01.05 07:27:35.939,0.94939,0.94956,1.50,5.70
2011.01.05 07:27:36.059,0.94936,0.94956,1.50,5.70
2011.01.05 07:27:36.292,0.94936,0.94953,1.50,1.50
2011.01.05 07:27:36.809,0.94927,0.94949,2.67,3.45
2011.01.05 07:27:38.607,0.94927,0.9495,1.92,1.88
2011.01.05 07:27:44.141,0.94926,0.94948,1.92,3.83
2011.01.05 07:27:44.589,0.94926,0.94945,1.92,2.70
2011.01.05 07:27:45.146,0.94926,0.94948,1.92,3.45
2011.01.05 07:27:45.481,0.9493,0.94949,1.02,1.50
2011.01.05 07:27:45.992,0.94934,0.94952,1.50,2.25
2011.01.05 07:27:46.441,0.94939,0.94956,2.25,3.75
2011.01.05 07:27:46.680,0.9494,0.94957,1.02,2.25
2011.01.05 07:27:48.858,0.9494,0.94957,1.02,1.88
2011.01.05 07:27:49.910,0.9494,0.94959,1.02,2.25
2011.01.05 07:27:50.031,0.9494,0.9496,4.13,1.50
2011.01.05 07:27:50.148,0.94944,0.9496,4.62,1.50
2011.01.05 07:27:50.530,0.94948,0.9496,6.75,1.50
2011.01.05 07:27:50.658,0.94951,0.94968,1.02,1.50
2011.01.05 07:27:50.777,0.94951,0.94966,1.02,1.50
2011.01.05 07:27:51.116,0.94951,0.94964,1.02,1.50
2011.01.05 07:27:51.341,0.94951,0.94966,1.02,1.50
2011.01.05 07:27:53.084,0.94951,0.94964,1.02,1.50
2011.01.05 07:27:53.204,0.94951,0.94966,1.02,1.50
2011.01.05 07:27:53.429,0.94949,0.94965,1.92,1.50
2011.01.05 07:27:54.090,0.94951,0.94968,1.13,1.50
2011.01.05 07:27:54.519,0.94951,0.94969,1.54,1.50
2011.01.05 07:27:55.203,0.94954,0.94972,1.54,1.50
2011.01.05 07:27:55.331,0.94954,0.94974,1.17,3.00
2011.01.05 07:27:55.947,0.94954,0.94973,1.17,1.50
2011.01.05 07:27:56.075,0.94954,0.94971,1.17,1.50
2011.01.05 07:27:56.421,0.94956,0.9497,1.17,1.50
2011.01.05 07:27:56.883,0.94956,0.94973,1.17,1.50
2011.01.05 07:27:57.968,0.94956,0.94972,1.17,1.50
2011.01.05 07:28:02.898,0.94953,0.94968,1.50,1.50
2011.01.05 07:28:03.118,0.94953,0.94971,1.50,3.00
2011.01.05 07:28:07.819,0.94953,0.94971,1.50,2.25
2011.01.05 07:28:10.718,0.94955,0.94974,1.50,2.25
2011.01.05 07:28:11.056,0.94956,0.94974,1.92,1.50
2011.01.05 07:28:11.387,0.94956,0.94969,1.50,1.50
2011.01.05 07:28:12.656,0.94956,0.94968,1.50,1.50
2011.01.05 07:28:13.206,0.94956,0.94969,1.50,1.50
2011.01.05 07:28:14.336,0.94955,0.94969,1.92,1.50
2011.01.05 07:28:15.157,0.94955,0.94971,1.92,1.50
2011.01.05 07:28:15.451,0.94955,0.94969,1.50,1.50
2011.01.05 07:28:16.089,0.94955,0.94967,1.50,1.50
2011.01.05 07:28:17.038,0.94955,0.94968,1.50,1.50
2011.01.05 07:28:19.417,0.94955,0.9497,1.50,1.50
2011.01.05 07:28:20.858,0.94955,0.9497,2.67,1.50
2011.01.05 07:28:23.785,0.94955,0.94972,2.67,1.50
2011.01.05 07:28:24.330,0.94955,0.94973,2.67,1.50
2011.01.05 07:28:25.848,0.94956,0.94973,3.12,1.50
2011.01.05 07:28:26.554,0.94959,0.94974,2.82,1.50
2011.01.05 07:28:26.899,0.9497,0.94983,1.17,1.50
2011.01.05 07:28:27.347,0.94972,0.94988,2.70,1.50
2011.01.05 07:28:27.699,0.94972,0.94988,3.87,1.50
2011.01.05 07:28:28.316,0.94972,0.94987,3.87,1.50
2011.01.05 07:28:29.381,0.94972,0.94989,3.87,1.50
2011.01.05 07:28:30.668,0.94972,0.94987,3.87,1.50
2011.01.05 07:28:31.136,0.94971,0.94987,3.12,1.50
2011.01.05 07:28:31.981,0.94971,0.94989,3.49,1.50
2011.01.05 07:28:32.624,0.94972,0.94988,3.49,1.50
2011.01.05 07:28:37.787,0.94972,0.94987,3.12,1.50
2011.01.05 07:28:38.346,0.94973,0.9499,2.70,1.50
2011.01.05 07:28:44.238,0.94972,0.94989,3.87,1.50
2011.01.05 07:28:44.952,0.94972,0.94991,3.87,1.50
2011.01.05 07:28:45.619,0.94972,0.94988,3.87,1.50
2011.01.05 07:28:46.198,0.94972,0.94989,3.87,1.50
2011.01.05 07:28:46.927,0.94972,0.94986,3.87,1.50
2011.01.05 07:28:47.255,0.94972,0.9499,3.12,1.50
2011.01.05 07:28:47.598,0.94972,0.94988,3.12,1.50
2011.01.05 07:28:48.364,0.94972,0.9499,3.12,1.50
2011.01.05 07:28:51.631,0.94972,0.94988,4.62,1.50
2011.01.05 07:28:52.187,0.94972,0.94989,4.62,1.50
2011.01.05 07:28:55.117,0.9497,0.94987,3.45,1.50
2011.01.05 07:28:55.740,0.94968,0.94986,7.32,1.50
2011.01.05 07:28:55.865,0.94968,0.94983,3.12,1.50
2011.01.05 07:28:55.979,0.94968,0.94986,3.12,2.25
2011.01.05 07:28:57.763,0.94969,0.94989,3.45,2.25
2011.01.05 07:28:58.371,0.9497,0.9499,1.17,2.25
2011.01.05 07:28:58.608,0.94972,0.94991,3.12,1.50
2011.01.05 07:28:59.168,0.94973,0.94991,1.17,1.50
2011.01.05 07:28:59.800,0.94972,0.94991,3.87,1.50
2011.01.05 07:29:01.638,0.94971,0.9499,1.54,1.50
2011.01.05 07:29:02.258,0.94973,0.94992,3.04,1.50
2011.01.05 07:29:02.614,0.9498,0.95002,5.74,1.50
2011.01.05 07:29:02.727,0.9498,0.95003,3.49,1.50
2011.01.05 07:29:02.958,0.94983,0.95005,4.24,4.50
2011.01.05 07:29:03.517,0.94983,0.95003,1.54,1.50
2011.01.05 07:29:04.052,0.94979,0.95003,6.12,6.45
2011.01.05 07:29:04.170,0.94979,0.95,3.42,2.70
2011.01.05 07:29:04.288,0.94979,0.95,2.67,2.70
2011.01.05 07:29:04.998,0.94978,0.95,1.92,3.45
2011.01.05 07:29:05.428,0.94978,0.95,1.92,3.60
2011.01.05 07:29:05.877,0.94977,0.94997,1.17,3.15
2011.01.05 07:29:06.713,0.94975,0.94996,1.17,2.40
2011.01.05 07:29:10.578,0.94974,0.94995,1.43,1.77
2011.01.05 07:29:10.811,0.9498,0.94999,3.12,1.65
2011.01.05 07:29:11.158,0.94977,0.94999,2.93,1.65
2011.01.05 07:29:11.919,0.9498,0.94999,2.70,3.15
2011.01.05 07:29:12.148,0.94982,0.95,1.17,2.25
2011.01.05 07:29:12.787,0.94982,0.95,1.17,1.50
2011.01.05 07:29:13.129,0.94982,0.94996,1.17,1.02
2011.01.05 07:29:13.924,0.94976,0.94996,1.17,2.52
2011.01.05 07:29:14.147,0.94973,0.94996,2.67,4.95
2011.01.05 07:29:14.737,0.94973,0.94996,2.67,4.95
2011.01.05 07:29:17.657,0.94978,0.94996,1.17,1.50
2011.01.05 07:29:18.400,0.94978,0.94995,1.17,2.70
2011.01.05 07:29:18.957,0.94978,0.94997,1.17,1.92
2011.01.05 07:29:19.362,0.94974,0.94996,1.17,1.92
2011.01.05 07:29:19.480,0.94974,0.94993,1.17,1.50
2011.01.05 07:29:21.599,0.94976,0.94993,1.77,1.50
2011.01.05 07:29:21.720,0.94976,0.94996,1.77,3.00
2011.01.05 07:29:22.455,0.94979,0.94996,1.50,1.50
2011.01.05 07:29:30.223,0.94979,0.94995,1.50,1.50
2011.01.05 07:29:31.416,0.94979,0.94996,1.50,3.00
2011.01.05 07:29:31.748,0.94981,0.94996,1.77,3.00
2011.01.05 07:29:32.093,0.94981,0.95002,2.18,2.63
2011.01.05 07:29:32.659,0.94982,0.95002,1.43,1.50
2011.01.05 07:29:32.996,0.94981,0.95002,1.43,1.50
2011.01.05 07:29:33.219,0.94987,0.95002,4.50,2.25
2011.01.05 07:29:33.748,0.94995,0.95013,2.70,2.25
2011.01.05 07:29:35.508,0.94995,0.95009,2.70,1.50
2011.01.05 07:29:35.632,0.94993,0.95009,1.50,3.00
2011.01.05 07:29:35.751,0.94988,0.95007,1.77,1.50
2011.01.05 07:29:36.249,0.94987,0.95005,1.02,2.25
2011.01.05 07:29:36.863,0.94989,0.95005,1.50,2.25
2011.01.05 07:29:43.169,0.94989,0.95006,2.25,1.50
2011.01.05 07:29:43.416,0.94989,0.95006,3.00,1.02
2011.01.05 07:29:43.531,0.94984,0.95007,2.18,5.97
2011.01.05 07:29:44.067,0.94986,0.95007,1.17,5.22
2011.01.05 07:29:44.200,0.94988,0.95005,2.52,2.70
2011.01.05 07:29:44.795,0.94988,0.95006,2.52,1.50
2011.01.05 07:29:46.838,0.94988,0.95005,2.52,1.50
2011.01.05 07:29:50.977,0.94988,0.95007,2.93,1.50
2011.01.05 07:29:51.534,0.94988,0.95007,2.18,2.40
2011.01.05 07:29:52.188,0.94988,0.95006,1.77,2.25
2011.01.05 07:30:02.770,0.94988,0.95005,1.77,1.50
2011.01.05 07:30:06.830,0.94988,0.95005,1.77,2.25
2011.01.05 07:30:07.487,0.94987,0.95003,1.77,1.50
2011.01.05 07:30:10.886,0.94988,0.94999,1.02,1.50
2011.01.05 07:30:14.789,0.94988,0.95,1.02,1.50
2011.01.05 07:30:14.906,0.94988,0.95002,1.02,1.50
2011.01.05 07:30:15.469,0.94988,0.95001,1.02,2.25
2011.01.05 07:30:16.770,0.94988,0.95,1.02,1.50
2011.01.05 07:30:17.294,0.94986,0.94997,2.25,1.50
2011.01.05 07:30:17.427,0.9498,0.94997,4.99,1.92
2011.01.05 07:30:18.071,0.94967,0.94986,1.92,1.50
2011.01.05 07:30:18.192,0.94967,0.94983,1.50,1.50
2011.01.05 07:30:18.539,0.9497,0.94983,1.88,1.50
2011.01.05 07:30:18.659,0.94967,0.94983,1.50,1.50
2011.01.05 07:30:19.909,0.94966,0.94983,1.43,1.50
2011.01.05 07:30:20.031,0.94964,0.94983,1.92,1.50
2011.01.05 07:30:20.370,0.94968,0.94983,1.02,1.50
2011.01.05 07:30:20.813,0.94968,0.94984,1.02,3.00
2011.01.05 07:30:21.346,0.94968,0.94984,2.52,1.50
2011.01.05 07:30:31.608,0.94965,0.94984,1.80,1.50
2011.01.05 07:30:34.949,0.94964,0.94982,1.17,1.02
2011.01.05 07:30:35.398,0.94961,0.94981,1.43,1.02
2011.01.05 07:30:38.257,0.94964,0.94982,1.17,1.77
2011.01.05 07:30:38.490,0.94964,0.94985,1.43,3.00
2011.01.05 07:30:38.885,0.94967,0.94983,1.17,1.02
2011.01.05 07:30:39.010,0.94964,0.94983,1.17,1.77
2011.01.05 07:30:42.058,0.94964,0.94982,1.17,1.50
2011.01.05 07:30:42.400,0.94964,0.94985,1.17,2.25
2011.01.05 07:30:42.628,0.94967,0.94985,1.17,3.00
2011.01.05 07:30:43.364,0.94966,0.94985,1.17,2.25
2011.01.05 07:30:44.555,0.94968,0.94985,1.17,1.50
2011.01.05 07:30:46.108,0.94966,0.94985,1.17,2.25
2011.01.05 07:30:48.266,0.94967,0.94985,1.17,3.00
2011.01.05 07:30:49.627,0.94967,0.94985,1.17,1.50
2011.01.05 07:30:50.380,0.94967,0.94987,1.17,4.02
2011.01.05 07:30:50.719,0.94966,0.94986,1.17,1.50
2011.01.05 07:30:56.162,0.94969,0.94987,4.88,2.25
2011.01.05 07:30:56.399,0.94973,0.94988,1.02,1.50
2011.01.05 07:30:56.931,0.94973,0.94992,1.32,2.25
2011.01.05 07:30:57.157,0.94974,0.94992,1.32,2.25
2011.01.05 07:30:58.028,0.94976,0.94992,3.87,1.50
2011.01.05 07:30:58.589,0.94976,0.94993,3.87,1.50
2011.01.05 07:31:00.207,0.94979,0.94993,1.17,1.50
2011.01.05 07:31:00.331,0.94981,0.94999,1.17,1.02
2011.01.05 07:31:00.887,0.9498,0.94998,1.17,1.02
2011.01.05 07:31:02.486,0.9498,0.94997,1.17,1.02
2011.01.05 07:31:05.287,0.9498,0.94999,1.17,1.50
2011.01.05 07:31:07.428,0.94981,0.95001,1.17,3.00
2011.01.05 07:31:07.658,0.94982,0.95001,1.17,2.25
2011.01.05 07:31:09.426,0.94983,0.95002,1.17,1.02
2011.01.05 07:31:10.031,0.94994,0.95006,1.17,2.70
2011.01.05 07:31:10.157,0.94994,0.9501,1.54,1.88
2011.01.05 07:31:10.275,0.94999,0.95011,1.17,1.88
2011.01.05 07:31:10.898,0.95002,0.95021,3.87,2.25
2011.01.05 07:31:11.348,0.95005,0.95021,1.17,2.25
2011.01.05 07:31:11.733,0.95002,0.95021,3.87,2.25
2011.01.05 07:31:14.757,0.95002,0.95023,1.17,3.00
2011.01.05 07:31:15.460,0.95,0.9502,1.92,1.50
2011.01.05 07:31:15.691,0.94999,0.95019,2.67,4.28
2011.01.05 07:31:15.808,0.94999,0.95016,2.25,2.25
2011.01.05 07:31:16.307,0.94994,0.95014,3.42,3.75
2011.01.05 07:31:16.542,0.94994,0.95014,1.17,1.50
2011.01.05 07:31:16.659,0.94993,0.9501,1.17,1.50
2011.01.05 07:31:16.889,0.94989,0.95007,2.67,1.50
2011.01.05 07:31:17.120,0.94993,0.9501,2.25,1.50
2011.01.05 07:31:17.240,0.94989,0.95009,2.67,3.45
2011.01.05 07:31:17.575,0.94989,0.95009,2.67,3.45
2011.01.05 07:31:17.918,0.94988,0.95004,1.50,1.50
2011.01.05 07:31:19.027,0.94984,0.95004,1.92,1.50
2011.01.05 07:31:19.433,0.94984,0.95001,1.92,1.50
2011.01.05 07:31:19.548,0.94979,0.95001,2.67,1.50
2011.01.05 07:31:20.008,0.94979,0.95001,2.67,1.50
2011.01.05 07:31:20.459,0.94979,0.94997,1.50,1.02
2011.01.05 07:31:20.966,0.94977,0.94995,3.87,3.00
2011.01.05 07:31:21.105,0.94975,0.94993,2.70,1.50
2011.01.05 07:31:21.658,0.94973,0.94993,3.12,1.50
2011.01.05 07:31:21.997,0.94972,0.94991,3.12,1.50
2011.01.05 07:31:22.840,0.94977,0.94991,2.25,1.50
2011.01.05 07:31:23.069,0.94978,0.94995,1.17,1.13
2011.01.05 07:31:23.408,0.9498,0.94997,1.50,1.13
2011.01.05 07:31:23.638,0.9498,0.94997,1.92,1.13
2011.01.05 07:31:26.648,0.9498,0.94997,1.92,1.88
2011.01.05 07:31:26.878,0.94976,0.94992,4.20,1.50
2011.01.05 07:31:27.328,0.94978,0.94992,1.50,1.50
2011.01.05 07:31:33.120,0.94975,0.94991,1.50,1.13
2011.01.05 07:31:33.247,0.9497,0.9499,3.87,1.50
2011.01.05 07:31:33.367,0.9497,0.94988,1.17,1.50
2011.01.05 07:31:34.027,0.94968,0.94988,3.87,1.50
2011.01.05 07:31:35.589,0.94966,0.94986,3.87,1.50
2011.01.05 07:31:38.314,0.94966,0.94984,1.17,1.50
2011.01.05 07:31:38.908,0.94966,0.94986,1.17,1.77
2011.01.05 07:31:39.631,0.94968,0.94987,4.50,1.50
2011.01.05 07:31:39.754,0.94968,0.94989,6.75,1.50
2011.01.05 07:31:41.796,0.94968,0.94987,3.30,1.50
2011.01.05 07:31:42.995,0.94968,0.94984,2.52,1.50
2011.01.05 07:31:44.032,0.94968,0.94984,1.50,1.50
2011.01.05 07:31:44.379,0.94966,0.94983,1.50,1.50
2011.01.05 07:31:44.807,0.94965,0.9498,1.50,1.50
2011.01.05 07:31:45.533,0.94961,0.94979,1.17,1.50
2011.01.05 07:31:45.657,0.94958,0.94977,1.92,1.02
2011.01.05 07:31:45.768,0.94958,0.94977,1.92,1.02
2011.01.05 07:31:46.109,0.94958,0.94977,1.92,1.77
2011.01.05 07:31:46.750,0.94957,0.94975,2.67,1.50
2011.01.05 07:31:46.877,0.94957,0.94977,2.67,1.50
2011.01.05 07:31:49.439,0.94957,0.94974,2.67,1.77
2011.01.05 07:31:50.117,0.94954,0.94973,3.87,2.52
2011.01.05 07:31:50.963,0.94955,0.94972,1.17,1.50
2011.01.05 07:31:51.085,0.94955,0.94972,1.17,1.50
2011.01.05 07:31:51.205,0.94951,0.9497,1.17,1.50
2011.01.05 07:31:51.430,0.94949,0.9497,1.17,1.50
2011.01.05 07:31:53.229,0.94949,0.94969,1.17,1.13
2011.01.05 07:31:53.734,0.94948,0.94966,3.42,1.13
2011.01.05 07:31:58.069,0.94954,0.94971,4.62,1.02
2011.01.05 07:31:58.407,0.94955,0.94972,1.17,2.52
2011.01.05 07:31:59.299,0.94953,0.94972,1.17,3.27
2011.01.05 07:31:59.601,0.94953,0.94971,1.17,1.02
2011.01.05 07:32:07.269,0.94956,0.94971,2.70,1.02
2011.01.05 07:32:07.611,0.94961,0.94975,4.47,1.50
2011.01.05 07:32:07.966,0.94961,0.9498,7.88,4.13
2011.01.05 07:32:08.090,0.94966,0.94982,3.12,1.50
2011.01.05 07:32:08.540,0.94969,0.94982,1.17,1.50
2011.01.05 07:32:10.911,0.94968,0.94982,1.17,1.50
2011.01.05 07:32:11.146,0.94967,0.94984,1.17,1.50
2011.01.05 07:32:14.498,0.94965,0.94984,1.17,3.00
2011.01.05 07:32:15.087,0.94962,0.94983,4.50,1.50
2011.01.05 07:32:15.198,0.94962,0.94983,4.50,1.50
2011.01.05 07:32:16.554,0.94961,0.9498,2.93,1.50
2011.01.05 07:32:17.443,0.94962,0.9498,1.05,1.50
2011.01.05 07:32:21.527,0.94965,0.94984,1.17,1.50
2011.01.05 07:32:24.214,0.94965,0.94986,1.17,1.50
2011.01.05 07:32:24.333,0.94968,0.94987,1.17,3.00
2011.01.05 07:32:32.925,0.94965,0.94986,3.87,1.50
2011.01.05 07:32:33.825,0.94967,0.94986,1.17,1.50
2011.01.05 07:32:39.459,0.94967,0.94986,1.17,1.50
2011.01.05 07:32:40.093,0.94963,0.94982,3.12,1.50
2011.01.05 07:32:40.327,0.94962,0.94982,2.18,1.50
2011.01.05 07:32:40.557,0.94962,0.94982,1.77,1.50
2011.01.05 07:32:43.568,0.94962,0.94981,1.88,1.50
2011.01.05 07:32:44.532,0.94964,0.94982,1.17,1.50
2011.01.05 07:32:44.761,0.94963,0.94983,4.62,1.50
2011.01.05 07:32:45.717,0.94963,0.9498,1.92,1.50
2011.01.05 07:32:46.253,0.94963,0.94981,2.29,1.50
2011.01.05 07:32:46.826,0.94963,0.94983,1.92,1.50
2011.01.05 07:32:50.037,0.94963,0.94981,1.92,1.50
2011.01.05 07:32:50.652,0.94963,0.9498,1.92,1.50
2011.01.05 07:32:56.187,0.94963,0.94981,1.92,1.50
2011.01.05 07:32:59.580,0.94966,0.94982,1.02,1.50
2011.01.05 07:33:00.078,0.94968,0.94988,4.62,1.88
2011.01.05 07:33:00.204,0.94968,0.94984,1.50,1.50
2011.01.05 07:33:00.874,0.94966,0.94986,1.50,1.50
2011.01.05 07:33:05.068,0.94966,0.94986,2.25,1.50
2011.01.05 07:33:05.409,0.94968,0.94988,2.70,1.50
2011.01.05 07:33:06.291,0.94968,0.94986,1.50,1.50
2011.01.05 07:33:07.034,0.94966,0.94984,2.70,1.50
2011.01.05 07:33:12.828,0.94966,0.94984,1.77,1.50
2011.01.05 07:33:13.296,0.94969,0.94987,2.70,1.50
2011.01.05 07:33:14.328,0.9497,0.94989,2.70,1.50
2011.01.05 07:33:14.777,0.94972,0.94989,2.70,1.50
2011.01.05 07:33:16.260,0.9497,0.9499,3.12,1.50
2011.01.05 07:33:17.255,0.9497,0.94989,2.85,1.50
2011.01.05 07:33:17.371,0.94974,0.94991,1.50,1.77
2011.01.05 07:33:17.498,0.94978,0.94991,2.97,1.50
2011.01.05 07:33:17.847,0.94978,0.94994,3.38,3.00
2011.01.05 07:33:17.970,0.94981,0.95002,1.43,3.00
2011.01.05 07:33:18.512,0.94982,0.95001,3.34,2.25
2011.01.05 07:33:18.755,0.94983,0.95004,3.08,2.25
2011.01.05 07:33:19.351,0.94983,0.95003,3.12,2.25
2011.01.05 07:33:20.077,0.94983,0.95003,2.70,2.25
2011.01.05 07:33:20.196,0.94982,0.95002,2.97,1.50
2011.01.05 07:33:21.527,0.94981,0.95002,4.99,1.50
2011.01.05 07:33:22.741,0.94981,0.95,1.50,1.50
2011.01.05 07:33:29.586,0.94977,0.94995,1.50,1.50
2011.01.05 07:33:30.319,0.94977,0.94995,1.50,1.13
2011.01.05 07:33:30.877,0.94976,0.94993,1.50,1.50
2011.01.05 07:33:32.547,0.94976,0.94991,1.50,1.50
2011.01.05 07:33:33.152,0.94976,0.94989,1.50,1.88
2011.01.05 07:33:33.270,0.94969,0.94989,1.50,1.88
2011.01.05 07:33:33.796,0.94969,0.9498,1.50,1.50
2011.01.05 07:33:34.131,0.94969,0.94983,1.50,1.50
2011.01.05 07:33:35.937,0.94969,0.94983,1.50,1.50
2011.01.05 07:33:36.839,0.94969,0.9498,1.50,1.50
2011.01.05 07:33:46.473,0.94969,0.9498,1.50,1.50
2011.01.05 07:33:48.447,0.94966,0.94977,1.50,1.50
2011.01.05 07:33:48.680,0.94962,0.9498,1.50,1.50
2011.01.05 07:33:48.802,0.94964,0.94982,3.00,1.50
2011.01.05 07:33:49.196,0.94964,0.94984,3.75,1.50
2011.01.05 07:33:49.322,0.94965,0.94984,2.25,1.50
2011.01.05 07:33:49.876,0.94965,0.94984,4.95,1.50
2011.01.05 07:33:52.196,0.94965,0.94984,4.20,1.50
2011.01.05 07:34:02.729,0.94965,0.94981,4.20,1.50
2011.01.05 07:34:03.190,0.94965,0.94979,1.50,1.50
2011.01.05 07:34:03.748,0.94959,0.94977,1.88,1.50
2011.01.05 07:34:10.392,0.94958,0.94977,1.50,1.50
2011.01.05 07:34:21.593,0.94955,0.94975,2.70,1.77
2011.01.05 07:34:22.047,0.94955,0.94974,2.70,1.02
2011.01.05 07:34:22.816,0.94955,0.94973,2.70,1.02
2011.01.05 07:34:23.255,0.94956,0.94977,5.63,1.13
2011.01.05 07:34:23.894,0.94958,0.94975,4.47,1.50
2011.01.05 07:34:24.239,0.94958,0.94973,1.50,1.50
2011.01.05 07:34:26.723,0.94958,0.94973,1.50,1.50
2011.01.05 07:34:30.407,0.94957,0.94972,1.50,1.50
2011.01.05 07:34:31.146,0.94956,0.94972,1.50,1.50
2011.01.05 07:34:32.901,0.94956,0.94972,2.25,1.50
2011.01.05 07:34:44.218,0.94954,0.94972,3.45,1.50
2011.01.05 07:34:44.766,0.94953,0.94972,1.50,1.50
2011.01.05 07:34:44.878,0.94954,0.94969,2.70,1.50
2011.01.05 07:34:45.454,0.94953,0.94969,4.20,1.50
2011.01.05 07:34:48.019,0.94953,0.94967,1.50,1.50
2011.01.05 07:34:55.038,0.94954,0.94967,1.50,1.50
2011.01.05 07:34:55.803,0.94954,0.94969,1.50,1.50
2011.01.05 07:34:56.648,0.94954,0.94968,1.50,1.50
2011.01.05 07:34:59.127,0.94953,0.94968,1.50,1.50
2011.01.05 07:35:02.108,0.94953,0.9497,1.50,1.50
2011.01.05 07:35:02.966,0.94953,0.94968,1.50,1.50
2011.01.05 07:35:07.447,0.94953,0.94971,1.50,1.50
2011.01.05 07:35:08.129,0.94953,0.94969,1.50,1.50
2011.01.05 07:35:08.897,0.94946,0.94966,3.12,1.50
2011.01.05 07:35:09.229,0.94944,0.94966,5.33,1.50
2011.01.05 07:35:09.461,0.94944,0.94964,4.95,1.50
2011.01.05 07:35:11.656,0.94944,0.94963,2.25,1.50
2011.01.05 07:35:17.759,0.94945,0.94963,2.70,1.50
2011.01.05 07:35:18.401,0.94948,0.94964,1.02,1.50
2011.01.05 07:35:22.720,0.94949,0.94961,1.77,1.50
2011.01.05 07:35:23.865,0.94949,0.94966,1.77,1.50
2011.01.05 07:35:24.750,0.94949,0.9497,4.02,1.02
2011.01.05 07:35:25.298,0.94949,0.9497,2.18,1.02
2011.01.05 07:35:25.860,0.94949,0.94966,1.50,1.02
2011.01.05 07:35:26.312,0.94945,0.94966,6.57,1.02
2011.01.05 07:35:27.145,0.94948,0.94967,1.02,1.50
2011.01.05 07:35:27.408,0.94948,0.94968,2.52,1.50
2011.01.05 07:35:31.023,0.94943,0.94964,7.80,1.02
2011.01.05 07:35:35.833,0.9495,0.94964,1.50,1.02
2011.01.05 07:35:36.183,0.94958,0.94969,1.02,1.50
2011.01.05 07:35:36.408,0.94958,0.94973,1.77,1.88
2011.01.05 07:35:36.903,0.94958,0.94976,1.77,1.50
2011.01.05 07:35:37.020,0.94957,0.94975,2.25,1.50
2011.01.05 07:35:37.369,0.94954,0.94974,1.77,1.50
2011.01.05 07:35:37.492,0.94954,0.94972,1.77,5.25
2011.01.05 07:35:38.023,0.94948,0.94968,2.52,1.50
2011.01.05 07:35:38.580,0.94948,0.94966,2.52,1.50
2011.01.05 07:35:39.659,0.94961,0.94966,1.50,1.50
2011.01.05 07:35:39.781,0.9496,0.94971,1.50,1.02
2011.01.05 07:35:39.899,0.94951,0.94971,1.88,1.02
2011.01.05 07:35:40.465,0.94949,0.94971,2.67,1.02
2011.01.05 07:35:40.576,0.94949,0.94971,2.67,1.77
2011.01.05 07:35:43.357,0.94949,0.94971,1.50,1.77
2011.01.05 07:35:43.889,0.94949,0.94969,1.50,1.50
2011.01.05 07:35:52.680,0.94949,0.94969,1.50,1.50
2011.01.05 07:36:19.731,0.94949,0.94969,2.25,1.50
2011.01.05 07:36:26.631,0.94947,0.94968,1.92,1.77
2011.01.05 07:36:27.078,0.94946,0.94968,2.67,1.02
2011.01.05 07:36:29.409,0.94948,0.94969,1.80,1.50
2011.01.05 07:36:42.414,0.94948,0.94971,2.55,1.50
2011.01.05 07:36:42.536,0.94948,0.94971,3.30,1.50
2011.01.05 07:36:44.068,0.9495,0.94971,1.54,1.50
2011.01.05 07:36:44.401,0.94954,0.94972,3.60,2.25
2011.01.05 07:36:44.826,0.94961,0.94978,1.39,1.50
2011.01.05 07:36:45.050,0.94961,0.94979,1.39,3.38
2011.01.05 07:36:45.277,0.94961,0.94982,1.80,3.00
2011.01.05 07:36:45.827,0.94961,0.94982,1.05,3.00
2011.01.05 07:36:46.583,0.94965,0.94982,1.13,3.00
2011.01.05 07:36:46.931,0.94968,0.94987,1.13,1.50
2011.01.05 07:36:47.347,0.94968,0.94991,2.67,3.75
2011.01.05 07:36:48.203,0.94968,0.94987,2.25,1.50
2011.01.05 07:36:48.768,0.94968,0.94985,1.50,1.50
2011.01.05 07:36:49.327,0.94965,0.94985,1.50,1.50
2011.01.05 07:36:49.448,0.94965,0.94987,1.88,1.50
2011.01.05 07:36:49.887,0.94965,0.94984,1.50,1.50
2011.01.05 07:36:57.122,0.94965,0.94986,1.88,1.50
2011.01.05 07:36:57.649,0.94965,0.94986,1.88,1.50
2011.01.05 07:36:59.181,0.94965,0.94986,1.50,1.50
2011.01.05 07:37:00.585,0.94965,0.94982,1.50,1.50
2011.01.05 07:37:00.699,0.94959,0.94982,3.42,2.25
2011.01.05 07:37:00.931,0.94958,0.9498,2.67,1.50
2011.01.05 07:37:01.466,0.94958,0.94979,2.67,1.50
2011.01.05 07:37:08.660,0.94958,0.94978,1.50,1.50
2011.01.05 07:37:09.539,0.94958,0.94974,1.50,1.50
2011.01.05 07:37:10.310,0.94958,0.94973,1.50,1.50
2011.01.05 07:37:10.615,0.94956,0.94973,1.50,1.50
2011.01.05 07:37:10.742,0.94948,0.94972,2.29,1.88
2011.01.05 07:37:10.862,0.94948,0.94968,1.50,1.50
2011.01.05 07:37:12.461,0.94948,0.94969,2.67,1.50
2011.01.05 07:37:13.105,0.94949,0.94971,1.17,2.25
2011.01.05 07:37:13.668,0.94948,0.94971,6.30,2.25
2011.01.05 07:37:14.899,0.9495,0.94971,1.17,2.25
2011.01.05 07:37:19.421,0.94949,0.94971,2.55,3.00
2011.01.05 07:37:29.110,0.94948,0.9497,2.93,1.50
2011.01.05 07:37:32.442,0.94948,0.9497,3.30,1.50
2011.01.05 07:37:35.665,0.94953,0.94971,1.50,1.50
2011.01.05 07:37:36.179,0.94953,0.94971,1.88,1.50
2011.01.05 07:37:37.078,0.94953,0.94971,2.25,1.50
2011.01.05 07:37:37.699,0.94953,0.94972,2.67,1.02
2011.01.05 07:37:39.099,0.94953,0.94972,2.29,1.02
2011.01.05 07:37:39.835,0.94953,0.94972,2.67,1.02
2011.01.05 07:37:44.987,0.94953,0.94972,1.54,1.02
2011.01.05 07:37:45.787,0.94953,0.94972,1.54,1.02
2011.01.05 07:37:46.839,0.94951,0.94972,1.92,1.02
2011.01.05 07:37:47.399,0.94951,0.94972,1.92,1.02
2011.01.05 07:37:47.948,0.94951,0.94972,1.92,1.02
2011.01.05 07:37:48.829,0.94948,0.94972,5.18,1.77
2011.01.05 07:37:49.059,0.94948,0.94971,2.93,1.50
2011.01.05 07:37:49.676,0.94948,0.94969,2.93,1.13
2011.01.05 07:37:52.697,0.94948,0.94967,1.77,1.88
2011.01.05 07:37:58.387,0.94948,0.94961,1.77,1.50
2011.01.05 07:37:58.510,0.94943,0.94961,3.00,1.50
2011.01.05 07:37:58.633,0.94939,0.94958,1.50,1.50
2011.01.05 07:37:59.738,0.94939,0.94956,1.50,1.50
2011.01.05 07:38:03.729,0.94939,0.94959,1.50,1.50
2011.01.05 07:38:05.170,0.94939,0.94956,1.50,1.13
2011.01.05 07:38:05.411,0.94934,0.94956,2.93,1.13
2011.01.05 07:38:05.532,0.9494,0.94956,1.02,1.13
2011.01.05 07:38:05.651,0.94942,0.94959,1.02,1.50
2011.01.05 07:38:06.068,0.94947,0.94966,2.18,2.70
2011.01.05 07:38:13.632,0.94952,0.9497,2.70,2.25
2011.01.05 07:38:14.157,0.94952,0.94972,2.70,2.52
2011.01.05 07:38:14.765,0.94952,0.94972,3.12,2.52
2011.01.05 07:38:20.628,0.94952,0.94972,2.70,3.27
2011.01.05 07:38:22.164,0.94947,0.94967,2.93,1.20
2011.01.05 07:38:24.508,0.94948,0.94967,1.77,1.73
2011.01.05 07:38:25.256,0.94948,0.94967,1.77,1.88
2011.01.05 07:38:25.819,0.94948,0.94967,1.77,1.13
2011.01.05 07:38:32.870,0.94948,0.94969,1.77,1.95
2011.01.05 07:38:33.663,0.94948,0.94963,1.77,1.50
2011.01.05 07:38:34.785,0.94948,0.94962,1.50,2.25
2011.01.05 07:38:35.206,0.94938,0.94958,1.77,1.28
2011.01.05 07:38:39.320,0.94938,0.9496,1.77,1.50
2011.01.05 07:38:40.819,0.94936,0.94956,1.17,1.88
2011.01.05 07:38:44.038,0.94933,0.94956,3.68,1.88
2011.01.05 07:38:44.158,0.94933,0.94955,3.68,1.05
2011.01.05 07:38:45.008,0.94933,0.94953,3.68,1.05
2011.01.05 07:38:46.028,0.94933,0.94953,4.43,1.05
2011.01.05 07:38:51.828,0.94933,0.94951,3.42,1.77
2011.01.05 07:39:01.450,0.94932,0.94951,1.17,2.52
2011.01.05 07:39:05.679,0.94931,0.94951,1.92,1.77
2011.01.05 07:39:05.899,0.94931,0.94951,2.67,1.77
2011.01.05 07:39:06.799,0.94932,0.94951,1.17,1.02
2011.01.05 07:39:15.998,0.94931,0.94951,1.17,1.02
2011.01.05 07:39:24.877,0.94932,0.94953,1.43,1.50
2011.01.05 07:39:27.714,0.94931,0.94947,1.17,1.50
2011.01.05 07:39:30.160,0.94929,0.9495,1.43,2.25
2011.01.05 07:39:31.537,0.94929,0.94948,1.43,1.50
2011.01.05 07:39:34.926,0.94929,0.94949,1.43,1.50
2011.01.05 07:39:40.467,0.94929,0.94951,1.43,1.50
2011.01.05 07:39:41.347,0.94929,0.94952,1.43,2.52
2011.01.05 07:39:50.531,0.94931,0.94947,1.17,1.02
2011.01.05 07:39:50.947,0.94929,0.94951,1.80,1.02
2011.01.05 07:39:51.169,0.94933,0.94951,1.17,2.52
2011.01.05 07:39:52.240,0.94933,0.9495,1.17,1.50
2011.01.05 07:39:52.924,0.94934,0.94951,3.12,1.02
2011.01.05 07:39:53.480,0.94935,0.94951,1.17,1.02
2011.01.05 07:39:54.361,0.94935,0.94951,1.17,1.02
2011.01.05 07:39:55.813,0.94947,0.94953,1.02,2.25
2011.01.05 07:39:55.942,0.94977,0.94985,1.02,2.25
2011.01.05 07:39:56.066,0.94977,0.94985,1.02,1.50
2011.01.05 07:39:56.471,0.94979,0.94985,3.72,1.50
2011.01.05 07:39:56.590,0.94984,0.95007,3.12,4.13
2011.01.05 07:39:57.128,0.94987,0.95008,3.12,2.63
2011.01.05 07:39:57.247,0.94984,0.95008,1.17,1.13
2011.01.05 07:39:58.216,0.94988,0.95009,5.82,2.52
2011.01.05 07:39:58.655,0.94991,0.95009,2.70,1.50
2011.01.05 07:39:58.781,0.94991,0.95011,2.70,2.25
2011.01.05 07:39:59.228,0.94989,0.95009,3.12,2.89
2011.01.05 07:39:59.820,0.94989,0.95004,3.12,1.50
2011.01.05 07:40:00.500,0.9499,0.95004,2.70,1.50
2011.01.05 07:40:00.621,0.94986,0.95004,1.17,1.50
2011.01.05 07:40:00.741,0.94984,0.95004,1.17,1.50
2011.01.05 07:40:01.450,0.94985,0.95004,1.17,1.50
2011.01.05 07:40:02.020,0.94982,0.95004,1.17,1.50
2011.01.05 07:40:03.003,0.94982,0.95004,1.17,2.25
2011.01.05 07:40:03.677,0.94984,0.95007,2.67,2.40
2011.01.05 07:40:03.804,0.94984,0.94991,2.25,1.13
2011.01.05 07:40:03.925,0.94977,0.9499,1.50,1.13
2011.01.05 07:40:04.044,0.94972,0.94987,1.88,2.70
2011.01.05 07:40:04.457,0.94972,0.94987,1.88,3.45
2011.01.05 07:40:04.575,0.94967,0.94988,1.50,1.50
2011.01.05 07:40:05.691,0.94967,0.94989,1.77,1.50
2011.01.05 07:40:06.247,0.94968,0.94989,2.18,1.50
2011.01.05 07:40:06.786,0.94967,0.94987,2.93,1.13
2011.01.05 07:40:10.448,0.94967,0.94985,2.93,2.70
2011.01.05 07:40:11.629,0.94967,0.94985,2.52,3.45
2011.01.05 07:40:12.241,0.94967,0.94983,1.77,2.70
2011.01.05 07:40:12.955,0.94967,0.94977,1.50,2.70
2011.01.05 07:40:13.084,0.94956,0.9497,1.88,2.85
2011.01.05 07:40:13.201,0.94953,0.9497,2.14,2.85
2011.01.05 07:40:13.830,0.94951,0.94965,1.02,3.45
2011.01.05 07:40:13.956,0.94948,0.94965,1.77,3.45
2011.01.05 07:40:14.180,0.94949,0.94969,1.02,1.65
2011.01.05 07:40:14.940,0.94951,0.94968,1.02,1.65
2011.01.05 07:40:15.172,0.94948,0.94968,1.77,1.65
2011.01.05 07:40:19.532,0.94947,0.94968,1.50,1.65
2011.01.05 07:40:20.671,0.94945,0.94965,1.50,2.25
2011.01.05 07:40:20.791,0.94945,0.94965,1.50,2.25
2011.01.05 07:40:21.282,0.94942,0.94962,1.50,1.50
2011.01.05 07:40:22.129,0.94941,0.94959,1.02,3.00
2011.01.05 07:40:22.484,0.94938,0.94958,4.50,1.50
2011.01.05 07:40:22.599,0.94937,0.94955,1.50,1.50
2011.01.05 07:40:24.220,0.94928,0.9495,3.04,1.50
2011.01.05 07:40:25.331,0.94927,0.94949,3.04,1.50
2011.01.05 07:40:25.877,0.94927,0.94949,2.29,1.50
2011.01.05 07:40:26.381,0.94927,0.94949,2.29,1.50
2011.01.05 07:40:27.699,0.94929,0.94951,1.88,2.25
2011.01.05 07:40:27.820,0.94929,0.94951,2.29,2.25
2011.01.05 07:40:32.588,0.94929,0.94949,1.50,1.50
2011.01.05 07:40:32.920,0.94933,0.94949,1.50,1.50
2011.01.05 07:40:33.038,0.94929,0.94949,1.50,1.50
2011.01.05 07:40:33.621,0.94933,0.94949,1.50,1.50
2011.01.05 07:40:34.245,0.9493,0.94949,1.50,1.50
2011.01.05 07:40:34.859,0.9493,0.94949,1.50,1.50
2011.01.05 07:40:35.405,0.9493,0.94948,1.50,1.50
2011.01.05 07:40:35.526,0.9493,0.94945,1.50,1.50
2011.01.05 07:40:43.621,0.94926,0.94945,3.27,1.50
2011.01.05 07:40:48.161,0.94926,0.94945,1.50,1.50
2011.01.05 07:40:48.284,0.94926,0.94943,3.27,1.50
2011.01.05 07:40:54.151,0.94926,0.9495,4.05,1.13
2011.01.05 07:40:54.270,0.94927,0.9495,1.05,1.13
2011.01.05 07:40:54.674,0.94928,0.94952,2.93,3.64
2011.01.05 07:40:55.008,0.94931,0.94951,1.17,1.13
2011.01.05 07:40:56.409,0.94928,0.94951,1.77,1.88
2011.01.05 07:40:56.856,0.94928,0.94946,1.77,1.50
2011.01.05 07:41:10.635,0.94928,0.94946,1.77,1.50
2011.01.05 07:41:11.517,0.94928,0.94947,1.77,1.50
2011.01.05 07:41:12.067,0.94928,0.94949,1.77,1.88
2011.01.05 07:41:15.690,0.94928,0.9495,2.55,1.88
2011.01.05 07:41:20.426,0.94928,0.9495,2.52,1.88
2011.01.05 07:41:21.029,0.94928,0.9495,1.77,1.88
2011.01.05 07:41:21.591,0.94928,0.9495,2.52,1.88
2011.01.05 07:41:24.128,0.94928,0.9495,4.39,1.88
2011.01.05 07:41:24.574,0.94928,0.94952,3.68,1.77
2011.01.05 07:41:28.348,0.94929,0.94949,3.00,1.50
2011.01.05 07:41:33.828,0.94929,0.94952,2.29,4.39
2011.01.05 07:41:34.401,0.94929,0.94945,1.92,1.77
2011.01.05 07:41:34.859,0.94923,0.94937,2.63,3.45
2011.01.05 07:41:35.700,0.9492,0.94937,1.54,1.50
2011.01.05 07:41:36.050,0.9492,0.94937,1.54,1.50
2011.01.05 07:41:37.309,0.9492,0.94938,1.54,1.50
2011.01.05 07:41:38.249,0.9492,0.94938,1.54,1.50
2011.01.05 07:41:38.918,0.9492,0.94938,1.54,1.50
2011.01.05 07:41:42.124,0.9492,0.9494,1.54,1.77
2011.01.05 07:41:42.770,0.94926,0.9494,2.18,1.50
2011.01.05 07:41:43.128,0.94941,0.94957,3.08,1.88
2011.01.05 07:41:43.736,0.94942,0.94962,2.29,1.50
2011.01.05 07:41:44.071,0.94942,0.94962,1.17,1.50
2011.01.05 07:41:44.697,0.9494,0.94962,2.55,2.25
2011.01.05 07:41:47.576,0.94945,0.94962,1.02,2.25
2011.01.05 07:41:48.020,0.9494,0.94964,3.15,1.50
2011.01.05 07:41:48.580,0.94944,0.94962,1.50,1.50
2011.01.05 07:41:49.351,0.94944,0.94962,1.50,1.50
2011.01.05 07:41:51.103,0.9494,0.94961,2.52,1.50
2011.01.05 07:41:52.848,0.9494,0.94958,2.52,1.50
2011.01.05 07:41:53.731,0.9494,0.9496,2.52,1.50
2011.01.05 07:41:54.678,0.9494,0.94958,1.50,1.13
2011.01.05 07:41:55.242,0.94939,0.94959,1.50,1.50
2011.01.05 07:41:55.363,0.94939,0.9496,1.50,1.50
2011.01.05 07:41:55.887,0.9494,0.9496,1.13,1.50
2011.01.05 07:41:56.439,0.94941,0.94962,1.54,2.25
2011.01.05 07:41:57.090,0.94936,0.94959,1.92,1.50
2011.01.05 07:41:57.634,0.94935,0.94957,1.54,1.50
2011.01.05 07:41:57.759,0.9493,0.94952,2.29,1.50
2011.01.05 07:41:58.588,0.9493,0.94952,2.29,3.00
2011.01.05 07:41:59.432,0.9493,0.94952,1.54,3.00
2011.01.05 07:42:02.078,0.9493,0.94952,3.79,1.50
2011.01.05 07:42:03.278,0.94932,0.94955,1.54,3.00
2011.01.05 07:42:05.631,0.9493,0.94953,2.67,1.50
2011.01.05 07:42:05.753,0.9493,0.94953,2.25,1.50
2011.01.05 07:42:06.296,0.9493,0.9495,2.25,1.50
2011.01.05 07:42:08.380,0.94927,0.9495,2.18,1.50
2011.01.05 07:42:08.608,0.94927,0.94947,1.80,1.50
2011.01.05 07:42:09.268,0.94927,0.94947,1.80,2.25
2011.01.05 07:42:09.989,0.94927,0.94947,1.80,2.25
2011.01.05 07:42:15.292,0.94926,0.94947,2.29,2.52
2011.01.05 07:42:16.258,0.94931,0.94948,1.50,1.50
2011.01.05 07:42:17.470,0.94931,0.94948,1.02,1.50
2011.01.05 07:42:17.896,0.94925,0.94944,2.29,1.50
2011.01.05 07:42:18.451,0.94924,0.94945,1.77,1.77
2011.01.05 07:42:19.209,0.94924,0.94947,1.92,3.00
2011.01.05 07:42:19.326,0.94924,0.94945,1.92,1.50
2011.01.05 07:42:29.658,0.94927,0.94944,4.50,2.25
2011.01.05 07:42:30.154,0.94937,0.94949,1.02,1.50
2011.01.05 07:42:30.392,0.94937,0.94955,1.02,1.50
2011.01.05 07:42:30.876,0.94937,0.94956,1.80,1.50
2011.01.05 07:42:31.211,0.94937,0.94956,2.55,1.50
2011.01.05 07:42:31.663,0.94941,0.94956,1.77,1.50
2011.01.05 07:42:34.110,0.94944,0.94956,1.13,1.50
2011.01.05 07:42:34.244,0.94948,0.94966,1.13,2.63
2011.01.05 07:42:34.475,0.94948,0.9497,1.54,1.50
2011.01.05 07:42:45.010,0.94946,0.94968,1.17,5.25
2011.01.05 07:42:47.130,0.94942,0.94966,1.54,1.13
2011.01.05 07:42:48.241,0.94944,0.94966,2.29,1.13
2011.01.05 07:42:49.180,0.94944,0.94967,2.29,1.13
2011.01.05 07:42:51.088,0.94943,0.94966,3.04,1.88
2011.01.05 07:42:53.088,0.94943,0.94963,1.17,1.50
2011.01.05 07:42:53.309,0.94941,0.94963,1.54,2.25
2011.01.05 07:42:56.485,0.94941,0.94963,1.54,3.00
2011.01.05 07:43:02.184,0.94936,0.9496,1.17,3.00
2011.01.05 07:43:02.311,0.94936,0.94959,1.17,1.77
2011.01.05 07:43:02.651,0.94934,0.94958,1.17,1.50
2011.01.05 07:43:06.036,0.94932,0.94954,1.17,3.00
2011.01.05 07:43:06.482,0.94932,0.94952,1.17,1.50
2011.01.05 07:43:08.410,0.94936,0.94952,1.02,1.50
2011.01.05 07:43:08.791,0.94936,0.94956,1.43,1.13
2011.01.05 07:43:12.819,0.94937,0.94957,1.43,1.50
2011.01.05 07:43:12.930,0.94937,0.94957,1.02,1.50
2011.01.05 07:43:14.346,0.94937,0.94958,1.43,3.00
2011.01.05 07:43:18.701,0.94938,0.94957,1.02,3.00
2011.01.05 07:43:22.703,0.94929,0.94947,1.50,1.50
2011.01.05 07:43:23.034,0.94927,0.94947,4.13,1.50
2011.01.05 07:43:23.162,0.94924,0.94945,1.17,2.25
2011.01.05 07:43:23.503,0.94922,0.94944,3.04,1.50
2011.01.05 07:43:24.011,0.94923,0.94945,1.54,1.50
2011.01.05 07:43:25.565,0.94923,0.94944,1.54,1.50
2011.01.05 07:43:26.193,0.94939,0.94951,1.13,1.50
2011.01.05 07:43:26.316,0.94941,0.94953,1.43,1.50
2011.01.05 07:43:26.432,0.94941,0.94955,2.18,1.50
2011.01.05 07:43:27.737,0.94937,0.94955,1.13,1.50
2011.01.05 07:43:28.071,0.94937,0.94957,1.80,2.25
2011.01.05 07:43:28.387,0.9494,0.94957,1.02,2.25
2011.01.05 07:43:28.955,0.94941,0.94957,1.43,1.50
2011.01.05 07:43:29.485,0.94941,0.94959,1.43,1.50
2011.01.05 07:43:30.051,0.94941,0.9496,1.43,1.50
2011.01.05 07:43:31.241,0.94941,0.94961,1.43,2.25
2011.01.05 07:43:32.059,0.94941,0.94961,1.39,2.25
2011.01.05 07:43:32.658,0.94941,0.94961,1.80,1.50
2011.01.05 07:43:35.090,0.94941,0.94961,1.17,1.50
2011.01.05 07:43:43.311,0.94937,0.94956,2.18,2.25
2011.01.05 07:43:43.959,0.94928,0.94951,2.93,1.50
2011.01.05 07:43:44.459,0.94929,0.9495,1.17,1.50
2011.01.05 07:43:45.009,0.94928,0.9495,2.18,1.50
2011.01.05 07:43:45.238,0.94928,0.9495,2.18,2.25
2011.01.05 07:43:47.856,0.94928,0.9495,1.77,2.25
2011.01.05 07:43:47.976,0.94928,0.9495,2.55,1.50
2011.01.05 07:43:49.076,0.94928,0.94948,1.77,1.88
2011.01.05 07:43:49.313,0.94928,0.94946,1.77,1.50
2011.01.05 07:43:49.827,0.94928,0.94948,2.18,1.50
2011.01.05 07:43:53.038,0.94933,0.94949,2.70,1.50
2011.01.05 07:43:53.269,0.94933,0.9495,2.70,3.00
2011.01.05 07:43:54.316,0.94934,0.9495,2.70,3.00
2011.01.05 07:43:55.236,0.94933,0.9495,2.70,2.25
2011.01.05 07:43:55.867,0.94934,0.9495,2.70,2.25
2011.01.05 07:43:56.685,0.94931,0.9495,5.82,2.25
2011.01.05 07:43:57.258,0.94932,0.9495,2.70,3.00
2011.01.05 07:43:57.481,0.94928,0.9495,1.43,1.50
2011.01.05 07:44:02.856,0.94932,0.94951,3.12,3.75
2011.01.05 07:44:03.198,0.94934,0.94951,2.70,3.00
2011.01.05 07:44:05.408,0.94932,0.9495,3.12,2.25
2011.01.05 07:44:06.870,0.94932,0.94949,3.12,2.25
2011.01.05 07:44:07.430,0.94932,0.9495,3.12,2.25
2011.01.05 07:44:08.087,0.94932,0.9495,1.05,1.50
2011.01.05 07:44:08.613,0.94933,0.94951,1.43,1.50
2011.01.05 07:44:10.004,0.94933,0.94953,1.17,1.50
2011.01.05 07:44:10.569,0.94933,0.94954,1.17,1.50
2011.01.05 07:44:14.900,0.94931,0.94954,1.54,3.00
2011.01.05 07:44:16.053,0.9493,0.94951,1.17,2.25
2011.01.05 07:44:16.829,0.9493,0.9495,1.17,1.50
2011.01.05 07:44:21.161,0.94929,0.94951,2.29,2.25
2011.01.05 07:44:21.845,0.94933,0.94951,2.70,2.25
2011.01.05 07:44:22.401,0.9493,0.94951,1.17,2.25
2011.01.05 07:44:22.960,0.94931,0.94951,1.17,1.50
2011.01.05 07:44:25.071,0.94926,0.94948,3.42,1.50
2011.01.05 07:44:25.198,0.94926,0.94948,2.67,1.50
2011.01.05 07:44:25.948,0.94926,0.94946,1.92,1.50
2011.01.05 07:44:26.893,0.94926,0.94946,2.52,1.50
2011.01.05 07:44:29.918,0.9493,0.94946,2.70,1.50
2011.01.05 07:44:30.140,0.94926,0.94946,2.52,1.50
2011.01.05 07:44:31.964,0.94928,0.94946,4.77,1.50
2011.01.05 07:44:32.092,0.94928,0.94949,1.05,1.50
2011.01.05 07:44:32.540,0.94928,0.94949,1.43,1.50
2011.01.05 07:44:33.020,0.94933,0.94949,2.70,1.50
2011.01.05 07:44:43.124,0.94932,0.94949,2.70,1.50
2011.01.05 07:44:43.581,0.94933,0.94949,1.80,1.50
2011.01.05 07:44:43.811,0.94933,0.94951,1.43,1.50
2011.01.05 07:44:44.933,0.94934,0.94951,1.17,1.50
2011.01.05 07:44:45.519,0.94935,0.94951,1.17,1.50
2011.01.05 07:44:48.529,0.94935,0.94954,1.17,2.25
2011.01.05 07:44:48.642,0.94931,0.94954,1.43,3.00
2011.01.05 07:44:50.249,0.94931,0.94954,4.50,2.25
2011.01.05 07:44:55.632,0.94937,0.94958,1.05,1.50
2011.01.05 07:44:55.985,0.94941,0.9496,1.43,2.25
2011.01.05 07:44:57.210,0.94941,0.9496,1.17,2.25
2011.01.05 07:44:58.229,0.94939,0.9496,1.17,3.00
2011.01.05 07:44:58.569,0.94936,0.94959,1.17,3.75
2011.01.05 07:44:59.147,0.94936,0.94956,1.17,1.50
2011.01.05 07:45:00.461,0.94935,0.94956,1.17,2.25
2011.01.05 07:45:07.769,0.94933,0.94956,1.92,3.00
2011.01.05 07:45:20.561,0.94933,0.94954,1.50,1.50
2011.01.05 07:45:21.850,0.94933,0.9495,1.50,2.25
2011.01.05 07:45:21.971,0.9493,0.94951,1.43,1.50
2011.01.05 07:45:23.423,0.94928,0.94951,3.04,3.00
2011.01.05 07:45:23.541,0.94933,0.94951,2.70,3.00
2011.01.05 07:45:23.991,0.94928,0.94951,3.04,3.00
2011.01.05 07:45:26.121,0.94929,0.94951,2.29,3.00
2011.01.05 07:45:27.019,0.94932,0.94951,1.17,1.50
2011.01.05 07:45:30.171,0.94932,0.94951,1.43,1.50
2011.01.05 07:45:31.367,0.94934,0.94953,1.17,1.50
2011.01.05 07:45:31.920,0.94934,0.94954,1.17,1.50
2011.01.05 07:45:32.260,0.94932,0.94954,1.80,2.25
2011.01.05 07:45:37.681,0.94928,0.94952,1.17,2.25
2011.01.05 07:45:37.921,0.94927,0.94951,1.17,1.50
2011.01.05 07:45:38.480,0.94931,0.94952,1.43,2.25
2011.01.05 07:45:39.042,0.9493,0.9495,1.17,19.20
2011.01.05 07:45:39.460,0.94926,0.94941,1.02,1.50
2011.01.05 07:45:39.583,0.94931,0.94949,1.02,3.38
2011.01.05 07:45:40.159,0.94931,0.94949,1.02,1.50
2011.01.05 07:45:40.999,0.94928,0.94949,1.17,4.77
2011.01.05 07:45:41.111,0.94928,0.94949,1.17,5.52
2011.01.05 07:45:41.563,0.94927,0.94947,1.17,2.25
2011.01.05 07:45:46.804,0.94925,0.94947,1.17,3.00
2011.01.05 07:46:01.829,0.94925,0.94944,1.17,1.02
2011.01.05 07:46:02.379,0.94923,0.94941,1.17,1.50
2011.01.05 07:46:12.710,0.9492,0.94941,1.54,1.50
2011.01.05 07:46:25.001,0.94921,0.94941,1.17,2.25
2011.01.05 07:46:25.119,0.94921,0.9494,1.17,1.50
2011.01.05 07:46:25.668,0.94914,0.94935,4.02,1.50
2011.01.05 07:46:25.792,0.94917,0.94932,1.02,1.50
2011.01.05 07:46:25.911,0.94917,0.94939,1.02,3.38
2011.01.05 07:46:26.031,0.94917,0.94939,1.43,2.63
2011.01.05 07:46:26.588,0.94919,0.9494,1.43,4.13
2011.01.05 07:46:26.919,0.9492,0.9494,1.17,2.25
2011.01.05 07:46:27.403,0.94922,0.9494,1.43,1.50
2011.01.05 07:46:28.159,0.94924,0.9494,1.43,1.50
2011.01.05 07:46:28.748,0.94923,0.9494,1.17,1.50
2011.01.05 07:46:30.369,0.94923,0.94943,1.17,1.50
2011.01.05 07:46:30.918,0.94923,0.94942,1.17,1.50
2011.01.05 07:46:32.469,0.94925,0.94942,1.17,1.50
2011.01.05 07:46:32.979,0.9493,0.94942,3.12,1.50
2011.01.05 07:46:33.535,0.94931,0.94949,6.83,1.50
2011.01.05 07:46:34.299,0.94931,0.94949,2.18,1.50
2011.01.05 07:46:36.103,0.94931,0.94952,1.17,2.25
2011.01.05 07:46:36.792,0.94928,0.94951,1.92,1.50
2011.01.05 07:46:36.914,0.94928,0.94951,1.92,1.50
2011.01.05 07:46:37.920,0.94937,0.94952,1.02,1.50
2011.01.05 07:46:38.048,0.94929,0.94955,1.17,3.08
2011.01.05 07:46:38.161,0.94937,0.94955,1.50,2.33
2011.01.05 07:46:38.498,0.94937,0.94955,1.50,2.33
2011.01.05 07:46:39.655,0.94937,0.94957,1.50,1.50
2011.01.05 07:46:43.580,0.94934,0.94955,1.17,1.50
2011.01.05 07:46:44.160,0.9493,0.94951,1.17,2.25
2011.01.05 07:46:44.719,0.9493,0.94951,1.17,2.25
2011.01.05 07:46:47.282,0.94927,0.9495,1.80,1.50
2011.01.05 07:46:47.511,0.94926,0.94947,1.17,2.52
2011.01.05 07:46:48.289,0.94923,0.94947,1.17,5.25
2011.01.05 07:46:49.237,0.94924,0.94945,1.17,1.50
2011.01.05 07:46:49.362,0.94922,0.94945,2.67,1.50
2011.01.05 07:46:49.590,0.94924,0.94947,1.92,5.25
2011.01.05 07:46:49.711,0.94926,0.94947,1.13,3.00
2011.01.05 07:46:49.939,0.94926,0.94947,1.17,1.50
2011.01.05 07:46:52.120,0.94922,0.94943,2.29,2.25
2011.01.05 07:46:52.241,0.94922,0.94943,1.92,3.00
2011.01.05 07:46:52.363,0.9492,0.94942,1.43,1.88
2011.01.05 07:46:52.592,0.94917,0.94938,1.13,1.50
2011.01.05 07:46:53.132,0.94918,0.94938,1.13,1.50
2011.01.05 07:46:53.700,0.94916,0.9494,1.80,3.00
2011.01.05 07:46:53.930,0.94917,0.94939,1.05,1.50
2011.01.05 07:46:54.423,0.94916,0.94939,1.05,1.50
2011.01.05 07:46:54.548,0.94917,0.9494,1.80,2.25
2011.01.05 07:46:56.479,0.94918,0.9494,1.54,2.25
2011.01.05 07:47:09.046,0.94917,0.94939,1.43,2.25
2011.01.05 07:47:09.673,0.94915,0.94937,2.55,2.25
2011.01.05 07:47:15.583,0.94915,0.94936,2.18,1.50
2011.01.05 07:47:16.138,0.94915,0.94937,2.18,2.25
2011.01.05 07:47:18.454,0.94915,0.94937,2.18,3.00
2011.01.05 07:47:19.310,0.94912,0.94932,4.92,3.75
