2007.09.24 14:00:00.072,1.1735,1.1736,9.60,29.90
2007.09.24 14:00:00.209,1.1735,1.1736,9.60,30.80
2007.09.24 14:00:00.285,1.1735,1.1736,9.60,34.60
2007.09.24 14:00:00.501,1.1735,1.1736,9.60,30.40
2007.09.24 14:00:01.768,1.1735,1.1736,9.60,29.60
2007.09.24 14:00:01.787,1.1735,1.1736,9.60,27.20
2007.09.24 14:00:01.837,1.1735,1.1736,9.60,19.20
2007.09.24 14:00:01.863,1.1735,1.1736,12.00,19.20
2007.09.24 14:00:02.763,1.1735,1.1736,8.00,23.20
2007.09.24 14:00:03.911,1.1735,1.1736,8.00,15.20
2007.09.24 14:00:04.240,1.1735,1.1736,12.00,11.20
2007.09.24 14:00:04.340,1.1735,1.1736,12.00,19.20
2007.09.24 14:00:04.419,1.1735,1.1736,12.00,11.20
2007.09.24 14:00:05.395,1.1735,1.1736,12.00,19.20
2007.09.24 14:00:05.688,1.1735,1.1736,8.00,23.20
2007.09.24 14:00:05.920,1.1735,1.1736,8.00,15.20
2007.09.24 14:00:06.214,1.1735,1.1736,12.80,11.20
2007.09.24 14:00:06.327,1.1735,1.1736,12.00,11.20
2007.09.24 14:00:07.042,1.1735,1.1736,12.80,11.20
2007.09.24 14:00:07.155,1.1735,1.1736,13.60,11.20
2007.09.24 14:00:07.362,1.1735,1.1736,21.60,11.20
2007.09.24 14:00:07.475,1.1735,1.1736,22.40,11.20
2007.09.24 14:00:07.919,1.1735,1.1736,23.20,11.20
2007.09.24 14:00:08.076,1.1735,1.1736,22.40,11.20
2007.09.24 14:00:08.166,1.1735,1.1736,21.60,11.20
2007.09.24 14:00:08.283,1.1735,1.1736,22.40,0.80
2007.09.24 14:00:08.373,1.1735,1.1736,26.40,0.80
2007.09.24 14:00:08.685,1.1735,1.1736,26.40,8.80
2007.09.24 14:00:08.692,1.1735,1.1736,22.40,8.80
2007.09.24 14:00:08.782,1.1735,1.1736,21.60,8.80
2007.09.24 14:00:08.910,1.1735,1.1736,13.60,8.80
2007.09.24 14:00:09.200,1.1735,1.1736,13.60,0.80
2007.09.24 14:00:09.209,1.1735,1.1736,17.60,0.80
2007.09.24 14:00:09.241,1.1735,1.1736,16.00,0.80
2007.09.24 14:00:09.319,1.1735,1.1736,24.80,0.80
2007.09.24 14:00:09.616,1.1735,1.1736,26.40,0.80
2007.09.24 14:00:09.710,1.1735,1.1737,26.40,45.00
2007.09.24 14:00:09.946,1.1735,1.1737,22.40,49.00
2007.09.24 14:00:10.332,1.1735,1.1737,22.40,49.10
2007.09.24 14:00:10.774,1.1735,1.1737,27.20,49.10
2007.09.24 14:00:10.976,1.1735,1.1737,32.00,45.10
2007.09.24 14:00:11.066,1.1735,1.1737,28.00,41.70
2007.09.24 14:00:11.186,1.1735,1.1737,28.00,40.40
2007.09.24 14:00:11.736,1.1735,1.1736,28.00,0.80
2007.09.24 14:00:11.771,1.1736,1.1737,2.40,39.90
2007.09.24 14:00:11.828,1.1735,1.1736,27.20,0.80
2007.09.24 14:00:11.993,1.1735,1.1736,26.40,0.80
2007.09.24 14:00:13.762,1.1735,1.1736,27.20,0.80
2007.09.24 14:00:13.866,1.1735,1.1736,32.00,0.80
2007.09.24 14:00:13.885,1.17355,1.1736,0.80,0.80
2007.09.24 14:00:14.211,1.17355,1.1736,1.60,0.80
2007.09.24 14:00:14.301,1.1736,1.1737,4.00,10.40
2007.09.24 14:00:14.410,1.1736,1.1737,6.40,0.10
2007.09.24 14:00:14.588,1.1736,1.1737,6.40,0.10
2007.09.24 14:00:14.683,1.1736,1.1737,6.40,4.20
2007.09.24 14:00:14.797,1.1736,1.1737,2.40,16.20
2007.09.24 14:00:14.835,1.17355,1.1737,1.60,26.60
2007.09.24 14:00:14.902,1.17355,1.1737,1.60,26.40
2007.09.24 14:00:15.016,1.17355,1.1737,1.60,28.00
2007.09.24 14:00:15.108,1.17355,1.1737,1.60,28.50
2007.09.24 14:00:15.206,1.17355,1.1737,1.60,28.40
2007.09.24 14:00:15.246,1.17355,1.1737,1.60,19.00
2007.09.24 14:00:15.338,1.17355,1.1737,1.60,10.40
2007.09.24 14:00:15.357,1.17355,1.1738,1.60,67.90
2007.09.24 14:00:15.438,1.17355,1.1737,1.60,0.80
2007.09.24 14:00:15.480,1.17355,1.1737,1.60,0.80
2007.09.24 14:00:15.623,1.17355,1.1737,1.60,4.80
2007.09.24 14:00:15.722,1.17355,1.1737,1.60,8.80
2007.09.24 14:00:15.749,1.17355,1.1737,0.80,16.80
2007.09.24 14:00:15.944,1.17355,1.1737,0.80,24.80
2007.09.24 14:00:16.157,1.1735,1.1737,41.60,24.80
2007.09.24 14:00:16.262,1.1735,1.1737,33.60,32.80
2007.09.24 14:00:16.273,1.1735,1.1737,33.60,35.20
2007.09.24 14:00:16.869,1.1735,1.1737,33.60,35.50
2007.09.24 14:00:16.894,1.1735,1.1737,33.60,39.80
2007.09.24 14:00:17.108,1.1735,1.1737,33.60,40.00
2007.09.24 14:00:17.511,1.1735,1.1737,33.60,39.80
2007.09.24 14:00:18.141,1.1735,1.1737,33.60,39.50
2007.09.24 14:00:18.288,1.17355,1.1737,0.80,39.50
2007.09.24 14:00:18.344,1.17355,1.1737,0.80,31.50
2007.09.24 14:00:18.659,1.17355,1.1737,0.80,32.30
2007.09.24 14:00:18.775,1.17355,1.1737,0.80,16.90
2007.09.24 14:00:18.816,1.17355,1.1737,0.80,6.50
2007.09.24 14:00:18.986,1.17355,1.1737,1.60,6.50
2007.09.24 14:00:19.189,1.17355,1.1737,1.60,8.80
2007.09.24 14:00:19.218,1.17355,1.1737,1.60,16.80
2007.09.24 14:00:19.288,1.17355,1.1737,1.60,17.90
2007.09.24 14:00:19.402,1.17355,1.1737,1.60,34.30
2007.09.24 14:00:19.953,1.17355,1.1737,1.60,25.10
2007.09.24 14:00:19.984,1.17355,1.1737,0.80,17.00
2007.09.24 14:00:20.095,1.17355,1.1737,0.80,15.90
2007.09.24 14:00:20.183,1.17355,1.1737,0.80,15.00
2007.09.24 14:00:20.213,1.1735,1.1737,43.10,15.00
2007.09.24 14:00:20.310,1.1736,1.1737,4.00,14.60
2007.09.24 14:00:20.465,1.1736,1.1737,4.00,14.70
2007.09.24 14:00:20.513,1.1736,1.1737,4.00,13.60
2007.09.24 14:00:20.812,1.1736,1.1737,5.60,12.80
2007.09.24 14:00:20.914,1.1736,1.1737,5.60,8.80
2007.09.24 14:00:21.034,1.1736,1.1737,6.40,8.80
2007.09.24 14:00:21.092,1.1737,1.17375,0.80,0.80
2007.09.24 14:00:21.222,1.1737,1.17375,8.80,0.80
2007.09.24 14:00:21.366,1.1737,1.17375,4.80,0.80
2007.09.24 14:00:21.730,1.1737,1.1738,4.80,38.40
2007.09.24 14:00:21.753,1.1737,1.1738,8.80,33.60
2007.09.24 14:00:21.859,1.1737,1.1738,8.80,25.70
2007.09.24 14:00:21.900,1.1737,1.1738,11.20,25.70
2007.09.24 14:00:21.929,1.1737,1.1738,11.20,23.40
2007.09.24 14:00:22.071,1.1737,1.1738,11.20,19.40
2007.09.24 14:00:22.088,1.1737,1.1738,11.20,19.30
2007.09.24 14:00:22.281,1.1737,1.1738,11.20,11.20
2007.09.24 14:00:22.589,1.1737,1.1738,15.70,11.20
2007.09.24 14:00:22.621,1.1737,1.1738,17.30,11.20
2007.09.24 14:00:22.704,1.1737,1.1738,22.80,11.20
2007.09.24 14:00:22.736,1.1737,1.1738,25.20,11.20
2007.09.24 14:00:22.800,1.1738,1.1739,8.00,23.60
2007.09.24 14:00:22.832,1.1738,1.1739,10.40,23.60
2007.09.24 14:00:22.953,1.1738,1.1739,10.40,30.00
2007.09.24 14:00:22.985,1.1739,1.17395,0.70,4.00
2007.09.24 14:00:23.265,1.1738,1.1739,11.90,20.00
2007.09.24 14:00:23.318,1.1739,1.17395,4.00,2.40
2007.09.24 14:00:23.368,1.1739,1.17395,4.00,2.40
2007.09.24 14:00:23.435,1.1739,1.17395,4.00,2.40
2007.09.24 14:00:23.461,1.1739,1.17395,4.00,2.40
2007.09.24 14:00:23.613,1.1739,1.17395,8.00,2.40
2007.09.24 14:00:23.748,1.1739,1.17395,8.80,2.40
2007.09.24 14:00:23.956,1.1739,1.17395,11.20,2.40
2007.09.24 14:00:23.982,1.1739,1.17395,11.20,2.40
2007.09.24 14:00:24.013,1.1739,1.174,11.20,25.60
2007.09.24 14:00:24.157,1.1739,1.174,11.20,24.80
2007.09.24 14:00:24.254,1.1739,1.174,15.90,20.80
2007.09.24 14:00:24.385,1.174,1.17405,2.40,1.60
2007.09.24 14:00:24.404,1.1739,1.174,33.50,20.80
2007.09.24 14:00:24.467,1.17395,1.174,2.40,0.80
2007.09.24 14:00:24.479,1.17395,1.174,2.40,2.40
2007.09.24 14:00:24.659,1.174,1.1741,6.40,18.50
2007.09.24 14:00:24.791,1.174,1.1741,10.40,4.10
2007.09.24 14:00:24.897,1.174,1.1741,6.40,0.20
2007.09.24 14:00:24.984,1.174,1.17415,6.40,0.80
2007.09.24 14:00:25.150,1.174,1.1741,10.40,0.50
2007.09.24 14:00:25.194,1.174,1.1741,2.40,4.40
2007.09.24 14:00:25.282,1.174,1.1741,2.40,4.30
2007.09.24 14:00:25.389,1.17395,1.1741,0.80,14.70
2007.09.24 14:00:25.415,1.17395,1.1741,0.80,23.50
2007.09.24 14:00:25.484,1.17395,1.1741,0.80,15.50
2007.09.24 14:00:25.663,1.1739,1.1741,39.10,15.50
2007.09.24 14:00:25.714,1.1739,1.1741,27.90,7.30
2007.09.24 14:00:25.793,1.1739,1.1741,27.10,4.90
2007.09.24 14:00:25.852,1.1739,1.1741,19.10,9.70
2007.09.24 14:00:25.860,1.1739,1.1741,19.10,8.90
2007.09.24 14:00:26.001,1.1739,1.1741,19.10,17.80
2007.09.24 14:00:26.116,1.1739,1.174,15.10,4.00
2007.09.24 14:00:26.226,1.1739,1.174,15.10,12.00
2007.09.24 14:00:26.427,1.1739,1.174,15.10,20.00
2007.09.24 14:00:26.528,1.1739,1.174,14.30,20.00
2007.09.24 14:00:26.618,1.1739,1.174,14.30,20.80
2007.09.24 14:00:26.641,1.1739,1.174,13.60,20.80
2007.09.24 14:00:26.730,1.1739,1.174,12.80,24.80
2007.09.24 14:00:26.749,1.1739,1.174,12.80,27.20
2007.09.24 14:00:26.880,1.1739,1.174,4.80,35.40
2007.09.24 14:00:26.930,1.1739,1.174,4.00,33.60
2007.09.24 14:00:26.958,1.1739,1.174,4.00,34.40
2007.09.24 14:00:27.057,1.1739,1.174,4.00,38.20
2007.09.24 14:00:27.112,1.1739,1.174,3.20,40.60
2007.09.24 14:00:27.149,1.1739,1.174,3.20,52.20
2007.09.24 14:00:27.254,1.1739,1.174,3.20,61.80
2007.09.24 14:00:27.285,1.1738,1.1739,14.40,2.40
2007.09.24 14:00:27.334,1.1738,1.1739,14.40,3.20
2007.09.24 14:00:27.465,1.1738,1.1739,12.00,3.20
2007.09.24 14:00:27.474,1.1738,1.1739,12.00,11.20
2007.09.24 14:00:27.663,1.1738,1.1739,9.50,15.20
2007.09.24 14:00:27.769,1.1738,1.1739,9.50,19.20
2007.09.24 14:00:27.795,1.1738,1.1739,7.10,19.20
2007.09.24 14:00:27.883,1.1738,1.1739,3.10,19.20
2007.09.24 14:00:27.921,1.1738,1.1739,2.30,19.20
2007.09.24 14:00:28.159,1.1737,1.1738,36.70,0.80
2007.09.24 14:00:28.471,1.17375,1.1738,2.40,0.80
2007.09.24 14:00:28.720,1.17375,1.1738,3.20,0.80
2007.09.24 14:00:28.941,1.17375,1.1738,3.20,0.80
2007.09.24 14:00:28.953,1.1738,1.1739,3.90,0.60
2007.09.24 14:00:29.367,1.1738,1.174,11.10,68.00
2007.09.24 14:00:29.444,1.1738,1.174,15.10,68.50
2007.09.24 14:00:29.481,1.1738,1.1739,15.10,0.90
2007.09.24 14:00:29.684,1.1738,1.1739,15.10,0.80
2007.09.24 14:00:29.759,1.1738,1.1739,3.10,0.80
2007.09.24 14:00:29.774,1.1738,1.17405,3.10,67.70
2007.09.24 14:00:29.804,1.1738,1.174,0.70,0.70
2007.09.24 14:00:29.859,1.1738,1.17405,0.50,68.00
2007.09.24 14:00:29.971,1.1738,1.174,9.50,0.70
2007.09.24 14:00:29.991,1.1738,1.174,10.30,0.60
2007.09.24 14:00:30.071,1.1738,1.17405,8.80,61.60
2007.09.24 14:00:30.176,1.1738,1.17405,9.60,62.10
2007.09.24 14:00:30.282,1.1738,1.174,8.80,0.90
2007.09.24 14:00:30.314,1.1738,1.174,8.00,0.70
2007.09.24 14:00:30.399,1.1738,1.174,8.00,0.70
2007.09.24 14:00:30.425,1.1738,1.174,8.00,0.80
2007.09.24 14:00:30.767,1.1738,1.174,8.00,0.50
2007.09.24 14:00:30.993,1.1738,1.17405,8.00,62.00
2007.09.24 14:00:31.403,1.17375,1.174,1.60,0.70
2007.09.24 14:00:32.153,1.1738,1.17405,8.00,62.00
2007.09.24 14:00:32.440,1.17375,1.174,0.80,60.40
2007.09.24 14:00:32.491,1.17375,1.174,0.80,60.40
2007.09.24 14:00:32.753,1.17375,1.174,0.80,61.20
2007.09.24 14:00:32.778,1.1737,1.1739,39.10,0.90
2007.09.24 14:00:32.932,1.1737,1.1738,39.10,0.80
2007.09.24 14:00:33.088,1.1737,1.1738,37.50,0.80
2007.09.24 14:00:33.744,1.1737,1.1739,37.50,0.90
2007.09.24 14:00:33.893,1.1737,1.1739,37.50,0.60
2007.09.24 14:00:35.653,1.1737,1.1738,29.50,0.70
2007.09.24 14:00:35.745,1.1737,1.1738,29.50,0.60
2007.09.24 14:00:35.762,1.1737,1.1739,24.70,43.90
2007.09.24 14:00:36.193,1.1737,1.1739,24.70,43.90
2007.09.24 14:00:36.241,1.1737,1.1738,24.70,0.50
2007.09.24 14:00:36.276,1.1737,1.1739,16.70,46.30
2007.09.24 14:00:37.608,1.1737,1.1739,15.90,46.30
2007.09.24 14:00:37.877,1.1737,1.1738,15.10,0.50
2007.09.24 14:00:44.062,1.1738,1.1739,0.70,44.80
2007.09.24 14:00:44.338,1.1738,1.1739,0.70,53.00
2007.09.24 14:00:44.767,1.1738,1.17385,3.10,0.80
2007.09.24 14:00:45.648,1.1738,1.17395,3.10,24.00
2007.09.24 14:00:45.816,1.1738,1.17395,3.10,20.80
2007.09.24 14:00:46.010,1.1738,1.17395,2.40,20.80
2007.09.24 14:00:46.216,1.17375,1.1738,2.40,0.80
2007.09.24 14:00:46.301,1.17375,1.1738,2.40,0.50
2007.09.24 14:00:46.431,1.17375,1.1738,2.40,0.70
2007.09.24 14:00:46.508,1.1737,1.1739,27.10,57.00
2007.09.24 14:00:46.537,1.1737,1.1738,23.10,0.90
2007.09.24 14:00:46.577,1.1737,1.1739,23.10,57.50
2007.09.24 14:00:46.969,1.1737,1.17385,23.10,14.20
2007.09.24 14:00:47.059,1.1737,1.17385,19.10,14.20
2007.09.24 14:00:48.310,1.1737,1.17385,11.10,14.20
2007.09.24 14:00:48.732,1.1737,1.17385,7.10,18.20
2007.09.24 14:00:49.250,1.1737,1.1738,11.10,0.80
2007.09.24 14:00:49.261,1.1737,1.17385,11.10,4.80
2007.09.24 14:00:49.346,1.1737,1.1738,19.10,0.80
2007.09.24 14:00:50.681,1.1737,1.1738,18.40,0.60
2007.09.24 14:00:50.792,1.1737,1.1738,18.40,0.60
2007.09.24 14:00:50.998,1.1737,1.1738,18.40,0.60
2007.09.24 14:00:51.096,1.1737,1.17385,14.40,6.80
2007.09.24 14:00:51.317,1.1737,1.1738,10.40,0.90
2007.09.24 14:00:51.331,1.1737,1.1738,8.00,0.80
2007.09.24 14:00:51.411,1.1736,1.17385,33.50,28.50
2007.09.24 14:00:51.512,1.1736,1.17385,37.50,28.50
2007.09.24 14:00:51.526,1.1736,1.17385,35.90,28.50
2007.09.24 14:00:51.929,1.1736,1.17385,31.90,32.50
2007.09.24 14:00:52.002,1.1736,1.17385,31.10,32.50
2007.09.24 14:00:52.131,1.1737,1.17385,4.00,28.50
2007.09.24 14:00:52.331,1.1737,1.17385,4.00,28.50
2007.09.24 14:00:52.340,1.1737,1.17385,4.00,27.70
2007.09.24 14:00:52.708,1.1737,1.1738,4.00,0.60
2007.09.24 14:00:52.735,1.1737,1.17385,6.40,30.10
2007.09.24 14:00:52.758,1.1737,1.1738,6.40,0.90
2007.09.24 14:00:53.289,1.1737,1.17385,6.40,34.10
2007.09.24 14:00:53.488,1.1737,1.17385,6.40,34.00
2007.09.24 14:01:00.027,1.1737,1.1738,6.40,27.50
2007.09.24 14:01:00.542,1.1737,1.1738,6.40,27.60
2007.09.24 14:01:03.020,1.1737,1.1738,6.40,28.40
2007.09.24 14:01:03.120,1.1737,1.1738,6.40,32.10
2007.09.24 14:01:03.228,1.1737,1.1738,2.40,56.80
2007.09.24 14:01:03.317,1.1736,1.1737,35.10,10.40
2007.09.24 14:01:03.328,1.1736,1.1737,23.10,10.40
2007.09.24 14:01:03.387,1.1736,1.1737,23.10,11.20
2007.09.24 14:01:03.846,1.1736,1.1737,19.10,11.20
2007.09.24 14:01:05.977,1.1736,1.1737,11.10,11.20
2007.09.24 14:01:07.201,1.1736,1.1737,11.10,8.80
2007.09.24 14:01:07.681,1.1736,1.1737,3.10,8.80
2007.09.24 14:01:07.727,1.1736,1.1737,3.10,0.80
2007.09.24 14:01:07.792,1.1736,1.1737,3.10,8.10
2007.09.24 14:01:07.827,1.1736,1.1737,3.10,8.90
2007.09.24 14:01:08.144,1.1736,1.1737,3.10,6.90
2007.09.24 14:01:08.215,1.1736,1.1737,3.10,6.80
2007.09.24 14:01:08.238,1.1736,1.1737,3.10,6.00
2007.09.24 14:01:08.312,1.1736,1.1737,7.10,0.80
2007.09.24 14:01:08.354,1.1736,1.1737,7.10,1.60
2007.09.24 14:01:08.732,1.1736,1.1737,7.10,0.80
2007.09.24 14:01:09.024,1.1736,1.1737,11.10,0.80
2007.09.24 14:01:09.097,1.1736,1.17375,11.10,1.60
2007.09.24 14:01:09.680,1.1736,1.1737,11.10,8.00
2007.09.24 14:01:09.821,1.1736,1.1737,11.10,8.80
2007.09.24 14:01:09.958,1.1736,1.1737,11.10,8.90
2007.09.24 14:01:10.162,1.1736,1.1737,11.10,8.80
2007.09.24 14:01:10.303,1.1736,1.1737,11.10,11.20
2007.09.24 14:01:10.394,1.1736,1.1737,19.10,11.20
2007.09.24 14:01:10.679,1.1737,1.17375,0.70,4.00
2007.09.24 14:01:10.824,1.1737,1.17375,0.70,1.60
2007.09.24 14:01:12.068,1.1737,1.1738,3.10,34.70
2007.09.24 14:01:12.165,1.1737,1.1738,3.10,28.80
2007.09.24 14:01:12.250,1.1737,1.1738,3.10,36.80
2007.09.24 14:01:12.272,1.1737,1.1738,0.70,36.80
2007.09.24 14:01:12.346,1.1737,1.1738,0.70,44.80
2007.09.24 14:01:12.471,1.1737,1.1738,0.70,45.90
2007.09.24 14:01:13.088,1.1737,1.1738,0.70,46.00
2007.09.24 14:01:13.498,1.1737,1.1738,0.70,46.40
2007.09.24 14:01:13.803,1.1736,1.1737,23.10,0.80
2007.09.24 14:01:14.634,1.1737,1.1738,0.70,46.40
2007.09.24 14:01:15.413,1.1736,1.1737,23.10,0.80
2007.09.24 14:01:16.238,1.1737,1.1738,0.70,46.40
2007.09.24 14:01:16.386,1.1737,1.1738,0.70,38.40
2007.09.24 14:01:16.497,1.1737,1.1738,0.70,46.40
2007.09.24 14:01:18.679,1.1736,1.1738,23.10,46.40
2007.09.24 14:01:19.203,1.1736,1.1738,19.10,50.40
2007.09.24 14:01:19.399,1.1736,1.1737,19.10,0.80
2007.09.24 14:01:19.410,1.1736,1.1737,11.10,0.80
2007.09.24 14:01:21.162,1.1736,1.1737,11.90,0.80
2007.09.24 14:01:21.257,1.1736,1.1737,11.10,0.80
2007.09.24 14:01:22.083,1.1736,1.1737,11.90,0.80
2007.09.24 14:01:22.188,1.1736,1.1737,11.90,8.80
2007.09.24 14:01:22.202,1.1736,1.1737,12.70,8.80
2007.09.24 14:01:22.296,1.1736,1.1737,11.90,8.80
2007.09.24 14:01:22.488,1.1736,1.1737,11.10,8.80
2007.09.24 14:01:22.608,1.1736,1.1737,11.90,8.80
2007.09.24 14:01:22.716,1.1736,1.1737,12.70,8.80
2007.09.24 14:01:22.801,1.1736,1.1737,12.70,11.20
2007.09.24 14:01:22.813,1.1736,1.1737,11.90,11.20
2007.09.24 14:01:22.980,1.1736,1.1737,11.10,11.20
2007.09.24 14:01:23.338,1.1736,1.1737,19.90,11.20
2007.09.24 14:01:23.539,1.1736,1.1737,19.10,11.20
2007.09.24 14:01:23.650,1.1737,1.17375,0.70,5.60
2007.09.24 14:01:24.266,1.1737,1.17375,0.70,0.80
2007.09.24 14:01:25.012,1.1737,1.1738,0.70,44.20
2007.09.24 14:01:25.119,1.1737,1.1738,0.70,44.00
2007.09.24 14:01:25.215,1.1737,1.1738,0.70,36.00
2007.09.24 14:01:25.260,1.1737,1.1738,3.10,36.00
2007.09.24 14:01:25.428,1.1737,1.1738,3.10,35.70
2007.09.24 14:01:25.620,1.1737,1.1738,3.10,35.60
2007.09.24 14:01:25.835,1.1737,1.1738,3.10,31.60
2007.09.24 14:01:26.673,1.1737,1.1738,3.10,31.50
2007.09.24 14:01:26.696,1.1737,1.1738,0.70,31.50
2007.09.24 14:01:26.783,1.1737,1.1738,0.70,41.20
2007.09.24 14:01:26.877,1.1737,1.1738,0.70,42.20
2007.09.24 14:01:26.992,1.1737,1.1738,0.70,34.20
2007.09.24 14:01:27.302,1.1737,1.1738,0.70,38.40
2007.09.24 14:01:27.336,1.1737,1.17375,0.70,0.80
2007.09.24 14:01:27.385,1.1736,1.17375,15.90,0.80
2007.09.24 14:01:27.605,1.1736,1.17375,16.70,1.60
2007.09.24 14:01:27.688,1.1736,1.17375,15.90,1.60
2007.09.24 14:01:27.762,1.1736,1.17375,15.10,1.60
2007.09.24 14:01:27.783,1.1736,1.17375,11.10,1.60
2007.09.24 14:01:28.267,1.1736,1.1737,11.10,0.80
2007.09.24 14:01:29.147,1.1736,1.1737,11.90,0.80
2007.09.24 14:01:29.307,1.1736,1.1737,12.70,0.80
2007.09.24 14:01:29.359,1.1736,1.1737,11.90,0.80
2007.09.24 14:01:29.564,1.1736,1.1737,12.70,0.80
2007.09.24 14:01:29.664,1.1736,1.1737,11.90,0.80
2007.09.24 14:01:29.776,1.1736,1.1737,11.10,0.80
2007.09.24 14:01:30.183,1.1736,1.1737,11.90,0.80
2007.09.24 14:01:30.234,1.1736,1.1737,12.70,0.80
2007.09.24 14:01:30.398,1.1736,1.1737,11.90,0.80
2007.09.24 14:01:30.500,1.1736,1.1737,11.10,0.80
2007.09.24 14:01:30.696,1.1736,1.1737,11.90,0.80
2007.09.24 14:01:30.896,1.1736,1.1737,11.10,0.80
2007.09.24 14:01:31.217,1.1736,1.1737,11.90,0.80
2007.09.24 14:01:31.580,1.1736,1.1737,12.70,0.80
2007.09.24 14:01:31.693,1.1736,1.1737,1.40,0.80
2007.09.24 14:01:32.152,1.1736,1.1737,2.20,0.80
2007.09.24 14:01:32.671,1.17355,1.1737,13.50,0.80
2007.09.24 14:01:38.298,1.17355,1.1737,5.50,6.60
2007.09.24 14:01:38.378,1.1735,1.1737,41.40,22.60
2007.09.24 14:01:38.809,1.1735,1.1737,41.40,23.40
2007.09.24 14:01:38.838,1.1735,1.1737,41.40,26.60
2007.09.24 14:01:39.548,1.1736,1.1737,1.90,29.00
2007.09.24 14:01:40.233,1.1735,1.1737,44.60,25.00
2007.09.24 14:01:40.474,1.1736,1.1737,5.00,22.60
2007.09.24 14:01:41.063,1.1735,1.1737,43.00,23.40
2007.09.24 14:01:41.155,1.1736,1.1737,0.60,27.60
2007.09.24 14:01:41.257,1.1735,1.1737,41.40,27.60
2007.09.24 14:01:41.269,1.1735,1.1737,37.40,39.60
2007.09.24 14:01:41.357,1.1736,1.1737,0.70,32.00
2007.09.24 14:01:41.438,1.1735,1.1737,25.40,32.80
2007.09.24 14:01:41.776,1.1735,1.1737,21.40,36.80
2007.09.24 14:01:42.307,1.1735,1.1737,29.40,44.80
2007.09.24 14:01:43.049,1.1735,1.1737,31.00,43.60
2007.09.24 14:01:43.170,1.1735,1.1737,35.00,39.40
2007.09.24 14:01:43.259,1.1736,1.1737,4.20,35.30
2007.09.24 14:01:43.371,1.1735,1.1737,34.20,27.30
2007.09.24 14:01:43.775,1.1735,1.1737,34.20,26.50
2007.09.24 14:01:43.792,1.1736,1.1737,3.40,13.70
2007.09.24 14:01:43.808,1.1735,1.1737,35.80,12.90
2007.09.24 14:01:44.083,1.1735,1.1737,36.60,12.20
2007.09.24 14:01:44.208,1.1735,1.1737,41.40,2.40
2007.09.24 14:01:44.287,1.1736,1.1737,0.70,3.50
2007.09.24 14:01:44.305,1.1735,1.1737,41.40,4.30
2007.09.24 14:01:44.597,1.1735,1.1737,41.40,5.10
2007.09.24 14:01:45.128,1.17345,1.1737,44.70,5.10
2007.09.24 14:01:45.245,1.1735,1.1737,9.40,5.20
2007.09.24 14:01:46.045,1.17345,1.1737,44.70,5.60
2007.09.24 14:01:46.251,1.1735,1.1737,14.00,13.80
2007.09.24 14:01:46.264,1.17345,1.1737,44.70,21.80
2007.09.24 14:01:46.355,1.1735,1.1737,19.10,30.10
2007.09.24 14:01:46.776,1.17345,1.1737,36.70,40.50
2007.09.24 14:01:46.866,1.1735,1.1737,4.70,44.50
2007.09.24 14:01:47.072,1.17345,1.1737,24.70,36.50
2007.09.24 14:01:47.489,1.1735,1.1737,7.90,38.10
2007.09.24 14:01:49.168,1.17345,1.1737,32.70,38.10
2007.09.24 14:01:49.274,1.17345,1.1737,24.70,38.10
2007.09.24 14:01:50.412,1.17345,1.1737,32.70,46.10
2007.09.24 14:01:50.944,1.1735,1.1737,9.70,38.10
2007.09.24 14:01:51.245,1.17345,1.1737,20.70,42.10
2007.09.24 14:01:51.356,1.17345,1.1737,28.70,50.10
2007.09.24 14:01:53.089,1.1735,1.1737,10.50,42.10
2007.09.24 14:01:53.181,1.1735,1.1737,4.10,42.00
2007.09.24 14:01:53.719,1.17345,1.1737,32.70,38.00
2007.09.24 14:01:53.928,1.17345,1.1737,36.70,38.00
2007.09.24 14:01:54.014,1.17345,1.1737,36.70,37.70
2007.09.24 14:01:54.126,1.1735,1.1737,2.70,36.90
2007.09.24 14:01:54.221,1.1735,1.1737,34.20,28.90
2007.09.24 14:01:54.265,1.1735,1.1737,34.20,28.10
2007.09.24 14:01:54.341,1.1735,1.1737,38.20,27.30
2007.09.24 14:01:54.496,1.1735,1.1737,38.20,26.50
2007.09.24 14:01:54.640,1.1736,1.1737,0.70,30.50
2007.09.24 14:01:54.757,1.1735,1.1737,33.40,34.50
2007.09.24 14:01:54.861,1.1735,1.1737,37.40,30.50
2007.09.24 14:01:55.099,1.1736,1.1737,0.70,0.50
2007.09.24 14:01:55.678,1.1735,1.1737,33.40,34.50
2007.09.24 14:01:56.218,1.1735,1.1737,34.20,26.50
2007.09.24 14:01:56.727,1.1736,1.1737,0.70,30.50
2007.09.24 14:01:56.948,1.1736,1.1737,0.70,31.30
2007.09.24 14:01:57.262,1.1735,1.1737,38.20,23.30
2007.09.24 14:01:57.458,1.1735,1.1737,38.20,24.10
2007.09.24 14:01:57.648,1.1735,1.1737,39.80,24.10
2007.09.24 14:01:57.851,1.1735,1.1737,39.80,16.10
2007.09.24 14:01:59.003,1.1735,1.1737,42.80,16.10
2007.09.24 14:01:59.207,1.1736,1.1737,5.90,14.40
2007.09.24 14:01:59.710,1.1736,1.1737,19.10,12.00
2007.09.24 14:02:00.220,1.1736,1.1737,19.10,4.00
2007.09.24 14:02:00.326,1.1736,1.1737,19.10,3.20
2007.09.24 14:02:00.431,1.1736,1.1737,19.10,2.40
2007.09.24 14:02:00.741,1.1736,1.1737,19.90,2.40
2007.09.24 14:02:00.772,1.1736,1.1737,24.70,1.60
2007.09.24 14:02:01.080,1.1736,1.1737,24.70,0.80
2007.09.24 14:02:01.292,1.1736,1.1737,25.50,0.80
2007.09.24 14:02:01.326,1.1736,1.1737,26.30,0.80
2007.09.24 14:02:01.507,1.1736,1.1737,25.60,0.80
2007.09.24 14:02:01.661,1.1736,1.1737,26.40,0.80
2007.09.24 14:02:01.705,1.1736,1.1737,25.60,0.80
2007.09.24 14:02:01.931,1.1736,1.1737,24.80,0.80
2007.09.24 14:02:02.278,1.17365,1.1737,0.80,0.80
2007.09.24 14:02:02.684,1.17365,1.1737,1.60,0.80
2007.09.24 14:02:02.704,1.17365,1.1738,1.60,40.80
2007.09.24 14:02:02.757,1.17365,1.1738,1.60,41.60
2007.09.24 14:02:02.846,1.17365,1.1738,0.80,41.60
2007.09.24 14:02:03.203,1.17365,1.1738,1.60,41.60
2007.09.24 14:02:04.173,1.17365,1.1738,1.60,41.70
2007.09.24 14:02:04.281,1.17365,1.1738,1.60,41.60
2007.09.24 14:02:04.376,1.17365,1.1738,1.60,49.60
2007.09.24 14:02:05.834,1.17365,1.1738,1.60,50.40
2007.09.24 14:02:05.862,1.17365,1.1737,0.80,0.80
2007.09.24 14:02:06.071,1.1736,1.1737,22.40,0.80
2007.09.24 14:02:07.082,1.1736,1.1737,23.20,0.80
2007.09.24 14:02:08.315,1.1736,1.1738,24.00,51.20
2007.09.24 14:02:08.340,1.1736,1.1738,20.00,54.40
2007.09.24 14:02:08.870,1.1736,1.1738,20.80,53.60
2007.09.24 14:02:09.796,1.1736,1.1738,20.80,54.00
2007.09.24 14:02:10.198,1.1736,1.1738,24.80,50.00
2007.09.24 14:02:10.714,1.1736,1.1738,25.60,50.00
2007.09.24 14:02:10.780,1.17365,1.1738,0.80,50.00
2007.09.24 14:02:10.840,1.17365,1.1738,0.80,49.90
2007.09.24 14:02:10.925,1.17365,1.1738,0.80,41.90
2007.09.24 14:02:11.030,1.17365,1.1738,0.80,41.10
2007.09.24 14:02:11.196,1.17365,1.1738,2.40,41.10
2007.09.24 14:02:11.241,1.17365,1.1738,2.40,39.90
2007.09.24 14:02:11.338,1.17365,1.1738,2.40,34.70
2007.09.24 14:02:11.573,1.17365,1.1738,3.20,34.70
2007.09.24 14:02:11.646,1.17365,1.1738,3.20,30.70
2007.09.24 14:02:11.707,1.1737,1.1738,2.40,30.70
2007.09.24 14:02:11.745,1.1737,1.1738,2.40,22.70
2007.09.24 14:02:12.068,1.1737,1.1738,2.40,22.80
2007.09.24 14:02:12.296,1.1737,1.1738,2.40,22.80
2007.09.24 14:02:14.162,1.1737,1.1738,2.40,22.60
2007.09.24 14:02:16.318,1.1737,1.1738,2.40,22.70
2007.09.24 14:02:16.839,1.1737,1.1738,2.40,22.40
2007.09.24 14:02:17.791,1.1737,1.1738,2.40,22.60
2007.09.24 14:02:18.078,1.1737,1.1738,2.40,23.40
2007.09.24 14:02:18.179,1.17365,1.1738,1.60,23.40
2007.09.24 14:02:18.194,1.17365,1.1738,1.60,23.90
2007.09.24 14:02:18.310,1.17365,1.1738,1.60,31.90
2007.09.24 14:02:18.406,1.17365,1.1738,1.60,40.20
2007.09.24 14:02:18.718,1.17365,1.1738,1.60,41.20
2007.09.24 14:02:18.820,1.17365,1.1738,1.60,42.00
2007.09.24 14:02:18.889,1.17365,1.1738,0.80,42.00
2007.09.24 14:02:18.913,1.17365,1.1738,0.80,46.00
2007.09.24 14:02:19.023,1.17365,1.1738,0.80,45.20
2007.09.24 14:02:19.352,1.17365,1.1738,0.80,37.20
2007.09.24 14:02:19.407,1.1736,1.1738,30.40,37.20
2007.09.24 14:02:19.737,1.1736,1.1738,36.80,37.20
2007.09.24 14:02:19.813,1.17365,1.1738,0.80,37.20
2007.09.24 14:02:19.843,1.17365,1.1738,0.80,35.00
2007.09.24 14:02:19.950,1.17365,1.1738,0.80,34.60
2007.09.24 14:02:20.052,1.17365,1.1738,0.80,35.70
2007.09.24 14:02:20.060,1.17365,1.1738,1.60,35.70
2007.09.24 14:02:20.149,1.17365,1.1738,1.60,36.00
2007.09.24 14:02:20.228,1.1737,1.1738,2.40,36.00
2007.09.24 14:02:20.281,1.1737,1.1738,2.40,27.30
2007.09.24 14:02:20.684,1.1737,1.1738,2.40,27.60
2007.09.24 14:02:20.748,1.17365,1.1738,1.60,27.60
2007.09.24 14:02:20.782,1.17365,1.1738,1.60,35.60
2007.09.24 14:02:20.885,1.17365,1.1738,1.60,32.00
2007.09.24 14:02:21.308,1.17365,1.1738,1.60,32.10
2007.09.24 14:02:21.826,1.17365,1.1738,1.60,36.10
2007.09.24 14:02:22.191,1.17365,1.1738,3.20,36.10
2007.09.24 14:02:22.329,1.17365,1.1738,3.20,34.40
2007.09.24 14:02:22.790,1.1737,1.1738,2.40,34.40
2007.09.24 14:02:22.857,1.1737,1.1738,2.40,26.40
2007.09.24 14:02:23.055,1.1737,1.1738,2.40,22.40
2007.09.24 14:02:26.057,1.1737,1.1738,2.40,23.20
2007.09.24 14:02:26.188,1.1737,1.1738,2.40,23.70
2007.09.24 14:02:26.265,1.1737,1.1738,2.40,24.90
2007.09.24 14:02:26.590,1.1737,1.1738,2.40,28.90
2007.09.24 14:02:26.679,1.1737,1.1738,2.40,28.40
2007.09.24 14:02:26.786,1.1737,1.1738,2.40,38.00
2007.09.24 14:02:26.817,1.1736,1.1738,32.00,38.00
2007.09.24 14:02:26.878,1.1736,1.1738,30.40,38.80
2007.09.24 14:02:26.899,1.1736,1.1738,30.40,39.60
2007.09.24 14:02:26.999,1.1736,1.1738,30.40,47.60
2007.09.24 14:02:27.224,1.1736,1.1738,28.80,47.60
2007.09.24 14:02:27.411,1.1736,1.1738,28.80,47.70
2007.09.24 14:02:27.536,1.1736,1.1738,28.00,48.50
2007.09.24 14:02:27.947,1.1736,1.1738,24.00,52.50
2007.09.24 14:02:28.280,1.1736,1.1737,24.00,0.80
2007.09.24 14:02:28.736,1.1736,1.1737,20.00,0.80
2007.09.24 14:02:29.899,1.1736,1.1738,20.00,52.50
2007.09.24 14:02:30.213,1.1736,1.1738,20.80,51.70
2007.09.24 14:02:30.334,1.17365,1.1738,1.60,50.40
2007.09.24 14:02:30.423,1.17365,1.1738,1.60,40.80
2007.09.24 14:02:30.506,1.17365,1.1738,1.60,40.00
2007.09.24 14:02:30.615,1.17365,1.1738,1.60,36.00
2007.09.24 14:02:30.702,1.1736,1.1738,38.40,36.00
2007.09.24 14:02:30.710,1.1736,1.1738,37.60,36.00
2007.09.24 14:02:30.820,1.1736,1.1738,29.60,32.00
2007.09.24 14:02:30.837,1.1736,1.1738,32.00,31.20
2007.09.24 14:02:31.031,1.1736,1.1738,32.80,30.80
2007.09.24 14:02:31.123,1.1736,1.1738,36.80,30.40
2007.09.24 14:02:31.222,1.17365,1.1738,1.60,30.40
2007.09.24 14:02:31.833,1.1737,1.1738,2.40,30.40
2007.09.24 14:02:31.886,1.1737,1.1738,2.40,22.40
2007.09.24 14:02:32.180,1.1737,1.1738,2.40,31.00
2007.09.24 14:02:32.256,1.1736,1.1737,36.00,0.80
2007.09.24 14:02:32.292,1.1736,1.1737,32.00,0.80
2007.09.24 14:02:32.817,1.1736,1.1737,28.00,0.80
2007.09.24 14:02:33.072,1.1736,1.1738,28.00,35.20
2007.09.24 14:02:34.079,1.1736,1.1738,28.80,35.20
2007.09.24 14:02:34.276,1.17365,1.1738,1.60,35.20
2007.09.24 14:02:34.757,1.17365,1.1738,1.60,26.40
2007.09.24 14:02:34.773,1.1737,1.1738,2.40,26.40
2007.09.24 14:02:35.178,1.1737,1.1738,2.40,22.40
2007.09.24 14:02:37.249,1.1737,1.1738,2.40,23.20
2007.09.24 14:02:37.281,1.1737,1.1738,2.40,24.00
2007.09.24 14:02:37.372,1.1737,1.1738,2.40,32.00
2007.09.24 14:02:37.625,1.1737,1.1738,2.40,32.80
2007.09.24 14:02:37.757,1.1736,1.1738,36.00,32.80
2007.09.24 14:02:37.780,1.1736,1.1738,32.00,45.60
2007.09.24 14:02:37.862,1.1736,1.1737,32.00,0.80
2007.09.24 14:02:38.360,1.1736,1.1737,30.40,0.80
2007.09.24 14:02:38.498,1.1736,1.1737,28.80,0.80
2007.09.24 14:02:38.680,1.1736,1.1738,28.80,39.70
2007.09.24 14:02:38.704,1.1736,1.1738,24.80,43.70
2007.09.24 14:02:38.919,1.1736,1.1738,24.00,43.70
2007.09.24 14:02:39.646,1.1736,1.1738,24.80,43.70
2007.09.24 14:02:39.745,1.1736,1.1738,30.40,38.00
2007.09.24 14:02:39.851,1.1736,1.1738,30.40,37.00
2007.09.24 14:02:39.902,1.1736,1.1738,31.20,37.00
2007.09.24 14:02:39.952,1.1736,1.1738,30.40,37.00
2007.09.24 14:02:40.060,1.1736,1.1738,26.40,38.50
2007.09.24 14:02:40.273,1.1736,1.1738,26.40,42.50
2007.09.24 14:02:40.363,1.1736,1.1738,24.80,43.00
2007.09.24 14:02:40.562,1.1736,1.1738,24.80,43.70
2007.09.24 14:02:40.711,1.1736,1.1738,24.00,43.70
2007.09.24 14:02:41.198,1.1736,1.1738,24.00,35.70
2007.09.24 14:02:41.295,1.1736,1.1738,33.60,27.20
2007.09.24 14:02:41.325,1.1736,1.1738,33.60,24.80
2007.09.24 14:02:41.564,1.1736,1.1738,34.40,24.80
2007.09.24 14:02:41.635,1.1736,1.1738,36.80,24.80
2007.09.24 14:02:41.715,1.1737,1.1738,8.80,23.30
2007.09.24 14:02:41.743,1.1737,1.1738,8.80,14.50
2007.09.24 14:02:41.820,1.1737,1.1738,12.80,8.80
2007.09.24 14:02:41.934,1.1737,1.1738,28.80,8.00
2007.09.24 14:02:42.033,1.1737,1.1738,32.00,8.40
2007.09.24 14:02:42.049,1.1737,1.1738,32.80,8.40
2007.09.24 14:02:42.122,1.1737,1.1738,32.80,7.00
2007.09.24 14:02:42.238,1.1737,1.1738,38.40,6.40
2007.09.24 14:02:42.268,1.1738,1.1739,2.40,36.00
2007.09.24 14:02:42.967,1.1737,1.1738,38.40,1.60
2007.09.24 14:02:44.220,1.1737,1.1738,28.00,1.60
2007.09.24 14:02:44.283,1.1737,1.1738,28.80,1.60
2007.09.24 14:02:44.325,1.1737,1.1738,4.80,3.00
2007.09.24 14:02:44.399,1.1737,1.1738,5.60,3.00
2007.09.24 14:02:44.417,1.1737,1.1738,5.60,2.70
2007.09.24 14:02:44.486,1.1737,1.1738,4.80,2.70
2007.09.24 14:02:44.520,1.1737,1.1738,4.80,3.00
2007.09.24 14:02:44.614,1.1737,1.1738,7.20,3.00
2007.09.24 14:02:44.819,1.1737,1.1738,6.40,3.00
2007.09.24 14:02:44.933,1.1737,1.1738,2.40,3.00
2007.09.24 14:02:45.102,1.1737,1.1738,2.40,3.80
2007.09.24 14:02:45.663,1.1737,1.1738,6.40,3.80
2007.09.24 14:02:45.777,1.1737,1.1738,8.00,3.80
2007.09.24 14:02:45.909,1.1737,1.1738,8.00,3.00
2007.09.24 14:02:46.192,1.1737,1.1738,12.00,3.00
2007.09.24 14:02:46.347,1.1737,1.1738,14.40,3.00
2007.09.24 14:02:46.811,1.1737,1.1738,14.40,3.80
2007.09.24 14:02:47.353,1.1737,1.1738,14.40,0.60
2007.09.24 14:02:48.021,1.1737,1.1738,14.40,0.80
2007.09.24 14:02:48.138,1.1737,1.1738,13.60,0.60
2007.09.24 14:02:48.755,1.1737,1.1738,13.60,3.80
2007.09.24 14:02:48.967,1.1737,1.1738,15.20,3.80
2007.09.24 14:02:49.056,1.1737,1.1738,15.20,3.00
2007.09.24 14:02:49.068,1.1737,1.1738,15.20,2.40
2007.09.24 14:02:49.182,1.1737,1.1738,13.60,3.00
2007.09.24 14:02:49.242,1.1737,1.1738,11.20,11.00
2007.09.24 14:02:49.277,1.1737,1.1738,3.20,12.70
2007.09.24 14:02:49.385,1.1737,1.1738,3.10,12.70
2007.09.24 14:02:49.483,1.1737,1.1738,3.10,12.60
2007.09.24 14:02:49.646,1.1737,1.1738,3.10,13.40
2007.09.24 14:02:49.696,1.1737,1.1738,3.10,30.20
2007.09.24 14:02:49.800,1.1737,1.1738,3.10,31.40
2007.09.24 14:02:49.881,1.1737,1.1738,3.10,32.20
2007.09.24 14:02:50.019,1.1737,1.1738,3.10,32.50
2007.09.24 14:02:50.104,1.1737,1.1738,3.10,33.20
2007.09.24 14:02:50.261,1.1737,1.17375,3.10,0.80
2007.09.24 14:02:51.509,1.1736,1.1737,13.60,0.80
2007.09.24 14:02:52.798,1.1737,1.1738,7.10,48.00
2007.09.24 14:02:53.101,1.1737,1.1738,11.10,43.90
2007.09.24 14:02:53.129,1.1737,1.1738,11.10,44.70
2007.09.24 14:02:53.209,1.1737,1.1738,11.10,36.70
2007.09.24 14:02:53.237,1.1737,1.1738,13.50,36.70
2007.09.24 14:02:53.730,1.1737,1.1738,5.50,36.70
2007.09.24 14:02:54.183,1.1737,1.1738,3.10,36.70
2007.09.24 14:02:54.254,1.1736,1.1738,20.00,52.70
2007.09.24 14:02:54.277,1.1736,1.17375,20.00,0.80
2007.09.24 14:02:54.382,1.1736,1.17375,19.20,0.80
2007.09.24 14:02:54.506,1.1736,1.17375,17.60,0.80
2007.09.24 14:02:54.657,1.1736,1.17375,16.80,0.80
2007.09.24 14:02:54.663,1.1736,1.1737,16.80,0.80
2007.09.24 14:02:54.681,1.1736,1.1737,14.40,0.80
2007.09.24 14:02:54.774,1.1736,1.1737,10.40,0.80
2007.09.24 14:03:00.725,1.1736,1.1737,10.40,8.80
2007.09.24 14:03:01.250,1.1736,1.1737,10.40,0.80
2007.09.24 14:03:01.889,1.1736,1.1738,10.40,52.80
2007.09.24 14:03:02.337,1.1736,1.1738,18.40,48.80
2007.09.24 14:03:02.717,1.1736,1.1737,18.40,0.80
2007.09.24 14:03:03.378,1.1736,1.1737,10.40,0.80
2007.09.24 14:03:03.447,1.1736,1.1737,11.20,0.80
2007.09.24 14:03:04.223,1.1736,1.1737,11.20,8.80
2007.09.24 14:03:04.754,1.1736,1.1737,11.20,11.20
2007.09.24 14:03:10.652,1.1736,1.1737,11.20,12.80
2007.09.24 14:03:12.612,1.1736,1.1737,12.80,12.80
2007.09.24 14:03:16.189,1.1736,1.1737,12.80,4.80
2007.09.24 14:03:16.353,1.1736,1.1737,20.80,4.80
2007.09.24 14:03:16.363,1.1736,1.1737,20.80,4.00
2007.09.24 14:03:16.722,1.1736,1.1737,20.80,1.60
2007.09.24 14:03:16.769,1.1736,1.1737,24.80,1.60
2007.09.24 14:03:17.070,1.1736,1.1737,24.80,2.40
2007.09.24 14:03:17.091,1.1736,1.1737,27.20,2.40
2007.09.24 14:03:17.431,1.1736,1.1737,28.00,2.40
2007.09.24 14:03:17.685,1.1736,1.1737,28.80,2.40
2007.09.24 14:03:17.800,1.1736,1.1737,32.80,2.40
2007.09.24 14:03:17.888,1.1736,1.1737,32.80,1.60
2007.09.24 14:03:17.898,1.1736,1.1737,36.80,1.60
2007.09.24 14:03:17.986,1.1736,1.1737,36.00,1.60
2007.09.24 14:03:18.108,1.1736,1.1737,32.00,1.60
2007.09.24 14:03:18.325,1.1736,1.1737,27.20,1.60
2007.09.24 14:03:19.030,1.1736,1.1737,25.60,1.60
2007.09.24 14:03:19.619,1.1736,1.1737,24.80,1.60
2007.09.24 14:03:19.659,1.1736,1.1737,25.60,1.60
2007.09.24 14:03:19.788,1.1737,1.1738,0.10,52.10
2007.09.24 14:03:19.800,1.1737,1.1738,0.10,51.30
2007.09.24 14:03:19.858,1.1737,1.1738,0.10,39.30
2007.09.24 14:03:19.980,1.1737,1.1738,0.10,37.40
2007.09.24 14:03:20.074,1.1737,1.1738,0.10,38.70
2007.09.24 14:03:20.198,1.1737,1.1738,0.10,39.00
2007.09.24 14:03:20.253,1.1737,1.1738,0.10,38.20
2007.09.24 14:03:20.282,1.1737,1.1738,0.10,47.40
2007.09.24 14:03:20.388,1.1737,1.1738,0.10,52.20
2007.09.24 14:03:20.591,1.1736,1.1738,26.40,52.30
2007.09.24 14:03:20.951,1.1736,1.1738,26.40,53.10
2007.09.24 14:03:21.117,1.1736,1.1738,26.40,53.20
2007.09.24 14:03:21.233,1.1736,1.1738,25.60,53.20
2007.09.24 14:03:21.945,1.1736,1.1738,25.60,54.80
2007.09.24 14:03:22.137,1.1736,1.1738,24.80,54.80
2007.09.24 14:03:23.160,1.1736,1.1738,24.80,54.00
2007.09.24 14:03:23.383,1.1736,1.1738,26.40,54.00
2007.09.24 14:03:23.487,1.1736,1.1738,26.40,50.00
2007.09.24 14:03:24.217,1.1736,1.1738,26.40,46.00
2007.09.24 14:03:24.841,1.1736,1.1738,26.40,50.00
2007.09.24 14:03:25.153,1.1736,1.1738,28.00,50.00
2007.09.24 14:03:25.622,1.1736,1.1738,29.60,50.00
2007.09.24 14:03:25.677,1.1736,1.1738,29.60,49.60
2007.09.24 14:03:26.183,1.1736,1.1738,29.60,49.70
2007.09.24 14:03:27.128,1.1736,1.1738,28.80,49.70
2007.09.24 14:03:27.634,1.1736,1.1738,28.80,50.00
2007.09.24 14:03:28.263,1.1736,1.1738,28.00,50.00
2007.09.24 14:03:28.453,1.1736,1.1738,27.20,50.00
2007.09.24 14:03:28.675,1.1736,1.1738,27.20,50.10
2007.09.24 14:03:30.419,1.1736,1.1738,27.20,49.30
2007.09.24 14:03:30.970,1.1736,1.1738,26.40,49.30
2007.09.24 14:03:34.386,1.1736,1.1738,26.40,49.60
2007.09.24 14:03:34.640,1.1736,1.1738,27.20,49.60
2007.09.24 14:03:36.239,1.1736,1.1738,27.20,50.40
2007.09.24 14:03:36.647,1.1736,1.1738,27.20,51.20
2007.09.24 14:03:36.956,1.1736,1.1738,19.20,43.20
2007.09.24 14:03:37.369,1.1736,1.1738,19.20,51.20
2007.09.24 14:03:37.484,1.1736,1.1738,18.40,51.20
2007.09.24 14:03:37.708,1.1736,1.1738,13.60,55.20
2007.09.24 14:03:37.796,1.1736,1.1738,14.40,55.20
2007.09.24 14:03:38.750,1.1736,1.1738,13.60,55.20
2007.09.24 14:03:38.771,1.1736,1.1737,13.60,0.80
2007.09.24 14:03:40.364,1.1736,1.1737,14.40,0.80
2007.09.24 14:03:40.568,1.1736,1.1737,13.60,0.80
2007.09.24 14:03:40.705,1.1736,1.1737,14.40,0.80
2007.09.24 14:03:40.826,1.1736,1.1737,14.40,0.80
2007.09.24 14:03:41.115,1.1736,1.1738,14.40,0.90
2007.09.24 14:03:41.829,1.1736,1.17385,14.40,52.00
2007.09.24 14:03:42.185,1.1736,1.1738,14.40,0.80
2007.09.24 14:03:42.364,1.1736,1.1738,14.40,0.90
2007.09.24 14:03:42.546,1.1736,1.17385,15.20,60.80
2007.09.24 14:03:43.568,1.1736,1.1738,15.20,56.00
2007.09.24 14:03:43.955,1.1736,1.1738,14.40,56.00
2007.09.24 14:03:44.750,1.1736,1.1738,13.60,56.00
2007.09.24 14:03:46.720,1.1736,1.1737,14.40,0.80
2007.09.24 14:03:46.999,1.1736,1.1737,15.20,0.80
2007.09.24 14:03:47.713,1.1736,1.17375,14.40,2.40
2007.09.24 14:03:48.037,1.1736,1.17375,15.20,2.40
2007.09.24 14:03:48.339,1.1736,1.1738,15.20,55.10
2007.09.24 14:03:50.146,1.1736,1.17375,15.20,0.80
2007.09.24 14:03:50.344,1.1736,1.17375,14.40,0.80
2007.09.24 14:03:50.990,1.1736,1.17375,15.20,0.80
2007.09.24 14:03:51.541,1.1736,1.1738,14.40,47.20
2007.09.24 14:03:51.671,1.1736,1.17375,15.20,0.80
2007.09.24 14:03:52.396,1.1736,1.17375,23.20,0.80
2007.09.24 14:03:52.545,1.1736,1.1738,23.20,0.90
2007.09.24 14:03:52.696,1.1736,1.17385,23.20,60.00
2007.09.24 14:03:52.797,1.1736,1.17385,27.20,55.80
2007.09.24 14:03:53.129,1.1736,1.17385,27.20,56.60
2007.09.24 14:03:53.240,1.1736,1.17385,19.20,48.40
2007.09.24 14:03:53.360,1.1736,1.17385,28.00,56.40
2007.09.24 14:03:53.385,1.1736,1.1738,28.80,0.60
2007.09.24 14:03:53.562,1.1736,1.1738,28.80,0.80
2007.09.24 14:03:54.219,1.1736,1.17385,28.80,56.40
2007.09.24 14:03:54.653,1.1736,1.17385,28.00,56.40
2007.09.24 14:03:54.753,1.1736,1.17385,27.20,56.80
2007.09.24 14:03:54.835,1.1736,1.1738,22.40,0.50
2007.09.24 14:03:55.378,1.1736,1.17385,14.40,56.80
2007.09.24 14:03:55.389,1.1736,1.17375,14.40,0.80
2007.09.24 14:03:55.602,1.1736,1.17375,14.40,1.60
2007.09.24 14:03:55.615,1.1736,1.17375,13.60,1.60
2007.09.24 14:03:57.233,1.1736,1.1737,14.40,0.80
2007.09.24 14:04:01.057,1.1736,1.17375,13.60,2.40
2007.09.24 14:04:01.187,1.1736,1.17375,14.40,2.40
2007.09.24 14:04:05.254,1.1736,1.1737,13.60,0.80
2007.09.24 14:04:06.220,1.1736,1.1737,13.60,0.90
2007.09.24 14:04:06.384,1.1736,1.1737,13.60,0.60
2007.09.24 14:04:06.716,1.1736,1.17375,13.60,20.80
2007.09.24 14:04:08.689,1.1736,1.17375,13.60,7.20
2007.09.24 14:04:08.716,1.1736,1.17375,13.60,5.60
2007.09.24 14:04:09.028,1.1736,1.17375,14.40,3.20
2007.09.24 14:04:09.704,1.1736,1.17375,18.40,1.60
2007.09.24 14:04:09.934,1.1736,1.1737,26.40,0.80
2007.09.24 14:04:10.202,1.1736,1.1737,32.00,0.80
2007.09.24 14:04:10.339,1.1736,1.1737,36.00,0.80
2007.09.24 14:04:10.662,1.1736,1.1737,36.80,0.80
2007.09.24 14:04:10.734,1.1737,1.1738,2.40,44.80
2007.09.24 14:04:10.783,1.1737,1.1738,2.40,37.60
2007.09.24 14:04:10.864,1.1737,1.1738,2.40,25.60
2007.09.24 14:04:11.815,1.1737,1.1738,2.40,25.50
2007.09.24 14:04:11.908,1.1737,1.1738,2.40,25.30
2007.09.24 14:04:12.256,1.1736,1.1738,37.60,43.30
2007.09.24 14:04:12.350,1.1736,1.1738,36.00,43.30
2007.09.24 14:04:12.386,1.1736,1.1738,31.20,43.30
2007.09.24 14:04:12.486,1.1736,1.1738,31.20,44.20
2007.09.24 14:04:12.542,1.1736,1.1738,30.40,44.20
2007.09.24 14:04:12.800,1.1736,1.1738,26.40,48.40
2007.09.24 14:04:14.070,1.1736,1.1738,26.40,49.20
2007.09.24 14:04:14.271,1.1736,1.1738,26.40,50.00
2007.09.24 14:04:14.386,1.1736,1.1738,26.40,50.80
2007.09.24 14:04:14.716,1.1736,1.1738,25.60,50.80
2007.09.24 14:04:14.779,1.1736,1.1738,25.60,51.60
2007.09.24 14:04:14.826,1.1736,1.1738,21.60,55.60
2007.09.24 14:04:15.018,1.1736,1.1738,21.60,56.00
2007.09.24 14:04:15.263,1.1736,1.1738,13.60,52.00
2007.09.24 14:04:15.564,1.1736,1.1737,13.60,0.80
2007.09.24 14:04:16.010,1.1736,1.1737,21.60,0.80
2007.09.24 14:04:16.342,1.1736,1.1737,13.60,0.80
2007.09.24 14:04:16.652,1.1736,1.1737,14.40,0.80
2007.09.24 14:04:16.775,1.1736,1.1737,18.40,0.80
2007.09.24 14:04:16.987,1.1736,1.1737,26.40,0.80
2007.09.24 14:04:17.212,1.1736,1.1738,26.40,51.50
2007.09.24 14:04:17.399,1.1736,1.1738,26.40,51.00
2007.09.24 14:04:18.256,1.1736,1.1738,18.40,43.00
2007.09.24 14:04:18.924,1.1736,1.1738,26.40,51.00
2007.09.24 14:04:19.237,1.1736,1.1738,18.40,43.00
2007.09.24 14:04:19.875,1.1736,1.1738,18.40,43.10
2007.09.24 14:04:20.321,1.1736,1.1738,26.40,51.10
2007.09.24 14:04:20.849,1.1736,1.1738,26.40,51.90
2007.09.24 14:04:21.373,1.1736,1.1738,18.40,43.90
2007.09.24 14:04:22.801,1.1736,1.1737,18.40,0.80
2007.09.24 14:04:23.262,1.1736,1.1737,26.40,0.80
2007.09.24 14:04:25.348,1.1736,1.1737,18.40,0.80
2007.09.24 14:04:26.771,1.1736,1.1738,18.40,43.90
2007.09.24 14:04:27.580,1.1736,1.1737,18.40,0.80
2007.09.24 14:04:29.095,1.1736,1.1737,19.20,0.80
2007.09.24 14:04:29.318,1.1736,1.1737,23.20,0.80
2007.09.24 14:04:29.413,1.1736,1.1737,31.80,0.80
2007.09.24 14:04:29.579,1.1736,1.1737,32.60,0.80
2007.09.24 14:04:30.058,1.1736,1.1737,32.60,0.80
2007.09.24 14:04:30.174,1.1736,1.1737,28.60,0.80
2007.09.24 14:04:30.832,1.1736,1.1738,28.60,42.60
2007.09.24 14:04:30.966,1.1736,1.1738,28.60,43.00
2007.09.24 14:04:32.432,1.1736,1.1738,27.80,43.20
2007.09.24 14:04:32.660,1.1736,1.1738,27.00,44.00
2007.09.24 14:04:32.772,1.1736,1.1738,26.40,44.00
2007.09.24 14:04:33.277,1.1736,1.17375,25.60,0.80
2007.09.24 14:04:33.333,1.1736,1.17375,21.60,0.80
2007.09.24 14:04:34.143,1.1736,1.17375,25.60,0.80
2007.09.24 14:04:34.689,1.1736,1.17375,21.60,0.80
2007.09.24 14:04:34.831,1.1736,1.1737,21.60,0.80
2007.09.24 14:04:36.459,1.1736,1.17375,21.60,1.60
2007.09.24 14:04:38.234,1.1736,1.17375,26.40,1.60
2007.09.24 14:04:38.283,1.1736,1.17375,26.40,0.80
2007.09.24 14:04:38.549,1.1736,1.17375,28.00,0.80
2007.09.24 14:04:38.586,1.17365,1.17375,0.80,0.80
2007.09.24 14:04:39.147,1.17365,1.1738,1.60,40.50
2007.09.24 14:04:39.950,1.17365,1.1738,1.60,40.70
2007.09.24 14:04:40.059,1.17365,1.1738,0.50,40.70
2007.09.24 14:04:40.229,1.17365,1.1738,1.40,40.70
2007.09.24 14:04:40.287,1.17365,1.1738,0.90,38.00
2007.09.24 14:04:40.392,1.1736,1.1738,40.60,37.60
2007.09.24 14:04:40.743,1.1737,1.1738,0.50,37.60
2007.09.24 14:04:40.812,1.17365,1.1738,5.60,25.60
2007.09.24 14:04:41.229,1.1737,1.1738,1.40,17.60
2007.09.24 14:04:41.255,1.17365,1.1738,2.40,7.20
2007.09.24 14:04:41.548,1.1736,1.1738,44.60,7.20
2007.09.24 14:04:41.696,1.1736,1.1738,45.40,7.20
2007.09.24 14:04:42.050,1.1736,1.1738,45.40,6.40
2007.09.24 14:04:42.186,1.1737,1.1738,2.20,6.40
2007.09.24 14:04:42.212,1.17365,1.1738,14.40,6.10
2007.09.24 14:04:42.964,1.17365,1.1738,14.40,6.90
2007.09.24 14:04:44.039,1.17365,1.1738,14.40,7.20
2007.09.24 14:04:48.771,1.17365,1.1738,14.40,7.50
2007.09.24 14:04:49.211,1.1736,1.1738,42.40,9.40
2007.09.24 14:04:49.252,1.1737,1.1738,2.10,17.40
2007.09.24 14:04:49.526,1.1737,1.1738,1.80,17.40
2007.09.24 14:04:49.571,1.17365,1.1738,8.00,17.40
2007.09.24 14:04:49.609,1.1737,1.1738,1.60,17.40
2007.09.24 14:04:49.668,1.17365,1.1738,1.60,9.40
2007.09.24 14:04:49.959,1.1737,1.1738,0.80,9.50
2007.09.24 14:04:49.967,1.17365,1.1738,0.90,9.50
2007.09.24 14:04:50.475,1.17365,1.1738,1.10,9.60
2007.09.24 14:04:52.264,1.17365,1.1738,0.50,7.60
2007.09.24 14:04:52.482,1.1736,1.1738,42.40,7.40
2007.09.24 14:04:52.703,1.1736,1.1738,44.00,9.00
2007.09.24 14:04:52.822,1.17365,1.1738,0.60,10.90
2007.09.24 14:04:53.079,1.17365,1.1738,1.20,11.10
2007.09.24 14:04:53.257,1.17365,1.1738,0.60,19.10
2007.09.24 14:04:53.284,1.17365,1.1738,0.80,27.10
2007.09.24 14:04:53.355,1.1736,1.1738,37.60,35.10
2007.09.24 14:04:53.563,1.17365,1.1738,0.50,34.80
2007.09.24 14:04:53.754,1.17365,1.1738,0.50,37.20
2007.09.24 14:04:53.891,1.17365,1.1738,1.10,49.20
2007.09.24 14:04:54.331,1.1736,1.1738,37.60,41.20
2007.09.24 14:04:54.534,1.1736,1.1738,37.60,41.20
2007.09.24 14:04:54.789,1.1736,1.1738,32.80,41.20
2007.09.24 14:04:54.977,1.17365,1.1738,0.80,45.20
2007.09.24 14:04:55.320,1.1736,1.1738,32.00,37.20
2007.09.24 14:04:55.774,1.17365,1.1738,0.80,41.20
2007.09.24 14:04:56.196,1.1737,1.1738,2.40,41.20
2007.09.24 14:04:56.403,1.17365,1.1738,5.60,45.20
2007.09.24 14:04:56.504,1.1737,1.1738,1.00,45.10
2007.09.24 14:04:56.714,1.1736,1.1738,32.80,49.10
2007.09.24 14:04:56.739,1.17365,1.1738,0.80,49.10
2007.09.24 14:04:56.823,1.1736,1.1738,32.80,45.10
2007.09.24 14:04:57.036,1.1736,1.1738,32.80,45.40
2007.09.24 14:04:57.767,1.1736,1.1738,28.80,49.40
2007.09.24 14:04:58.218,1.17365,1.1738,4.80,45.40
2007.09.24 14:04:58.430,1.17365,1.1738,5.60,37.40
2007.09.24 14:04:58.539,1.1737,1.1738,1.70,37.20
2007.09.24 14:04:58.690,1.1737,1.1738,2.90,37.20
2007.09.24 14:04:58.738,1.17365,1.1738,8.00,29.20
2007.09.24 14:04:58.854,1.17365,1.1738,8.00,25.20
2007.09.24 14:04:59.064,1.1737,1.1738,3.00,25.20
2007.09.24 14:05:00.020,1.17365,1.1738,8.00,25.00
2007.09.24 14:05:00.544,1.17365,1.1738,8.00,25.20
2007.09.24 14:05:00.662,1.1737,1.1738,1.60,29.20
2007.09.24 14:05:00.739,1.1736,1.1738,42.40,29.20
2007.09.24 14:05:00.771,1.1736,1.1738,33.60,37.20
2007.09.24 14:05:00.805,1.17355,1.1738,37.60,37.20
2007.09.24 14:05:00.878,1.17355,1.1738,37.60,45.20
2007.09.24 14:05:00.972,1.1736,1.1738,4.50,45.60
2007.09.24 14:05:01.090,1.17355,1.1738,36.80,45.60
2007.09.24 14:05:01.881,1.17355,1.1738,32.80,49.60
2007.09.24 14:05:01.981,1.1736,1.1738,2.00,44.80
2007.09.24 14:05:02.089,1.1736,1.1738,7.50,44.00
2007.09.24 14:05:02.178,1.1736,1.1738,28.00,44.00
2007.09.24 14:05:02.210,1.17365,1.1738,1.10,40.80
2007.09.24 14:05:02.295,1.1737,1.1738,0.90,28.50
2007.09.24 14:05:02.611,1.17365,1.1738,6.40,20.50
2007.09.24 14:05:02.683,1.17365,1.1738,8.80,20.50
2007.09.24 14:05:02.726,1.1737,1.1738,0.80,16.50
2007.09.24 14:05:02.942,1.1737,1.1738,1.60,12.50
2007.09.24 14:05:03.157,1.1737,1.1738,4.10,12.50
2007.09.24 14:05:03.203,1.1737,1.1738,4.30,2.10
2007.09.24 14:05:03.293,1.17365,1.1738,14.40,2.10
2007.09.24 14:05:03.585,1.1737,1.1738,3.00,2.10
2007.09.24 14:05:03.639,1.1737,1.1738,1.90,1.30
2007.09.24 14:05:04.017,1.17365,1.1738,10.40,1.30
2007.09.24 14:05:05.085,1.17365,1.1738,14.40,1.30
2007.09.24 14:05:05.277,1.1737,1.1738,1.20,2.10
2007.09.24 14:05:06.136,1.1737,1.1738,3.60,2.40
2007.09.24 14:05:06.994,1.17365,1.1738,14.40,3.20
2007.09.24 14:05:07.105,1.17365,1.1738,14.40,3.70
2007.09.24 14:05:07.225,1.1737,1.1738,6.60,4.40
2007.09.24 14:05:07.332,1.1737,1.1738,3.90,4.80
2007.09.24 14:05:07.494,1.1737,1.1738,8.00,5.60
2007.09.24 14:05:07.545,1.1737,1.1738,7.20,13.60
2007.09.24 14:05:07.815,1.1737,1.1738,7.20,16.00
2007.09.24 14:05:07.851,1.1737,1.1738,6.40,16.00
2007.09.24 14:05:08.115,1.1737,1.1738,6.40,20.00
2007.09.24 14:05:12.343,1.1737,1.1738,6.40,19.60
2007.09.24 14:05:12.875,1.1737,1.1738,6.40,27.60
2007.09.24 14:05:13.303,1.1737,1.1738,6.40,19.60
2007.09.24 14:05:14.650,1.1737,1.1738,6.40,18.80
2007.09.24 14:05:14.764,1.1737,1.1738,6.40,18.10
2007.09.24 14:05:16.584,1.1737,1.1738,6.40,18.30
2007.09.24 14:05:16.905,1.1737,1.1738,6.40,18.40
2007.09.24 14:05:17.130,1.1737,1.1738,6.40,18.60
2007.09.24 14:05:17.256,1.1737,1.1738,6.40,19.90
2007.09.24 14:05:17.658,1.1737,1.1738,6.40,19.60
2007.09.24 14:05:17.886,1.1737,1.1738,6.40,19.20
2007.09.24 14:05:18.091,1.1737,1.1738,6.40,18.40
2007.09.24 14:05:18.194,1.1737,1.1738,6.40,18.20
2007.09.24 14:05:19.273,1.1737,1.1738,6.40,26.20
2007.09.24 14:05:20.235,1.1737,1.1738,10.40,22.20
2007.09.24 14:05:21.291,1.1737,1.1738,10.40,14.20
2007.09.24 14:05:23.387,1.1737,1.17385,10.40,16.60
2007.09.24 14:05:31.164,1.1737,1.1738,11.20,12.80
2007.09.24 14:05:31.284,1.1737,1.1738,11.20,11.50
2007.09.24 14:05:31.703,1.1737,1.1738,11.20,1.10
2007.09.24 14:05:31.728,1.1737,1.1738,12.00,1.00
2007.09.24 14:05:31.815,1.1737,1.1738,12.80,1.00
2007.09.24 14:05:31.834,1.1737,1.1738,16.80,0.80
2007.09.24 14:05:32.048,1.1737,1.1738,24.80,0.80
2007.09.24 14:05:32.059,1.1737,1.1738,25.60,0.80
2007.09.24 14:05:32.364,1.1737,1.1738,17.60,0.80
2007.09.24 14:05:33.764,1.1737,1.1738,17.60,1.20
2007.09.24 14:05:33.981,1.1737,1.1738,17.60,1.40
2007.09.24 14:05:34.406,1.1737,1.1738,17.60,2.00
2007.09.24 14:05:34.509,1.1737,1.1738,17.60,2.80
2007.09.24 14:05:35.314,1.1737,1.1738,16.80,2.80
2007.09.24 14:05:35.418,1.1737,1.1738,17.60,2.80
2007.09.24 14:05:35.693,1.1737,1.1738,13.60,3.10
2007.09.24 14:05:35.801,1.1737,1.1738,12.80,3.10
2007.09.24 14:05:35.828,1.1737,1.1738,12.00,3.10
2007.09.24 14:05:36.131,1.1737,1.1738,11.20,5.30
2007.09.24 14:05:36.223,1.1737,1.1738,7.20,10.30
2007.09.24 14:05:36.242,1.1737,1.1738,7.20,18.30
2007.09.24 14:05:36.334,1.1737,1.1738,7.20,26.30
2007.09.24 14:05:36.396,1.1737,1.1738,6.40,26.30
2007.09.24 14:05:36.443,1.1737,1.1738,6.40,18.30
2007.09.24 14:05:36.757,1.1737,1.1738,6.40,18.40
2007.09.24 14:05:36.852,1.1737,1.1738,6.40,20.80
2007.09.24 14:05:37.186,1.1737,1.1738,6.40,20.90
2007.09.24 14:05:40.683,1.1737,1.1738,6.40,20.80
2007.09.24 14:05:41.107,1.1737,1.1738,6.40,20.00
2007.09.24 14:05:41.200,1.1737,1.1738,10.40,16.00
2007.09.24 14:05:41.222,1.1737,1.1738,10.40,13.60
2007.09.24 14:05:41.322,1.1737,1.1738,10.40,12.40
2007.09.24 14:05:41.523,1.1737,1.1738,10.40,11.80
2007.09.24 14:05:41.631,1.1737,1.1738,10.40,11.40
2007.09.24 14:05:42.250,1.1737,1.1738,10.40,11.20
2007.09.24 14:05:43.092,1.1737,1.1738,10.40,12.80
2007.09.24 14:05:43.201,1.1737,1.1738,10.40,13.20
2007.09.24 14:05:43.803,1.1737,1.1738,10.40,15.60
2007.09.24 14:05:44.038,1.1737,1.1738,10.40,15.80
2007.09.24 14:05:44.805,1.1737,1.1738,10.40,15.40
2007.09.24 14:05:44.924,1.1737,1.1738,10.40,14.90
2007.09.24 14:05:45.224,1.1737,1.1738,10.40,14.70
2007.09.24 14:05:45.656,1.1737,1.1738,10.40,13.90
2007.09.24 14:05:45.757,1.1737,1.1738,10.40,13.60
2007.09.24 14:05:45.872,1.1737,1.1738,10.40,13.40
2007.09.24 14:05:46.271,1.1737,1.1738,10.40,11.00
2007.09.24 14:05:49.999,1.1737,1.1738,10.40,12.00
2007.09.24 14:05:50.113,1.1737,1.1738,10.40,12.60
2007.09.24 14:05:50.438,1.1737,1.1738,6.40,12.60
2007.09.24 14:05:50.462,1.1737,1.1738,6.40,16.60
2007.09.24 14:05:50.680,1.1737,1.1738,6.40,19.00
2007.09.24 14:05:51.359,1.1737,1.1738,6.40,27.40
2007.09.24 14:05:52.807,1.1737,1.1738,6.40,27.00
2007.09.24 14:05:54.503,1.1737,1.1738,10.40,23.00
2007.09.24 14:05:54.894,1.1737,1.1738,10.40,15.00
2007.09.24 14:05:55.341,1.1737,1.1738,10.40,23.00
2007.09.24 14:05:55.851,1.1737,1.1738,10.40,15.00
2007.09.24 14:05:58.400,1.1737,1.1738,6.40,19.00
2007.09.24 14:05:58.506,1.1737,1.1738,6.40,18.80
2007.09.24 14:05:59.346,1.1737,1.1738,6.40,19.20
2007.09.24 14:05:59.655,1.1737,1.1738,10.40,15.20
2007.09.24 14:05:59.754,1.1737,1.1738,10.40,14.90
2007.09.24 14:06:01.346,1.1737,1.1738,10.40,15.30
2007.09.24 14:06:03.167,1.1737,1.1738,10.40,14.00
2007.09.24 14:06:03.277,1.1737,1.1738,10.40,14.00
2007.09.24 14:06:03.688,1.1737,1.1738,6.40,18.00
2007.09.24 14:06:03.807,1.1737,1.1738,6.40,18.20
2007.09.24 14:06:04.326,1.1737,1.1738,6.40,18.40
2007.09.24 14:06:05.257,1.1737,1.1738,6.40,18.50
2007.09.24 14:06:05.780,1.1737,1.1738,6.40,18.70
2007.09.24 14:06:06.003,1.1737,1.1738,6.40,18.80
2007.09.24 14:06:07.365,1.1737,1.1738,6.40,26.80
2007.09.24 14:06:08.307,1.1737,1.1738,6.40,19.20
2007.09.24 14:06:08.420,1.1737,1.1738,6.40,19.30
2007.09.24 14:06:11.213,1.1737,1.1738,10.40,15.30
2007.09.24 14:06:13.002,1.1737,1.1738,10.40,15.50
2007.09.24 14:06:16.876,1.1737,1.1738,10.40,15.40
2007.09.24 14:06:21.316,1.1737,1.1738,10.40,23.40
2007.09.24 14:06:23.089,1.1737,1.1738,10.40,24.20
2007.09.24 14:06:23.199,1.1737,1.1738,6.40,25.00
2007.09.24 14:06:23.314,1.1737,1.1738,2.40,29.00
2007.09.24 14:06:23.427,1.1737,1.1738,2.40,29.20
2007.09.24 14:06:23.628,1.1737,1.1738,2.40,33.20
2007.09.24 14:06:24.199,1.1737,1.17375,2.40,1.60
2007.09.24 14:06:24.268,1.1736,1.1737,22.40,10.50
2007.09.24 14:06:24.309,1.1736,1.1737,23.20,12.90
2007.09.24 14:06:24.371,1.1736,1.1737,15.20,13.00
2007.09.24 14:06:24.551,1.1736,1.1737,15.20,13.80
2007.09.24 14:06:24.693,1.1736,1.1737,15.20,13.40
2007.09.24 14:06:24.717,1.1736,1.1737,15.20,5.40
2007.09.24 14:06:24.775,1.1736,1.1737,14.40,5.40
2007.09.24 14:06:24.843,1.1736,1.1737,14.40,3.00
2007.09.24 14:06:25.015,1.1736,1.1737,10.40,3.00
2007.09.24 14:06:27.428,1.1736,1.1737,10.40,2.90
2007.09.24 14:06:28.070,1.1736,1.1737,10.40,2.60
2007.09.24 14:06:28.184,1.1736,1.1737,10.40,10.60
2007.09.24 14:06:28.762,1.1736,1.17375,10.40,13.80
2007.09.24 14:06:29.199,1.1736,1.1737,10.40,0.60
2007.09.24 14:06:35.255,1.1736,1.1737,8.00,13.00
2007.09.24 14:06:35.274,1.17355,1.1737,1.60,30.50
2007.09.24 14:06:36.004,1.17355,1.1737,1.60,30.70
2007.09.24 14:06:36.433,1.17355,1.1737,1.60,30.80
2007.09.24 14:06:36.752,1.1736,1.1737,4.00,21.80
2007.09.24 14:06:36.845,1.1736,1.1737,4.00,21.20
2007.09.24 14:06:36.964,1.1736,1.1737,4.00,21.00
2007.09.24 14:06:37.056,1.1736,1.1737,8.00,21.00
2007.09.24 14:06:37.194,1.1736,1.1737,10.40,21.00
2007.09.24 14:06:37.280,1.1736,1.1737,10.40,17.00
2007.09.24 14:06:37.695,1.1736,1.1737,6.40,21.00
2007.09.24 14:06:37.717,1.1736,1.1737,4.00,21.00
2007.09.24 14:06:37.827,1.17355,1.1737,1.60,30.00
2007.09.24 14:06:37.937,1.17355,1.1737,1.60,38.00
2007.09.24 14:06:38.014,1.17355,1.1737,1.60,38.40
2007.09.24 14:06:38.102,1.17355,1.1736,1.60,0.80
2007.09.24 14:06:38.247,1.1736,1.1737,4.00,29.50
2007.09.24 14:06:38.921,1.1736,1.1737,4.00,21.00
2007.09.24 14:06:39.102,1.1736,1.1737,8.00,21.00
2007.09.24 14:06:39.265,1.1736,1.1737,8.80,21.00
2007.09.24 14:06:39.368,1.1736,1.1737,9.60,20.70
2007.09.24 14:06:39.530,1.1736,1.1737,9.60,21.00
2007.09.24 14:06:39.741,1.1736,1.1737,10.40,21.00
2007.09.24 14:06:39.876,1.1736,1.1737,12.80,21.00
2007.09.24 14:06:39.907,1.1736,1.1737,12.80,13.00
2007.09.24 14:06:42.234,1.1736,1.1737,12.00,13.00
2007.09.24 14:06:42.976,1.1736,1.1737,20.00,13.00
2007.09.24 14:06:43.112,1.1736,1.1737,20.00,12.70
2007.09.24 14:06:43.403,1.1736,1.1737,12.00,12.70
2007.09.24 14:06:43.627,1.1736,1.1737,20.00,12.70
2007.09.24 14:06:44.376,1.1736,1.1737,12.00,12.70
2007.09.24 14:06:44.789,1.1736,1.1737,11.20,12.70
2007.09.24 14:06:44.871,1.1736,1.1737,11.20,13.00
2007.09.24 14:06:44.997,1.1736,1.1737,11.20,13.10
2007.09.24 14:06:45.347,1.1736,1.1737,10.40,13.10
2007.09.24 14:06:46.801,1.17355,1.1737,12.00,13.10
2007.09.24 14:06:47.080,1.17355,1.1737,12.00,12.80
2007.09.24 14:06:47.216,1.1736,1.1737,3.50,16.80
2007.09.24 14:06:47.311,1.17355,1.1737,8.00,32.40
2007.09.24 14:06:47.512,1.17355,1.1737,8.00,32.40
2007.09.24 14:06:47.675,1.17355,1.17365,8.00,2.40
2007.09.24 14:06:47.734,1.1736,1.17365,0.80,2.40
2007.09.24 14:06:47.774,1.1735,1.1736,39.80,2.40
2007.09.24 14:06:47.790,1.17355,1.1736,0.50,3.20
2007.09.24 14:06:48.200,1.1735,1.1736,34.20,3.20
2007.09.24 14:06:48.289,1.1736,1.1737,0.80,31.80
2007.09.24 14:06:48.501,1.1736,1.1737,0.90,23.80
2007.09.24 14:06:48.523,1.1736,1.1737,0.60,23.80
2007.09.24 14:06:48.702,1.17355,1.1737,6.40,23.90
2007.09.24 14:06:48.804,1.17355,1.1737,6.40,20.40
2007.09.24 14:06:48.915,1.1736,1.1737,2.30,20.90
2007.09.24 14:06:49.026,1.17355,1.1737,5.60,20.60
2007.09.24 14:06:49.139,1.17355,1.1737,5.60,20.30
2007.09.24 14:06:49.245,1.17355,1.1737,5.60,20.60
2007.09.24 14:06:49.989,1.1736,1.1737,0.70,20.70
2007.09.24 14:06:51.804,1.1736,1.1737,2.10,20.70
2007.09.24 14:06:52.260,1.17355,1.1737,14.40,19.50
2007.09.24 14:06:52.351,1.17355,1.1737,14.40,19.20
2007.09.24 14:06:52.883,1.17355,1.1737,14.40,19.70
2007.09.24 14:06:53.186,1.1736,1.1737,12.80,11.70
2007.09.24 14:06:53.401,1.1736,1.1737,13.60,10.90
2007.09.24 14:06:53.699,1.17365,1.1737,0.80,8.50
2007.09.24 14:06:53.711,1.17365,1.1737,0.80,0.50
2007.09.24 14:06:53.975,1.17355,1.1737,26.40,0.50
2007.09.24 14:06:54.096,1.1736,1.1737,9.30,1.30
2007.09.24 14:06:55.496,1.1736,1.1737,6.90,1.30
2007.09.24 14:06:57.932,1.1736,1.1737,4.00,1.30
2007.09.24 14:06:58.266,1.1736,1.1737,2.80,1.30
2007.09.24 14:07:00.973,1.1736,1.1737,7.80,1.40
2007.09.24 14:07:01.069,1.17355,1.1737,25.60,1.30
2007.09.24 14:07:01.180,1.17355,1.1737,24.80,0.80
2007.09.24 14:07:01.491,1.17355,1.1737,24.80,1.30
2007.09.24 14:07:04.056,1.1736,1.1737,1.80,1.30
2007.09.24 14:07:04.057,1.1736,1.1737,24.80,1.30
2007.09.24 14:07:04.099,1.1736,1.1737,25.60,1.30
2007.09.24 14:07:16.109,1.17365,1.1737,1.60,0.80
2007.09.24 14:07:16.778,1.17365,1.1737,0.80,0.80
2007.09.24 14:07:17.134,1.1736,1.1737,13.60,0.80
2007.09.24 14:07:17.167,1.1736,1.1737,12.80,0.80
2007.09.24 14:07:17.178,1.1736,1.1737,12.00,0.80
2007.09.24 14:07:17.307,1.1736,1.1737,12.80,0.80
2007.09.24 14:07:18.140,1.1736,1.1737,12.80,2.80
2007.09.24 14:07:18.211,1.1736,1.1737,12.80,10.80
2007.09.24 14:07:18.226,1.1736,1.1737,8.80,14.80
2007.09.24 14:07:18.339,1.1736,1.1737,8.80,22.80
2007.09.24 14:07:18.714,1.1736,1.1737,8.80,25.20
2007.09.24 14:07:19.228,1.1736,1.1737,8.80,14.80
2007.09.24 14:07:19.286,1.1736,1.1737,12.80,10.80
2007.09.24 14:07:19.393,1.1736,1.1737,12.80,2.80
2007.09.24 14:07:19.725,1.1736,1.1737,8.00,3.90
2007.09.24 14:07:19.746,1.1736,1.1737,7.20,3.90
2007.09.24 14:07:19.834,1.1736,1.1737,3.20,4.40
2007.09.24 14:07:19.921,1.1736,1.1737,3.20,12.40
2007.09.24 14:07:20.123,1.1736,1.1737,2.40,12.40
2007.09.24 14:07:20.244,1.1736,1.1737,2.40,33.60
2007.09.24 14:07:20.265,1.17355,1.1737,0.80,44.00
2007.09.24 14:07:20.475,1.17355,1.1737,0.80,48.00
2007.09.24 14:07:20.483,1.17355,1.1737,0.80,48.40
2007.09.24 14:07:20.511,1.1735,1.1737,27.10,48.40
2007.09.24 14:07:20.590,1.1735,1.1736,27.10,0.80
2007.09.24 14:07:20.973,1.1735,1.1736,23.10,0.80
2007.09.24 14:07:21.392,1.1735,1.1737,23.10,49.30
2007.09.24 14:07:21.610,1.1735,1.1737,23.10,49.70
2007.09.24 14:07:21.926,1.1735,1.1737,15.10,45.70
2007.09.24 14:07:22.220,1.1735,1.1737,15.10,43.70
2007.09.24 14:07:23.070,1.17355,1.1736,1.60,0.80
2007.09.24 14:07:23.737,1.17355,1.1737,1.60,47.60
2007.09.24 14:07:23.760,1.17355,1.1737,0.80,47.60
2007.09.24 14:07:23.830,1.17355,1.1737,0.80,45.40
2007.09.24 14:07:24.139,1.17355,1.1737,0.80,45.70
2007.09.24 14:07:24.251,1.1735,1.1737,26.30,45.70
2007.09.24 14:07:24.265,1.1735,1.1737,30.30,41.70
2007.09.24 14:07:24.675,1.1735,1.1737,27.10,45.70
2007.09.24 14:07:24.882,1.1735,1.1737,27.10,46.50
2007.09.24 14:07:24.990,1.1735,1.1737,23.10,49.70
2007.09.24 14:07:25.207,1.1735,1.1737,22.30,49.20
2007.09.24 14:07:25.612,1.1735,1.1737,22.30,49.70
2007.09.24 14:07:27.702,1.1735,1.1737,23.10,49.70
2007.09.24 14:07:27.835,1.1735,1.1737,27.10,44.00
2007.09.24 14:07:27.924,1.1735,1.1737,31.10,44.00
2007.09.24 14:07:28.220,1.1735,1.1737,31.10,43.30
2007.09.24 14:07:28.254,1.17355,1.1737,0.80,43.30
2007.09.24 14:07:28.329,1.17355,1.1737,0.80,42.50
2007.09.24 14:07:28.659,1.17355,1.1737,0.80,41.80
2007.09.24 14:07:28.728,1.17355,1.1737,1.60,41.80
2007.09.24 14:07:28.879,1.17355,1.1737,1.60,44.20
2007.09.24 14:07:28.986,1.17355,1.1737,1.60,40.20
2007.09.24 14:07:29.160,1.17355,1.1737,1.60,40.50
2007.09.24 14:07:29.912,1.17355,1.1737,1.60,44.50
2007.09.24 14:07:30.641,1.17355,1.1737,1.60,45.30
2007.09.24 14:07:36.629,1.17355,1.1737,1.60,44.50
2007.09.24 14:07:37.050,1.17355,1.1737,1.60,43.60
2007.09.24 14:07:37.165,1.17355,1.1737,1.60,43.40
2007.09.24 14:07:37.260,1.17355,1.1737,1.60,42.90
2007.09.24 14:07:37.364,1.17355,1.1737,1.60,42.60
2007.09.24 14:07:37.778,1.17355,1.1737,1.60,43.60
2007.09.24 14:07:37.891,1.17355,1.1737,1.60,39.60
2007.09.24 14:07:38.651,1.17355,1.1737,1.60,40.40
2007.09.24 14:07:38.743,1.17355,1.1737,1.60,41.60
2007.09.24 14:07:38.801,1.17355,1.1737,0.80,41.60
2007.09.24 14:07:38.889,1.17355,1.1737,0.80,45.60
2007.09.24 14:07:39.063,1.17355,1.1737,0.80,44.80
2007.09.24 14:07:39.189,1.17355,1.1737,0.80,44.50
2007.09.24 14:07:39.272,1.1735,1.1737,28.70,44.50
2007.09.24 14:07:39.327,1.1735,1.1737,24.70,0.60
2007.09.24 14:07:39.495,1.1735,1.17375,28.70,47.70
2007.09.24 14:07:42.350,1.1735,1.1737,27.90,44.50
2007.09.24 14:07:43.823,1.17355,1.1737,0.80,44.50
2007.09.24 14:07:44.104,1.17355,1.1737,1.60,44.50
2007.09.24 14:07:44.225,1.17355,1.1737,1.60,44.40
2007.09.24 14:07:45.237,1.17355,1.1737,1.60,42.00
2007.09.24 14:07:45.356,1.17355,1.1737,1.60,42.30
2007.09.24 14:07:48.271,1.17355,1.1737,1.60,41.20
2007.09.24 14:07:48.666,1.17355,1.1737,1.60,37.20
2007.09.24 14:07:48.849,1.17355,1.1737,1.60,39.60
2007.09.24 14:07:49.086,1.17355,1.1737,1.60,39.90
2007.09.24 14:07:50.584,1.17355,1.1737,1.60,37.50
2007.09.24 14:07:50.696,1.1736,1.1737,2.40,37.50
2007.09.24 14:07:50.746,1.1736,1.1737,2.40,29.50
2007.09.24 14:07:50.956,1.1736,1.1737,2.40,29.20
2007.09.24 14:07:55.418,1.1736,1.1737,2.40,28.90
2007.09.24 14:07:59.250,1.1736,1.1737,2.40,20.90
2007.09.24 14:08:01.339,1.1736,1.1737,2.40,28.90
2007.09.24 14:08:02.154,1.1736,1.1737,6.40,24.90
2007.09.24 14:08:04.239,1.1736,1.1737,2.40,28.90
2007.09.24 14:08:04.953,1.1736,1.1737,2.40,29.20
2007.09.24 14:08:05.979,1.1736,1.1737,2.40,28.60
2007.09.24 14:08:05.990,1.1736,1.1737,5.60,28.60
2007.09.24 14:08:06.103,1.1736,1.1737,5.60,27.50
2007.09.24 14:08:06.204,1.1736,1.1737,11.20,19.50
2007.09.24 14:08:06.281,1.1737,1.17375,2.40,0.80
2007.09.24 14:08:06.321,1.1737,1.17375,2.40,0.80
2007.09.24 14:08:06.419,1.1736,1.1737,22.40,1.40
2007.09.24 14:08:06.716,1.17355,1.1736,0.80,0.20
2007.09.24 14:08:06.791,1.1736,1.1737,10.40,11.80
2007.09.24 14:08:06.839,1.1736,1.1737,14.40,11.80
2007.09.24 14:08:06.916,1.1736,1.1737,14.40,11.80
2007.09.24 14:08:07.796,1.1736,1.1737,10.40,11.80
2007.09.24 14:08:08.112,1.1736,1.1737,10.40,12.00
2007.09.24 14:08:08.206,1.1736,1.1737,10.40,12.30
2007.09.24 14:08:08.327,1.1736,1.1737,10.40,11.60
2007.09.24 14:08:08.435,1.1736,1.1737,10.40,11.20
2007.09.24 14:08:08.751,1.1736,1.1737,24.80,11.20
2007.09.24 14:08:08.762,1.1737,1.17375,2.40,1.60
2007.09.24 14:08:08.862,1.1737,1.17375,2.40,1.60
2007.09.24 14:08:09.432,1.1737,1.1738,2.40,44.20
2007.09.24 14:08:09.833,1.1737,1.1738,2.40,40.50
2007.09.24 14:08:11.290,1.1737,1.1738,2.40,36.50
2007.09.24 14:08:11.403,1.1737,1.1738,2.40,35.70
2007.09.24 14:08:13.998,1.1737,1.1738,3.20,35.70
2007.09.24 14:08:14.180,1.17365,1.1737,1.60,0.80
2007.09.24 14:08:14.286,1.1737,1.1738,0.80,38.90
2007.09.24 14:08:15.156,1.17365,1.1737,0.80,0.80
2007.09.24 14:08:15.259,1.17365,1.1737,1.60,0.80
2007.09.24 14:08:15.903,1.17365,1.1737,1.60,1.30
2007.09.24 14:08:16.021,1.17365,1.1737,1.60,0.80
2007.09.24 14:08:16.254,1.17365,1.1737,0.80,11.20
2007.09.24 14:08:16.403,1.1736,1.1737,15.30,11.20
2007.09.24 14:08:16.655,1.1736,1.1737,15.20,11.20
2007.09.24 14:08:16.741,1.1736,1.1737,11.20,11.20
2007.09.24 14:08:17.383,1.1736,1.1737,11.20,0.60
2007.09.24 14:08:17.389,1.1736,1.1737,11.20,0.60
2007.09.24 14:08:19.701,1.1736,1.1737,16.00,11.40
2007.09.24 14:08:19.745,1.1737,1.17375,2.40,0.80
2007.09.24 14:08:19.790,1.1737,1.17375,2.40,0.80
2007.09.24 14:08:20.126,1.1737,1.1738,2.40,40.80
2007.09.24 14:08:20.210,1.1737,1.1738,2.40,41.60
2007.09.24 14:08:20.560,1.1737,1.1738,2.40,37.60
2007.09.24 14:08:20.614,1.1737,1.1738,2.40,36.80
2007.09.24 14:08:20.865,1.1737,1.1738,2.40,32.50
2007.09.24 14:08:22.421,1.1737,1.1738,3.20,31.70
2007.09.24 14:08:23.152,1.1737,1.1738,11.20,27.70
2007.09.24 14:08:23.247,1.1737,1.1738,11.20,25.30
2007.09.24 14:08:23.320,1.1737,1.1738,11.20,20.60
2007.09.24 14:08:23.418,1.1737,1.1738,11.20,11.20
2007.09.24 14:08:23.725,1.1737,1.1738,11.20,10.60
2007.09.24 14:08:24.872,1.1737,1.1738,11.20,10.40
2007.09.24 14:08:27.399,1.1737,1.1738,11.20,18.40
2007.09.24 14:08:28.001,1.1737,1.1738,11.20,10.40
2007.09.24 14:08:28.314,1.1737,1.1738,11.20,18.40
2007.09.24 14:08:28.635,1.1737,1.1738,10.40,18.40
2007.09.24 14:08:28.970,1.1737,1.1738,10.40,10.40
2007.09.24 14:08:29.061,1.1737,1.1738,10.40,11.20
2007.09.24 14:08:29.178,1.1737,1.1738,10.40,12.90
2007.09.24 14:08:29.297,1.1737,1.1738,6.40,17.60
2007.09.24 14:08:29.435,1.1737,1.1738,6.40,25.60
2007.09.24 14:08:29.526,1.1737,1.1738,6.40,25.80
2007.09.24 14:08:29.753,1.1737,1.1738,6.40,26.60
2007.09.24 14:08:29.777,1.1737,1.1738,6.40,29.80
2007.09.24 14:08:29.847,1.1737,1.1738,2.40,33.80
2007.09.24 14:08:29.952,1.1737,1.1738,2.40,33.90
2007.09.24 14:08:30.021,1.1737,1.1738,2.40,34.70
2007.09.24 14:08:35.304,1.1737,1.1738,2.40,38.70
2007.09.24 14:08:39.187,1.1737,1.1738,2.40,37.90
2007.09.24 14:08:39.287,1.1737,1.1738,2.40,38.70
2007.09.24 14:08:39.387,1.1737,1.1738,2.40,37.90
2007.09.24 14:08:39.687,1.1737,1.1738,2.40,38.70
2007.09.24 14:08:39.819,1.1737,1.1738,2.40,38.60
2007.09.24 14:08:39.937,1.1737,1.1738,2.60,38.40
2007.09.24 14:08:40.551,1.1737,1.1738,2.40,38.40
2007.09.24 14:08:40.983,1.1737,1.1738,2.40,38.40
2007.09.24 14:08:41.516,1.1737,1.1738,2.40,37.40
2007.09.24 14:08:42.290,1.1737,1.1738,2.40,38.20
2007.09.24 14:08:42.663,1.17365,1.17375,1.60,0.80
2007.09.24 14:08:42.782,1.17365,1.17375,0.80,0.80
2007.09.24 14:08:43.007,1.17365,1.1737,0.80,0.80
2007.09.24 14:08:43.061,1.1736,1.1737,19.20,0.80
2007.09.24 14:08:43.257,1.1736,1.1737,16.80,0.80
2007.09.24 14:08:43.977,1.1736,1.1737,12.80,0.80
2007.09.24 14:08:44.317,1.1736,1.1737,11.20,0.80
2007.09.24 14:08:44.719,1.1736,1.1737,11.20,8.80
2007.09.24 14:08:44.812,1.1736,1.1737,11.20,9.60
2007.09.24 14:08:44.903,1.1736,1.1737,11.20,9.80
2007.09.24 14:08:45.232,1.1736,1.1737,11.20,12.20
2007.09.24 14:08:45.437,1.1736,1.1737,11.20,12.00
2007.09.24 14:08:45.531,1.1736,1.1737,11.20,11.60
2007.09.24 14:08:46.060,1.1736,1.1737,11.20,11.60
2007.09.24 14:08:46.157,1.1736,1.1737,11.20,12.00
2007.09.24 14:08:46.694,1.1736,1.1737,10.40,12.00
2007.09.24 14:08:46.787,1.1736,1.1737,10.40,12.80
2007.09.24 14:08:46.812,1.1736,1.1737,2.40,18.30
2007.09.24 14:08:46.908,1.1736,1.1737,3.20,29.40
2007.09.24 14:08:47.128,1.1736,1.1737,2.40,30.00
2007.09.24 14:08:47.221,1.1736,1.1737,6.40,29.40
2007.09.24 14:08:47.305,1.1736,1.1737,6.40,30.20
2007.09.24 14:08:47.363,1.1736,1.1737,10.40,22.50
2007.09.24 14:08:47.449,1.1736,1.1737,10.40,22.80
2007.09.24 14:08:47.657,1.1736,1.1737,11.20,22.80
2007.09.24 14:08:47.789,1.1736,1.1737,11.20,22.40
2007.09.24 14:08:47.884,1.1736,1.1737,11.20,13.80
2007.09.24 14:08:47.988,1.1736,1.1737,11.20,15.40
2007.09.24 14:08:48.496,1.1736,1.1737,11.20,15.30
2007.09.24 14:08:48.615,1.1736,1.1737,11.20,15.20
2007.09.24 14:08:50.693,1.1736,1.1737,12.80,15.20
2007.09.24 14:08:51.174,1.1736,1.1737,12.80,7.20
2007.09.24 14:08:51.275,1.1736,1.1737,12.80,4.00
2007.09.24 14:08:51.318,1.1736,1.1737,12.80,3.20
2007.09.24 14:08:51.510,1.1736,1.1737,12.80,2.40
2007.09.24 14:08:52.057,1.1736,1.1737,12.80,2.80
2007.09.24 14:08:52.209,1.1736,1.1737,12.80,10.80
2007.09.24 14:08:52.579,1.1736,1.1737,12.80,10.60
2007.09.24 14:08:52.693,1.1736,1.1737,12.00,10.60
2007.09.24 14:08:52.724,1.1736,1.1737,12.00,13.00
2007.09.24 14:08:52.806,1.1736,1.1737,3.90,22.40
2007.09.24 14:08:52.831,1.1736,1.1737,3.90,23.20
2007.09.24 14:08:53.019,1.1736,1.1737,4.70,31.20
2007.09.24 14:08:53.112,1.1736,1.1737,4.70,30.60
2007.09.24 14:08:53.217,1.1736,1.1737,8.70,30.60
2007.09.24 14:08:53.366,1.1736,1.1737,12.70,22.60
2007.09.24 14:08:53.389,1.1736,1.1737,12.70,23.40
2007.09.24 14:08:53.437,1.1736,1.1737,12.70,15.40
2007.09.24 14:08:54.008,1.1736,1.1737,12.70,15.20
2007.09.24 14:08:54.203,1.1736,1.1737,12.70,14.40
2007.09.24 14:08:54.272,1.1736,1.1737,12.70,3.20
2007.09.24 14:08:54.442,1.1736,1.1737,12.70,2.40
2007.09.24 14:08:57.068,1.1736,1.1737,10.30,2.40
2007.09.24 14:08:57.672,1.1736,1.1737,9.50,2.40
2007.09.24 14:08:57.783,1.1736,1.1737,2.30,3.60
2007.09.24 14:08:59.246,1.1736,1.1737,2.30,4.40
2007.09.24 14:08:59.265,1.1735,1.1736,43.90,0.80
2007.09.24 14:08:59.371,1.1735,1.1736,16.80,8.80
2007.09.24 14:08:59.405,1.1736,1.1737,2.30,12.00
2007.09.24 14:08:59.426,1.1735,1.1736,14.40,13.60
2007.09.24 14:08:59.682,1.1735,1.1736,10.40,13.60
2007.09.24 14:08:59.737,1.1735,1.1736,10.40,21.60
2007.09.24 14:09:00.254,1.1735,1.1736,10.40,19.20
2007.09.24 14:09:00.340,1.1735,1.1736,10.40,11.20
2007.09.24 14:09:00.351,1.1735,1.1736,12.80,11.20
2007.09.24 14:09:04.216,1.1735,1.1736,13.60,11.20
2007.09.24 14:09:04.428,1.1735,1.1736,21.60,11.20
2007.09.24 14:09:04.433,1.1735,1.1736,22.40,11.20
2007.09.24 14:09:04.641,1.1736,1.17365,0.80,5.60
2007.09.24 14:09:05.146,1.1736,1.17365,0.60,5.60
2007.09.24 14:09:05.184,1.1736,1.17365,2.80,1.60
2007.09.24 14:09:05.265,1.1736,1.17365,2.80,1.60
2007.09.24 14:09:05.445,1.1736,1.17365,2.80,0.80
2007.09.24 14:09:05.713,1.1736,1.1737,2.80,42.10
2007.09.24 14:09:05.878,1.1736,1.1737,2.80,38.10
2007.09.24 14:09:06.148,1.1736,1.1737,2.80,38.00
2007.09.24 14:09:06.615,1.1736,1.1737,0.50,38.00
2007.09.24 14:09:06.789,1.1736,1.1737,0.50,42.00
2007.09.24 14:09:09.177,1.1736,1.1737,0.50,42.40
2007.09.24 14:09:10.006,1.1735,1.1737,28.80,42.40
2007.09.24 14:09:10.109,1.1735,1.1737,28.80,44.80
2007.09.24 14:09:10.318,1.1735,1.17365,16.80,0.80
2007.09.24 14:09:10.335,1.1735,1.17365,28.80,0.80
2007.09.24 14:09:10.430,1.1735,1.17365,12.80,0.80
2007.09.24 14:09:10.835,1.1735,1.17365,12.80,1.60
2007.09.24 14:09:11.239,1.1735,1.1736,12.80,8.00
2007.09.24 14:09:11.742,1.1735,1.1736,12.80,10.40
2007.09.24 14:09:11.945,1.1735,1.1736,12.80,11.20
2007.09.24 14:09:12.290,1.1735,1.1736,12.80,0.80
2007.09.24 14:09:15.267,1.1735,1.1736,12.80,8.80
2007.09.24 14:09:15.455,1.1735,1.1736,12.80,11.20
2007.09.24 14:09:15.671,1.1735,1.1736,12.80,3.20
2007.09.24 14:09:15.768,1.1735,1.1736,12.80,0.80
2007.09.24 14:09:18.234,1.1735,1.1736,12.80,8.80
2007.09.24 14:09:18.746,1.1735,1.1736,12.80,11.20
2007.09.24 14:09:21.787,1.1735,1.1736,12.80,12.00
2007.09.24 14:09:21.796,1.1735,1.1736,12.80,12.80
2007.09.24 14:09:22.009,1.1735,1.1736,12.80,13.60
2007.09.24 14:09:23.285,1.1735,1.1736,2.70,13.60
2007.09.24 14:09:23.398,1.1734,1.1736,42.00,15.20
2007.09.24 14:09:26.382,1.1735,1.1736,9.80,15.20
2007.09.24 14:09:27.422,1.1734,1.1736,46.00,14.40
2007.09.24 14:09:27.543,1.17345,1.1736,22.40,13.60
2007.09.24 14:09:27.609,1.1735,1.1736,1.50,12.80
2007.09.24 14:09:28.046,1.17345,1.1736,14.40,12.80
2007.09.24 14:09:28.266,1.17345,1.1736,22.40,12.80
2007.09.24 14:09:29.915,1.17345,1.1736,16.00,12.80
2007.09.24 14:09:31.563,1.17345,1.1736,15.20,20.80
2007.09.24 14:09:31.577,1.1735,1.1736,2.20,23.20
2007.09.24 14:09:47.383,1.17345,1.1736,12.00,31.20
2007.09.24 14:09:47.870,1.1735,1.1736,5.40,28.80
2007.09.24 14:09:47.886,1.1735,1.1736,5.10,20.80
2007.09.24 14:09:47.972,1.17345,1.1736,14.40,20.80
2007.09.24 14:09:48.001,1.1735,1.1736,1.00,12.80
2007.09.24 14:09:48.759,1.17345,1.1736,14.40,16.80
2007.09.24 14:09:50.045,1.17345,1.1736,12.00,16.80
2007.09.24 14:09:50.274,1.1735,1.1736,4.00,12.80
2007.09.24 14:09:52.773,1.1735,1.1736,10.40,13.10
2007.09.24 14:09:53.179,1.1735,1.1736,2.40,21.10
2007.09.24 14:09:53.224,1.1734,1.1736,36.80,21.10
2007.09.24 14:09:53.306,1.1734,1.1736,24.80,38.10
2007.09.24 14:09:53.334,1.1734,1.1736,24.80,38.90
2007.09.24 14:09:53.538,1.1734,1.1735,24.80,0.80
2007.09.24 14:09:53.635,1.1734,1.1735,22.40,0.80
2007.09.24 14:09:53.740,1.1734,1.1735,22.40,8.80
2007.09.24 14:09:53.837,1.1734,1.1735,18.40,8.80
2007.09.24 14:09:54.148,1.1734,1.1735,22.40,8.80
2007.09.24 14:09:54.241,1.1734,1.1735,22.40,0.80
2007.09.24 14:09:54.648,1.1734,1.1735,20.00,0.80
2007.09.24 14:09:54.666,1.1734,1.1735,20.80,0.80
2007.09.24 14:09:54.759,1.1734,1.1735,36.80,0.80
2007.09.24 14:09:54.978,1.1734,1.1735,36.00,0.80
2007.09.24 14:09:55.160,1.1734,1.1736,36.00,33.30
2007.09.24 14:09:55.213,1.1734,1.1736,36.00,25.30
2007.09.24 14:09:55.273,1.1735,1.1736,2.40,26.10
2007.09.24 14:09:55.323,1.1735,1.1736,2.40,30.90
2007.09.24 14:09:55.410,1.1735,1.1736,2.40,31.70
2007.09.24 14:09:55.753,1.1735,1.1736,2.40,26.90
2007.09.24 14:09:55.776,1.1735,1.1736,2.40,26.10
2007.09.24 14:09:56.060,1.1735,1.1736,2.40,25.30
2007.09.24 14:09:56.280,1.1735,1.1736,2.40,42.10
2007.09.24 14:09:56.286,1.1734,1.1736,28.00,42.10
2007.09.24 14:09:56.365,1.1734,1.1736,20.00,42.10
2007.09.24 14:09:56.551,1.1734,1.1736,20.00,42.90
2007.09.24 14:09:58.345,1.1734,1.1736,20.00,44.50
2007.09.24 14:09:59.048,1.1734,1.1736,20.00,45.30
2007.09.24 14:10:00.228,1.1734,1.1736,20.00,45.20
2007.09.24 14:10:00.323,1.1734,1.1735,20.00,0.60
2007.09.24 14:10:01.732,1.1734,1.1735,24.90,0.60
2007.09.24 14:10:01.816,1.17345,1.1735,1.60,0.60
2007.09.24 14:10:01.962,1.1735,1.1736,16.00,37.10
2007.09.24 14:10:02.081,1.1735,1.1736,0.80,36.80
2007.09.24 14:10:02.171,1.1735,1.1736,0.80,36.80
2007.09.24 14:10:02.227,1.1735,1.1736,3.20,28.80
2007.09.24 14:10:02.278,1.1735,1.1736,7.20,16.80
2007.09.24 14:10:02.333,1.1735,1.1736,7.20,14.40
2007.09.24 14:10:02.398,1.1735,1.1736,11.20,10.40
2007.09.24 14:10:02.478,1.1735,1.1736,11.20,9.60
2007.09.24 14:10:02.602,1.1735,1.1736,11.20,9.60
2007.09.24 14:10:02.698,1.1735,1.1736,11.20,9.90
2007.09.24 14:10:02.774,1.1735,1.1736,12.00,9.90
2007.09.24 14:10:02.909,1.1735,1.1736,12.00,5.90
2007.09.24 14:10:03.127,1.1735,1.1736,11.20,5.90
2007.09.24 14:10:03.224,1.1735,1.1736,7.20,9.90
2007.09.24 14:10:03.260,1.1735,1.1736,7.20,17.90
2007.09.24 14:10:03.345,1.1735,1.1736,3.20,17.90
2007.09.24 14:10:03.482,1.1735,1.1736,2.40,17.90
2007.09.24 14:10:03.779,1.1735,1.1736,2.40,20.30
2007.09.24 14:10:04.066,1.1735,1.1736,2.40,24.30
2007.09.24 14:10:04.432,1.1735,1.1736,2.40,25.90
2007.09.24 14:10:05.838,1.1735,1.1736,2.40,26.10
2007.09.24 14:10:05.959,1.1735,1.1736,2.40,29.20
2007.09.24 14:10:06.044,1.1735,1.1736,2.40,28.80
2007.09.24 14:10:06.136,1.1735,1.1736,2.40,29.60
2007.09.24 14:10:06.237,1.1734,1.1735,40.00,10.40
2007.09.24 14:10:06.264,1.1734,1.1735,32.00,10.40
2007.09.24 14:10:06.382,1.1734,1.1735,24.00,11.20
2007.09.24 14:10:06.798,1.1734,1.1735,20.00,11.20
2007.09.24 14:10:08.045,1.1734,1.1735,21.60,11.20
2007.09.24 14:10:09.211,1.1734,1.1735,21.60,12.80
2007.09.24 14:10:09.526,1.1734,1.1735,21.60,0.90
2007.09.24 14:10:10.466,1.1734,1.17355,21.60,17.60
2007.09.24 14:10:15.743,1.1734,1.1735,21.60,0.70
2007.09.24 14:10:15.756,1.1734,1.17355,29.60,4.80
2007.09.24 14:10:15.957,1.1734,1.1736,29.60,48.00
2007.09.24 14:10:16.293,1.1734,1.1736,33.60,54.90
2007.09.24 14:10:16.704,1.1734,1.1735,34.40,0.70
2007.09.24 14:10:16.776,1.17345,1.1735,1.60,0.60
2007.09.24 14:10:17.193,1.1735,1.1736,2.40,38.70
2007.09.24 14:10:17.591,1.1734,1.1735,36.20,0.70
2007.09.24 14:10:17.698,1.1734,1.1736,35.40,29.90
2007.09.24 14:10:17.745,1.1734,1.1736,31.40,41.90
2007.09.24 14:10:18.318,1.1734,1.1735,31.40,0.50
2007.09.24 14:10:18.370,1.1734,1.1736,31.20,41.90
2007.09.24 14:10:18.680,1.1734,1.1735,29.60,0.70
2007.09.24 14:10:20.184,1.1734,1.1736,29.60,42.20
2007.09.24 14:10:20.289,1.1734,1.1735,25.60,0.50
2007.09.24 14:10:20.399,1.1734,1.1736,21.60,46.90
2007.09.24 14:10:22.366,1.1734,1.1736,21.60,48.50
2007.09.24 14:10:22.939,1.1734,1.1736,19.20,49.30
2007.09.24 14:10:23.013,1.1734,1.1736,19.20,49.10
2007.09.24 14:10:23.189,1.1734,1.1736,19.20,49.10
2007.09.24 14:10:25.533,1.1734,1.1736,19.20,49.10
2007.09.24 14:10:26.219,1.1734,1.1735,19.20,0.60
2007.09.24 14:10:26.427,1.1734,1.1736,19.20,61.60
2007.09.24 14:10:26.625,1.1734,1.1735,19.20,0.90
2007.09.24 14:10:26.669,1.1734,1.1735,19.20,0.60
2007.09.24 14:10:26.882,1.1734,1.1736,19.00,60.10
2007.09.24 14:10:27.074,1.1734,1.1735,19.00,0.80
2007.09.24 14:10:27.247,1.1734,1.17355,19.00,13.90
2007.09.24 14:10:27.284,1.1734,1.1735,11.00,0.50
2007.09.24 14:10:27.841,1.1734,1.1735,11.00,0.60
2007.09.24 14:10:27.910,1.1734,1.1735,11.00,0.60
2007.09.24 14:10:29.062,1.1734,1.17355,11.00,19.50
2007.09.24 14:10:29.077,1.1734,1.17355,13.40,19.50
2007.09.24 14:10:47.393,1.1734,1.1735,21.40,14.70
2007.09.24 14:10:47.595,1.1734,1.1735,13.40,14.70
2007.09.24 14:10:48.007,1.1734,1.1735,13.40,14.40
2007.09.24 14:10:48.312,1.1734,1.1735,21.40,14.40
2007.09.24 14:10:48.635,1.1734,1.1735,21.40,14.70
2007.09.24 14:10:52.612,1.1734,1.17355,21.40,19.50
2007.09.24 14:10:55.371,1.1734,1.1735,13.40,14.70
2007.09.24 14:11:00.657,1.1734,1.1735,10.40,11.50
2007.09.24 14:11:04.165,1.1734,1.1735,10.40,15.50
2007.09.24 14:11:04.255,1.1734,1.1735,10.40,16.30
2007.09.24 14:11:04.274,1.1734,1.1735,10.40,17.10
2007.09.24 14:11:04.578,1.1734,1.1735,10.40,17.90
2007.09.24 14:11:11.410,1.1734,1.1735,12.00,17.90
2007.09.24 14:11:16.713,1.1734,1.1735,12.00,17.10
2007.09.24 14:11:16.745,1.1734,1.1735,12.00,16.30
2007.09.24 14:11:17.172,1.1734,1.1735,12.00,15.50
2007.09.24 14:11:18.165,1.1734,1.1735,12.00,11.50
2007.09.24 14:11:38.727,1.1734,1.1735,12.00,15.50
2007.09.24 14:11:38.924,1.1734,1.1735,12.00,23.50
2007.09.24 14:11:39.319,1.1734,1.1735,12.00,15.50
2007.09.24 14:11:40.260,1.1734,1.1735,12.00,11.50
2007.09.24 14:11:50.923,1.1734,1.1735,12.00,13.10
2007.09.24 14:11:52.976,1.1734,1.1735,12.00,14.70
2007.09.24 14:11:55.788,1.1734,1.1735,12.00,16.30
2007.09.24 14:12:20.687,1.1734,1.1735,8.00,20.30
2007.09.24 14:12:23.610,1.17335,1.1735,12.00,20.30
2007.09.24 14:12:29.392,1.1734,1.1735,2.60,28.30
2007.09.24 14:12:30.418,1.1734,1.1735,3.00,28.30
2007.09.24 14:12:30.455,1.17335,1.1735,8.10,28.30
2007.09.24 14:12:30.612,1.1734,1.1735,1.10,29.10
2007.09.24 14:12:30.720,1.17335,1.1734,2.40,0.70
2007.09.24 14:12:30.759,1.17335,1.1734,0.80,0.70
2007.09.24 14:12:30.983,1.1733,1.1734,11.00,0.70
2007.09.24 14:12:31.026,1.1733,1.1734,5.90,1.20
2007.09.24 14:12:31.186,1.17325,1.1734,32.00,1.20
2007.09.24 14:12:31.262,1.17325,1.1734,32.00,2.00
2007.09.24 14:12:31.468,1.17325,1.1734,32.00,2.10
2007.09.24 14:12:31.669,1.17325,1.1734,28.00,6.10
2007.09.24 14:12:31.766,1.17325,1.1734,24.00,6.10
2007.09.24 14:12:31.779,1.17325,1.1734,24.00,14.10
2007.09.24 14:12:31.870,1.1733,1.1734,9.10,14.10
2007.09.24 14:12:32.093,1.17325,1.1734,20.00,14.00
2007.09.24 14:12:32.165,1.1733,1.1734,5.60,10.00
2007.09.24 14:12:32.299,1.1733,1.1734,6.00,10.00
2007.09.24 14:12:32.304,1.17325,1.1734,28.00,2.00
2007.09.24 14:12:34.239,1.17325,1.1734,28.00,2.10
2007.09.24 14:12:39.046,1.1733,1.1734,2.20,2.40
2007.09.24 14:12:39.139,1.17325,1.1734,28.00,4.40
2007.09.24 14:12:39.370,1.1733,1.1734,4.90,12.40
2007.09.24 14:12:39.594,1.17325,1.1734,24.00,12.40
2007.09.24 14:12:39.968,1.1733,1.1734,1.90,12.80
2007.09.24 14:12:40.292,1.17325,1.1734,24.00,12.80
2007.09.24 14:12:40.412,1.1733,1.1734,1.50,13.20
2007.09.24 14:12:40.696,1.17325,1.1734,11.20,15.60
2007.09.24 14:12:40.710,1.17325,1.1734,3.20,24.20
2007.09.24 14:12:40.804,1.1733,1.1734,0.70,25.20
2007.09.24 14:12:40.912,1.17325,1.1734,3.00,24.70
2007.09.24 14:12:40.935,1.17325,1.1733,1.80,0.80
2007.09.24 14:12:41.014,1.1733,1.1734,0.90,23.80
2007.09.24 14:12:41.059,1.1733,1.1734,0.60,23.80
2007.09.24 14:12:41.220,1.1733,1.1734,4.10,15.80
2007.09.24 14:12:41.646,1.1733,1.1734,4.30,16.40
2007.09.24 14:12:41.725,1.17325,1.1734,13.60,16.40
2007.09.24 14:12:42.045,1.1733,1.1734,3.70,16.30
2007.09.24 14:12:43.536,1.1733,1.1734,1.10,16.00
2007.09.24 14:12:44.250,1.1733,1.1734,6.90,15.20
2007.09.24 14:12:44.349,1.1733,1.1734,6.90,13.50
2007.09.24 14:12:44.645,1.17325,1.1734,17.60,17.50
2007.09.24 14:12:44.689,1.1733,1.1734,4.80,7.10
2007.09.24 14:12:44.767,1.1733,1.1734,1.40,3.60
2007.09.24 14:12:45.049,1.1733,1.1734,5.60,3.60
2007.09.24 14:12:45.070,1.17325,1.1734,11.20,3.80
2007.09.24 14:12:45.696,1.17325,1.1734,12.00,3.80
2007.09.24 14:12:45.712,1.1733,1.1734,1.90,3.80
2007.09.24 14:12:46.081,1.1733,1.1734,0.60,3.20
2007.09.24 14:12:46.183,1.1732,1.1734,46.40,8.30
2007.09.24 14:12:46.229,1.1732,1.1734,46.40,16.30
2007.09.24 14:12:46.398,1.1733,1.1734,6.40,12.30
2007.09.24 14:12:46.578,1.1732,1.1734,42.40,12.90
2007.09.24 14:12:46.697,1.1732,1.1734,46.40,12.90
2007.09.24 14:12:46.743,1.17325,1.1734,12.00,15.30
2007.09.24 14:12:47.108,1.1733,1.1734,4.50,17.30
2007.09.24 14:12:47.212,1.17325,1.1734,16.00,13.30
2007.09.24 14:12:47.326,1.17325,1.1734,24.00,13.30
2007.09.24 14:12:47.555,1.17325,1.1734,24.00,2.90
2007.09.24 14:12:47.841,1.17325,1.1734,28.00,2.90
2007.09.24 14:12:48.172,1.17325,1.1734,28.00,10.90
2007.09.24 14:12:48.248,1.17325,1.1734,24.00,10.90
2007.09.24 14:12:48.665,1.17325,1.1734,24.00,11.60
2007.09.24 14:12:49.204,1.17325,1.1734,24.00,6.00
2007.09.24 14:12:49.294,1.17325,1.1734,28.00,6.00
2007.09.24 14:12:49.699,1.17325,1.1734,28.00,5.20
2007.09.24 14:12:49.712,1.17325,1.1734,28.00,2.10
2007.09.24 14:12:50.515,1.1733,1.1734,13.20,2.90
2007.09.24 14:12:50.656,1.17325,1.1734,20.00,3.70
2007.09.24 14:12:50.754,1.17325,1.1734,16.00,17.10
2007.09.24 14:12:50.765,1.1732,1.1733,42.50,2.40
2007.09.24 14:12:50.942,1.17325,1.1733,7.10,2.40
2007.09.24 14:12:50.963,1.1733,1.1734,1.00,26.30
2007.09.24 14:12:51.260,1.1733,1.1734,3.10,36.20
2007.09.24 14:12:51.275,1.17325,1.1734,16.00,24.20
2007.09.24 14:12:51.373,1.1733,1.1734,2.50,24.20
2007.09.24 14:12:51.435,1.17325,1.1734,8.00,24.20
2007.09.24 14:12:51.573,1.1733,1.1734,5.60,23.90
2007.09.24 14:12:51.596,1.1733,1.1734,6.40,23.90
2007.09.24 14:12:51.688,1.1733,1.1734,6.40,24.20
2007.09.24 14:12:51.980,1.1733,1.1734,6.40,23.90
2007.09.24 14:12:52.280,1.1733,1.1734,3.20,23.90
2007.09.24 14:12:52.320,1.1733,1.1734,2.40,35.90
2007.09.24 14:12:52.739,1.1733,1.1734,2.40,36.30
2007.09.24 14:12:52.806,1.1733,1.1734,2.40,40.30
2007.09.24 14:12:52.817,1.1733,1.1734,1.60,40.30
2007.09.24 14:12:53.778,1.1732,1.1733,12.00,0.60
2007.09.24 14:12:53.848,1.1732,1.1733,12.00,1.20
2007.09.24 14:12:53.967,1.1732,1.1733,4.00,1.20
2007.09.24 14:12:54.074,1.1732,1.1733,4.00,2.40
2007.09.24 14:12:54.134,1.1732,1.1733,4.00,3.20
2007.09.24 14:12:54.191,1.1732,1.1733,4.00,3.50
2007.09.24 14:12:54.237,1.1732,1.1733,3.20,11.50
2007.09.24 14:12:54.280,1.1732,1.1733,10.40,23.50
2007.09.24 14:12:54.396,1.1732,1.1733,2.40,31.50
2007.09.24 14:12:54.431,1.1732,1.1733,2.40,33.90
2007.09.24 14:12:54.503,1.1732,1.1733,2.40,34.70
2007.09.24 14:12:54.583,1.1732,1.1733,2.40,34.60
2007.09.24 14:12:54.630,1.1732,1.1733,1.60,34.60
2007.09.24 14:12:54.796,1.1732,1.1733,1.60,38.60
2007.09.24 14:12:55.227,1.1732,1.1733,5.60,30.60
2007.09.24 14:12:55.307,1.1732,1.1733,5.60,26.20
2007.09.24 14:12:55.772,1.1732,1.1733,8.00,26.20
2007.09.24 14:12:55.851,1.1732,1.1733,8.00,18.20
2007.09.24 14:12:55.941,1.1732,1.1733,8.00,14.20
2007.09.24 14:12:56.046,1.1732,1.1733,12.00,14.20
2007.09.24 14:12:56.139,1.1732,1.1733,12.00,13.10
2007.09.24 14:12:56.262,1.1732,1.1733,12.00,12.90
2007.09.24 14:12:56.383,1.1732,1.1733,12.00,12.10
2007.09.24 14:12:57.715,1.1732,1.1733,3.20,34.70
2007.09.24 14:12:57.733,1.17315,1.1732,0.80,10.40
2007.09.24 14:12:57.749,1.17315,1.1732,0.80,11.20
2007.09.24 14:12:57.819,1.17315,1.1732,0.80,11.20
2007.09.24 14:12:58.187,1.1731,1.1732,25.60,11.20
2007.09.24 14:12:58.863,1.17315,1.1732,0.80,0.80
2007.09.24 14:12:59.278,1.1731,1.1733,23.20,42.00
2007.09.24 14:12:59.360,1.1731,1.1733,20.00,49.60
2007.09.24 14:12:59.384,1.1731,1.1733,20.80,48.80
2007.09.24 14:12:59.402,1.1731,1.1733,20.80,48.00
2007.09.24 14:12:59.675,1.1731,1.1733,20.00,48.00
2007.09.24 14:12:59.797,1.1731,1.1733,20.00,49.20
2007.09.24 14:12:59.887,1.1731,1.1733,20.00,45.20
2007.09.24 14:12:59.992,1.1731,1.1733,20.00,46.00
2007.09.24 14:13:00.088,1.1731,1.1732,20.00,0.80
2007.09.24 14:13:00.290,1.1731,1.1732,19.20,8.80
2007.09.24 14:13:00.313,1.1731,1.1732,18.40,8.80
2007.09.24 14:13:00.510,1.1731,1.1732,18.40,11.20
2007.09.24 14:13:00.730,1.1731,1.1732,10.40,15.20
2007.09.24 14:13:00.800,1.1731,1.1732,8.00,15.20
2007.09.24 14:13:00.834,1.1731,1.1732,8.00,19.20
2007.09.24 14:13:00.921,1.173,1.1732,36.00,19.20
2007.09.24 14:13:01.129,1.173,1.1732,36.00,15.20
2007.09.24 14:13:01.245,1.173,1.1732,40.00,11.20
2007.09.24 14:13:01.358,1.173,1.1732,40.00,0.80
2007.09.24 14:13:01.748,1.1731,1.1732,8.00,8.80
2007.09.24 14:13:01.772,1.1731,1.1732,8.00,12.80
2007.09.24 14:13:01.880,1.173,1.1732,36.00,12.80
2007.09.24 14:13:02.184,1.173,1.1732,36.00,13.60
2007.09.24 14:13:02.258,1.173,1.1732,36.00,16.00
2007.09.24 14:13:02.277,1.173,1.1732,40.00,12.00
2007.09.24 14:13:02.361,1.173,1.1732,40.00,12.80
2007.09.24 14:13:02.394,1.1731,1.1732,8.00,12.80
2007.09.24 14:13:02.502,1.1731,1.1732,8.00,12.00
2007.09.24 14:13:02.683,1.1731,1.1732,8.00,11.20
2007.09.24 14:13:02.811,1.1731,1.1732,8.00,19.20
2007.09.24 14:13:03.012,1.1731,1.1732,8.00,23.20
2007.09.24 14:13:03.177,1.1731,1.1732,8.00,12.80
2007.09.24 14:13:03.246,1.1731,1.1732,8.00,4.80
2007.09.24 14:13:03.758,1.1731,1.1732,8.00,8.80
2007.09.24 14:13:03.966,1.17305,1.1732,0.80,6.40
2007.09.24 14:13:04.094,1.17305,1.1732,0.80,7.20
2007.09.24 14:13:04.299,1.17305,1.1732,0.80,10.70
2007.09.24 14:13:04.337,1.173,1.1732,36.00,10.70
2007.09.24 14:13:04.465,1.173,1.1732,36.00,26.70
2007.09.24 14:13:04.726,1.173,1.1732,35.20,27.50
2007.09.24 14:13:04.829,1.173,1.1732,31.20,31.50
2007.09.24 14:13:05.029,1.173,1.1732,32.00,30.80
2007.09.24 14:13:05.141,1.173,1.1732,32.00,38.80
2007.09.24 14:13:05.161,1.173,1.1732,32.00,38.70
2007.09.24 14:13:05.278,1.1731,1.1732,4.00,33.10
2007.09.24 14:13:05.357,1.1731,1.1732,4.00,30.40
2007.09.24 14:13:05.437,1.1731,1.1732,4.00,29.60
2007.09.24 14:13:05.451,1.1731,1.1732,4.00,28.80
2007.09.24 14:13:05.653,1.1731,1.1732,4.00,28.00
2007.09.24 14:13:05.753,1.1731,1.1732,6.40,28.00
2007.09.24 14:13:05.977,1.1731,1.1732,6.40,24.00
2007.09.24 14:13:06.072,1.1731,1.1732,6.40,23.20
2007.09.24 14:13:06.289,1.1731,1.1732,6.40,27.20
2007.09.24 14:13:12.188,1.1731,1.1732,4.00,27.20
2007.09.24 14:13:12.221,1.17305,1.1732,0.80,31.20
2007.09.24 14:13:12.593,1.173,1.1732,32.80,31.20
2007.09.24 14:13:12.739,1.173,1.1732,37.60,31.20
2007.09.24 14:13:12.819,1.173,1.1732,37.60,35.20
2007.09.24 14:13:12.939,1.173,1.1732,38.40,35.20
2007.09.24 14:13:13.001,1.17305,1.1732,0.80,35.20
2007.09.24 14:13:13.453,1.173,1.1732,28.80,35.20
2007.09.24 14:13:13.751,1.173,1.1731,28.80,0.80
2007.09.24 14:13:14.248,1.173,1.1731,28.80,8.80
2007.09.24 14:13:14.305,1.173,1.1731,28.00,8.80
2007.09.24 14:13:14.762,1.173,1.1731,28.00,11.20
2007.09.24 14:13:14.838,1.173,1.1731,20.00,11.20
2007.09.24 14:13:14.942,1.173,1.1731,12.00,11.20
2007.09.24 14:13:15.339,1.173,1.1731,20.00,11.20
2007.09.24 14:13:16.160,1.173,1.1731,20.80,11.20
2007.09.24 14:13:16.185,1.173,1.1731,20.80,3.20
2007.09.24 14:13:16.271,1.173,1.1731,21.60,3.20
2007.09.24 14:13:17.079,1.173,1.1731,20.80,3.20
2007.09.24 14:13:17.728,1.173,1.1731,20.80,2.40
2007.09.24 14:13:18.246,1.173,1.1731,21.60,2.40
2007.09.24 14:13:22.290,1.173,1.1731,13.60,2.40
2007.09.24 14:13:22.386,1.173,1.1731,21.60,2.40
2007.09.24 14:13:28.520,1.173,1.1731,2.80,2.40
2007.09.24 14:13:31.189,1.173,1.1731,22.40,2.40
2007.09.24 14:13:31.288,1.173,1.1731,30.40,2.40
2007.09.24 14:13:31.360,1.1731,1.1732,2.40,37.60
2007.09.24 14:13:31.399,1.1731,1.1732,2.40,36.30
2007.09.24 14:13:31.676,1.17305,1.1732,0.80,36.30
2007.09.24 14:13:31.714,1.17305,1.1732,0.80,40.30
2007.09.24 14:13:32.021,1.17305,1.1732,0.80,40.20
2007.09.24 14:13:32.196,1.173,1.1732,28.80,40.20
2007.09.24 14:13:32.229,1.173,1.1732,28.80,40.50
2007.09.24 14:13:32.342,1.173,1.1732,24.80,40.70
2007.09.24 14:13:32.759,1.173,1.1732,20.80,44.70
2007.09.24 14:13:32.873,1.173,1.1732,12.80,44.70
2007.09.24 14:13:32.910,1.173,1.1731,12.80,0.80
2007.09.24 14:13:33.757,1.173,1.1731,12.80,8.80
2007.09.24 14:13:33.788,1.173,1.1731,12.00,8.80
2007.09.24 14:13:34.213,1.173,1.1731,12.80,8.80
2007.09.24 14:13:34.256,1.1731,1.1732,2.40,35.70
2007.09.24 14:13:34.538,1.1731,1.1732,2.40,29.80
2007.09.24 14:13:34.672,1.1731,1.1732,2.40,37.00
2007.09.24 14:13:34.959,1.1731,1.1732,2.40,33.00
2007.09.24 14:13:35.229,1.1731,1.1732,2.40,32.20
2007.09.24 14:13:35.945,1.1731,1.1732,2.40,32.10
2007.09.24 14:13:36.733,1.17305,1.1732,0.80,32.10
2007.09.24 14:13:36.769,1.17305,1.1732,0.80,40.10
2007.09.24 14:13:37.284,1.17305,1.1732,0.80,40.00
2007.09.24 14:13:37.692,1.17305,1.1731,0.80,0.80
2007.09.24 14:13:38.178,1.173,1.1731,20.80,0.80
2007.09.24 14:13:41.824,1.173,1.1731,21.30,0.80
2007.09.24 14:13:41.854,1.173,1.1731,20.80,0.80
2007.09.24 14:13:43.186,1.173,1.1731,20.00,0.80
2007.09.24 14:13:43.264,1.173,1.1731,20.00,8.80
2007.09.24 14:13:43.407,1.173,1.1731,12.00,8.80
2007.09.24 14:13:43.558,1.173,1.1731,11.20,8.80
2007.09.24 14:13:43.775,1.173,1.1731,11.20,11.20
2007.09.24 14:13:43.837,1.173,1.1731,12.00,11.20
2007.09.24 14:13:43.950,1.173,1.1731,20.00,11.20
2007.09.24 14:13:44.256,1.173,1.1731,28.00,11.20
2007.09.24 14:13:44.291,1.173,1.1731,28.00,0.80
2007.09.24 14:13:44.516,1.173,1.1731,28.80,0.80
2007.09.24 14:13:44.661,1.173,1.1731,29.60,0.80
2007.09.24 14:13:44.706,1.17305,1.1731,1.60,0.80
2007.09.24 14:13:44.933,1.17305,1.1732,1.60,40.00
2007.09.24 14:13:45.000,1.17305,1.1732,1.60,32.00
2007.09.24 14:13:45.013,1.1731,1.1732,2.40,32.00
2007.09.24 14:13:45.081,1.1731,1.1732,2.40,24.00
2007.09.24 14:13:45.192,1.1731,1.1732,2.40,23.20
2007.09.24 14:13:46.053,1.1731,1.1732,2.40,19.20
2007.09.24 14:13:47.358,1.1731,1.1732,2.40,27.20
2007.09.24 14:13:47.771,1.1731,1.1732,2.40,39.20
2007.09.24 14:13:47.796,1.17305,1.1732,0.80,39.20
2007.09.24 14:13:47.966,1.17305,1.1732,0.80,31.20
2007.09.24 14:13:48.060,1.173,1.1732,24.80,31.20
2007.09.24 14:13:48.170,1.173,1.1732,24.80,32.00
2007.09.24 14:13:48.390,1.173,1.1732,24.80,40.00
2007.09.24 14:13:48.898,1.173,1.1732,20.80,44.00
2007.09.24 14:13:49.014,1.173,1.1732,20.80,36.00
2007.09.24 14:13:49.523,1.173,1.1732,20.80,44.00
2007.09.24 14:13:50.350,1.173,1.1732,20.80,36.00
2007.09.24 14:13:51.181,1.173,1.1732,20.80,44.00
2007.09.24 14:13:52.229,1.173,1.1732,25.60,40.00
2007.09.24 14:13:52.346,1.173,1.1732,37.60,32.00
2007.09.24 14:13:52.447,1.173,1.1732,33.60,32.00
2007.09.24 14:13:52.639,1.173,1.1732,33.60,31.20
2007.09.24 14:13:52.679,1.17305,1.1732,1.60,31.20
2007.09.24 14:13:52.824,1.17305,1.1732,2.40,31.20
2007.09.24 14:13:52.871,1.17305,1.1732,2.40,19.20
2007.09.24 14:13:52.880,1.1731,1.1732,2.40,19.20
2007.09.24 14:13:53.194,1.17305,1.1732,0.80,19.20
2007.09.24 14:13:53.390,1.1731,1.1732,0.80,27.20
2007.09.24 14:13:53.870,1.1731,1.1732,0.80,31.20
2007.09.24 14:13:54.169,1.1731,1.1732,17.60,15.20
2007.09.24 14:13:54.227,1.1732,1.17325,2.40,0.80
2007.09.24 14:13:54.610,1.1731,1.1732,32.00,4.00
2007.09.24 14:13:54.744,1.1731,1.1732,35.20,4.00
2007.09.24 14:13:54.797,1.1731,1.17325,27.20,0.80
2007.09.24 14:13:55.012,1.1731,1.1733,23.20,35.40
2007.09.24 14:13:55.216,1.1731,1.1733,32.00,31.40
2007.09.24 14:13:55.329,1.1731,1.1733,32.00,31.50
2007.09.24 14:13:55.421,1.1731,1.1733,28.00,39.50
2007.09.24 14:13:55.532,1.1731,1.1733,32.00,39.50
2007.09.24 14:13:55.729,1.1732,1.1733,2.40,39.50
2007.09.24 14:13:55.749,1.1732,1.1733,2.40,31.50
2007.09.24 14:13:56.672,1.1732,1.1733,2.40,30.70
2007.09.24 14:13:57.729,1.1732,1.1733,2.40,31.50
2007.09.24 14:13:57.831,1.1732,1.1733,2.40,31.60
2007.09.24 14:13:58.211,1.1731,1.1733,31.20,32.40
2007.09.24 14:13:58.245,1.1731,1.1733,27.20,46.00
2007.09.24 14:13:58.324,1.1731,1.1733,23.20,46.80
2007.09.24 14:13:58.604,1.1731,1.1732,23.20,0.80
2007.09.24 14:13:58.651,1.1731,1.1732,19.20,0.80
2007.09.24 14:13:59.795,1.1731,1.1732,18.40,0.80
2007.09.24 14:13:59.898,1.1731,1.1732,10.40,0.80
2007.09.24 14:13:59.983,1.1731,1.1732,6.40,0.80
2007.09.24 14:14:00.227,1.1731,1.1732,2.40,0.80
2007.09.24 14:14:00.262,1.17305,1.1732,1.60,0.80
2007.09.24 14:14:00.525,1.173,1.1732,39.40,0.80
2007.09.24 14:14:00.729,1.1731,1.1732,0.80,0.80
2007.09.24 14:14:00.926,1.1731,1.1732,8.80,0.80
2007.09.24 14:14:00.941,1.1731,1.17325,8.80,0.80
2007.09.24 14:14:01.242,1.1731,1.17325,16.80,0.80
2007.09.24 14:14:01.259,1.1731,1.1733,16.80,56.10
2007.09.24 14:14:01.336,1.1731,1.1733,16.80,48.40
2007.09.24 14:14:01.461,1.1731,1.1733,16.80,48.40
2007.09.24 14:14:01.655,1.1731,1.1733,21.60,44.40
2007.09.24 14:14:01.683,1.1731,1.1733,24.00,44.40
2007.09.24 14:14:01.746,1.1731,1.1733,32.00,43.60
2007.09.24 14:14:01.959,1.1731,1.1733,31.20,43.60
2007.09.24 14:14:02.172,1.1731,1.1733,31.20,47.60
2007.09.24 14:14:02.288,1.1731,1.1733,19.20,47.60
2007.09.24 14:14:02.381,1.1731,1.1733,19.20,47.50
2007.09.24 14:14:02.570,1.1731,1.1732,19.20,0.80
2007.09.24 14:14:03.625,1.1731,1.1732,18.40,0.80
2007.09.24 14:14:04.275,1.1731,1.1732,18.40,8.80
2007.09.24 14:14:04.452,1.1731,1.1732,10.40,8.80
2007.09.24 14:14:04.665,1.1731,1.1732,6.40,8.80
2007.09.24 14:14:04.680,1.1731,1.1732,4.00,0.80
2007.09.24 14:14:04.773,1.17305,1.1732,0.80,0.80
2007.09.24 14:14:09.307,1.17305,1.1732,1.60,0.80
2007.09.24 14:14:09.787,1.17305,1.1732,2.40,0.80
2007.09.24 14:14:11.164,1.17305,1.1732,3.20,0.80
2007.09.24 14:14:11.182,1.1731,1.1732,8.00,0.80
2007.09.24 14:14:11.411,1.1731,1.1732,16.00,0.80
2007.09.24 14:14:11.781,1.1731,1.1732,18.40,0.80
2007.09.24 14:14:11.987,1.1731,1.1732,19.20,0.80
2007.09.24 14:14:12.108,1.1731,1.1732,20.00,0.80
2007.09.24 14:14:12.542,1.1731,1.1732,20.80,0.80
2007.09.24 14:14:13.267,1.1731,1.1732,21.60,0.80
2007.09.24 14:14:19.680,1.1731,1.1732,20.80,0.80
2007.09.24 14:14:19.800,1.1731,1.1732,20.00,0.80
2007.09.24 14:14:19.865,1.1731,1.1732,19.20,0.80
2007.09.24 14:14:19.883,1.1731,1.1732,11.20,0.80
2007.09.24 14:14:20.051,1.1731,1.1732,10.40,0.80
2007.09.24 14:14:24.773,1.1731,1.1732,11.20,0.80
2007.09.24 14:14:24.797,1.1731,1.1732,12.00,0.80
2007.09.24 14:14:25.093,1.1731,1.1732,12.80,0.80
2007.09.24 14:14:25.124,1.1731,1.1732,13.60,0.80
2007.09.24 14:14:25.206,1.1731,1.1732,12.80,0.80
2007.09.24 14:14:25.307,1.1731,1.1732,11.20,0.80
2007.09.24 14:14:25.742,1.17315,1.1732,0.80,0.80
2007.09.24 14:14:26.356,1.17315,1.1732,1.60,0.80
2007.09.24 14:14:26.592,1.17315,1.1733,1.60,38.60
2007.09.24 14:14:27.403,1.17315,1.1732,1.60,0.80
2007.09.24 14:14:28.238,1.17315,1.1733,1.60,38.60
2007.09.24 14:14:28.718,1.17315,1.1733,1.60,42.60
2007.09.24 14:14:30.029,1.1731,1.1733,29.60,42.60
2007.09.24 14:14:33.701,1.17315,1.1733,1.60,48.00
2007.09.24 14:14:33.789,1.17315,1.1733,1.60,48.80
2007.09.24 14:14:33.823,1.17315,1.1732,1.60,0.80
2007.09.24 14:14:33.841,1.17315,1.1732,0.80,0.80
2007.09.24 14:14:34.239,1.1731,1.1732,18.40,0.80
2007.09.24 14:14:34.325,1.1731,1.1732,10.40,0.80
2007.09.24 14:14:43.682,1.1731,1.1732,10.40,8.80
2007.09.24 14:14:44.200,1.1731,1.1732,10.40,11.20
2007.09.24 14:14:48.319,1.1731,1.1732,10.40,19.20
2007.09.24 14:14:48.831,1.1731,1.1732,2.40,24.00
2007.09.24 14:14:49.314,1.1731,1.1732,2.40,28.00
2007.09.24 14:14:49.356,1.1731,1.1732,2.40,24.00
2007.09.24 14:14:50.498,1.1731,1.1732,2.40,28.00
2007.09.24 14:14:54.710,1.17305,1.1731,1.60,0.80
2007.09.24 14:14:54.819,1.17305,1.1731,0.80,8.80
2007.09.24 14:14:54.902,1.173,1.1731,14.40,8.80
2007.09.24 14:14:54.980,1.173,1.1731,10.40,8.80
2007.09.24 14:14:55.476,1.173,1.1731,12.80,8.80
2007.09.24 14:14:57.260,1.173,1.1731,13.60,8.80
2007.09.24 14:14:57.324,1.173,1.1731,13.60,0.80
2007.09.24 14:14:57.726,1.173,1.1731,14.40,0.80
2007.09.24 14:15:00.505,1.173,1.1731,12.00,0.80
2007.09.24 14:15:01.226,1.173,1.1731,12.00,8.80
2007.09.24 14:15:01.740,1.173,1.1731,12.00,11.20
2007.09.24 14:15:02.288,1.173,1.1731,11.20,11.20
2007.09.24 14:15:02.976,1.173,1.1731,10.40,11.20
2007.09.24 14:15:03.331,1.173,1.1731,10.40,12.80
2007.09.24 14:15:04.249,1.173,1.1731,11.20,12.80
2007.09.24 14:15:04.761,1.173,1.1731,10.40,12.80
2007.09.24 14:15:05.537,1.17295,1.173,1.60,8.00
2007.09.24 14:15:05.588,1.173,1.1731,10.10,16.70
2007.09.24 14:15:05.815,1.17295,1.173,1.60,8.80
2007.09.24 14:15:09.645,1.173,1.1731,10.30,23.90
2007.09.24 14:15:10.573,1.173,1.1731,10.10,15.90
2007.09.24 14:15:11.574,1.17295,1.173,3.20,0.80
2007.09.24 14:15:12.243,1.173,1.1731,10.10,12.00
2007.09.24 14:15:12.865,1.173,1.1731,10.10,20.00
2007.09.24 14:15:13.210,1.173,1.1731,10.10,22.40
2007.09.24 14:15:14.629,1.173,1.1731,10.10,14.40
2007.09.24 14:15:15.967,1.173,1.1731,10.10,13.60
2007.09.24 14:15:16.183,1.173,1.1731,10.10,12.80
2007.09.24 14:15:16.590,1.173,1.1731,10.10,20.80
2007.09.24 14:15:17.104,1.173,1.1731,7.70,20.80
2007.09.24 14:15:17.415,1.173,1.1731,7.70,12.80
2007.09.24 14:15:18.238,1.173,1.1731,10.10,12.80
2007.09.24 14:15:18.671,1.173,1.1731,10.90,12.80
2007.09.24 14:15:18.735,1.173,1.1731,1.10,12.80
2007.09.24 14:15:18.800,1.17295,1.1731,15.70,2.40
2007.09.24 14:15:20.657,1.173,1.1731,2.70,2.40
2007.09.24 14:15:20.719,1.173,1.1731,0.80,4.80
2007.09.24 14:15:20.764,1.17295,1.1731,12.50,4.80
2007.09.24 14:15:21.017,1.17295,1.1731,11.70,4.80
2007.09.24 14:15:21.238,1.17295,1.1731,10.10,12.80
2007.09.24 14:15:25.633,1.173,1.1731,1.70,12.80
2007.09.24 14:15:33.399,1.173,1.1731,4.40,12.80
2007.09.24 14:15:34.756,1.173,1.1731,6.90,2.40
2007.09.24 14:15:34.783,1.17295,1.1731,20.60,2.40
2007.09.24 14:15:34.856,1.173,1.1731,2.20,2.40
2007.09.24 14:15:35.086,1.173,1.1731,10.30,2.40
2007.09.24 14:15:36.738,1.17295,1.1731,25.40,0.80
2007.09.24 14:15:43.661,1.173,1.1731,0.60,0.80
2007.09.24 14:15:45.640,1.17295,1.1731,24.80,0.80
2007.09.24 14:15:46.862,1.173,1.1731,21.60,0.80
2007.09.24 14:15:46.879,1.173,1.1731,20.80,0.80
2007.09.24 14:15:46.989,1.173,1.1731,8.80,0.80
2007.09.24 14:15:47.202,1.173,1.1731,8.80,1.60
2007.09.24 14:15:47.225,1.173,1.1731,8.00,1.60
2007.09.24 14:15:47.292,1.173,1.1731,8.00,9.60
2007.09.24 14:15:47.798,1.173,1.1731,8.00,12.00
2007.09.24 14:15:47.823,1.173,1.1731,8.00,20.00
2007.09.24 14:15:48.253,1.173,1.1731,8.00,19.20
2007.09.24 14:15:48.664,1.173,1.1731,8.00,20.00
2007.09.24 14:15:49.704,1.173,1.1731,8.00,19.20
2007.09.24 14:15:49.796,1.173,1.1731,8.00,20.80
2007.09.24 14:15:50.719,1.173,1.1731,8.00,21.60
2007.09.24 14:15:52.089,1.173,1.1731,8.00,20.80
2007.09.24 14:15:52.905,1.173,1.1731,8.10,20.80
2007.09.24 14:15:53.539,1.173,1.1731,4.10,24.80
2007.09.24 14:15:53.641,1.173,1.1731,4.00,24.80
2007.09.24 14:15:54.051,1.173,1.1731,8.00,20.80
2007.09.24 14:15:54.872,1.173,1.1731,8.00,22.40
2007.09.24 14:15:55.418,1.173,1.1731,16.00,22.40
2007.09.24 14:15:55.920,1.173,1.1731,8.00,22.40
2007.09.24 14:15:56.943,1.173,1.1731,16.00,22.40
2007.09.24 14:15:57.031,1.173,1.1731,12.00,22.40
2007.09.24 14:15:57.265,1.173,1.1731,16.00,22.40
2007.09.24 14:15:57.662,1.173,1.1731,16.80,22.40
2007.09.24 14:15:58.194,1.173,1.1731,19.20,14.40
2007.09.24 14:15:59.019,1.173,1.1731,20.00,14.40
2007.09.24 14:15:59.113,1.173,1.1731,24.00,14.40
2007.09.24 14:15:59.222,1.173,1.1731,23.20,14.40
2007.09.24 14:15:59.695,1.173,1.1731,23.20,12.00
2007.09.24 14:15:59.788,1.173,1.1731,23.20,4.00
2007.09.24 14:16:00.979,1.173,1.1731,23.50,4.00
2007.09.24 14:16:01.727,1.173,1.1731,32.30,4.00
2007.09.24 14:16:01.845,1.173,1.1731,32.30,3.20
2007.09.24 14:16:01.933,1.173,1.1731,32.00,3.20
2007.09.24 14:16:02.250,1.1731,1.1732,2.40,41.10
2007.09.24 14:16:02.674,1.1731,1.1732,2.40,40.30
2007.09.24 14:16:02.792,1.173,1.1731,27.20,14.40
2007.09.24 14:16:02.834,1.173,1.1731,23.20,14.40
2007.09.24 14:16:03.572,1.173,1.1731,24.00,14.40
2007.09.24 14:16:03.619,1.173,1.1731,24.80,14.40
2007.09.24 14:16:03.711,1.173,1.1731,24.80,4.00
2007.09.24 14:16:03.920,1.173,1.1731,24.00,4.00
2007.09.24 14:16:03.937,1.173,1.1731,24.80,4.00
2007.09.24 14:16:04.025,1.17305,1.1731,0.80,4.00
2007.09.24 14:16:04.364,1.17305,1.1731,3.20,3.20
2007.09.24 14:16:04.818,1.1731,1.1732,2.40,41.20
2007.09.24 14:16:05.653,1.1731,1.17315,2.40,2.40
2007.09.24 14:16:05.767,1.17305,1.1731,0.80,13.60
2007.09.24 14:16:05.844,1.17305,1.1731,0.80,14.40
2007.09.24 14:16:06.140,1.173,1.1731,25.60,14.40
2007.09.24 14:16:06.786,1.173,1.1731,21.60,14.40
2007.09.24 14:16:06.966,1.173,1.1731,3.20,14.40
2007.09.24 14:16:07.199,1.173,1.1731,21.60,12.00
2007.09.24 14:16:07.309,1.173,1.1731,21.60,4.00
2007.09.24 14:16:07.330,1.173,1.1731,25.60,4.00
2007.09.24 14:16:07.414,1.173,1.1731,21.60,4.00
2007.09.24 14:16:07.482,1.173,1.1731,21.60,3.20
2007.09.24 14:16:07.838,1.173,1.1731,25.60,3.20
2007.09.24 14:16:08.037,1.173,1.1731,28.00,3.20
2007.09.24 14:16:08.163,1.173,1.1731,33.60,3.20
2007.09.24 14:16:08.236,1.1731,1.1732,2.40,55.40
2007.09.24 14:16:26.946,1.1731,1.1732,2.60,28.80
2007.09.24 14:16:27.203,1.1731,1.1732,3.40,28.80
2007.09.24 14:16:27.281,1.1732,1.1733,2.40,34.10
2007.09.24 14:16:27.324,1.1731,1.1732,19.30,10.40
2007.09.24 14:16:27.399,1.1731,1.1732,20.10,10.40
2007.09.24 14:16:27.428,1.1731,1.1732,12.10,10.40
2007.09.24 14:16:27.628,1.1731,1.1732,12.70,10.40
2007.09.24 14:16:27.690,1.17315,1.1732,0.80,2.40
2007.09.24 14:16:27.724,1.1732,1.1733,0.80,45.30
2007.09.24 14:16:27.848,1.1731,1.1732,16.70,0.80
2007.09.24 14:16:28.265,1.1731,1.1732,15.90,0.80
