2007.09.10 22:00:14.670,1.1857,1.186,23.90,12.70
2007.09.10 22:00:15.499,1.1857,1.1861,23.90,28.80
2007.09.10 22:00:40.122,1.1857,1.1861,19.90,34.50
2007.09.10 22:00:40.219,1.1857,1.1861,16.70,44.80
2007.09.10 22:00:40.318,1.1857,1.186,16.70,20.70
2007.09.10 22:00:43.950,1.1857,1.1859,16.70,1.60
2007.09.10 22:00:46.560,1.1857,1.186,16.70,20.70
2007.09.10 22:00:48.614,1.1857,1.1861,19.90,35.90
2007.09.10 22:00:48.712,1.1857,1.186,23.90,0.50
2007.09.10 22:00:52.635,1.1857,1.186,23.90,0.80
2007.09.10 22:00:52.843,1.1857,1.186,16.70,20.70
2007.09.10 22:00:55.230,1.1857,1.1859,19.90,0.70
2007.09.10 22:00:55.339,1.1857,1.186,23.90,0.70
2007.09.10 22:00:59.799,1.1857,1.1861,27.90,31.00
2007.09.10 22:01:00.315,1.1858,1.186,4.00,0.70
2007.09.10 22:01:34.725,1.1858,1.186,12.00,4.00
2007.09.10 22:01:34.829,1.1858,1.186,23.90,4.00
2007.09.10 22:01:36.296,1.1858,1.186,27.90,4.00
2007.09.10 22:01:47.218,1.1859,1.1862,8.70,27.10
2007.09.10 22:01:47.254,1.1859,1.1862,16.70,27.10
2007.09.10 22:01:47.351,1.1859,1.1861,16.70,4.00
2007.09.10 22:02:05.965,1.1859,1.1861,19.90,4.00
2007.09.10 22:02:06.701,1.186,1.1861,8.00,4.00
2007.09.10 22:02:06.804,1.186,1.1864,27.90,17.70
2007.09.10 22:02:07.722,1.186,1.1864,19.90,17.70
2007.09.10 22:02:07.750,1.186,1.1864,8.00,17.70
2007.09.10 22:02:07.964,1.186,1.1864,8.00,23.40
2007.09.10 22:02:07.989,1.186,1.1864,4.00,23.40
2007.09.10 22:02:08.182,1.1859,1.1864,33.50,24.40
2007.09.10 22:02:08.730,1.186,1.1864,4.00,24.40
2007.09.10 22:02:08.959,1.186,1.1864,4.00,18.60
2007.09.10 22:02:10.397,1.186,1.1864,4.00,17.70
2007.09.10 22:02:11.762,1.186,1.1863,4.00,1.80
2007.09.10 22:02:11.880,1.1859,1.1863,4.00,5.80
2007.09.10 22:02:14.691,1.1859,1.1863,12.00,5.80
2007.09.10 22:02:14.703,1.1859,1.1863,12.00,4.00
2007.09.10 22:02:14.839,1.1859,1.1863,17.60,4.00
2007.09.10 22:02:15.035,1.186,1.1864,4.00,17.70
2007.09.10 22:02:15.314,1.186,1.1864,4.00,5.80
2007.09.10 22:02:21.220,1.186,1.1864,19.90,5.80
2007.09.10 22:02:21.442,1.1861,1.1864,4.00,1.80
2007.09.10 22:02:23.687,1.1861,1.1864,4.00,13.70
2007.09.10 22:02:24.854,1.186,1.1864,8.00,17.70
2007.09.10 22:02:25.164,1.186,1.1864,4.00,17.70
2007.09.10 22:02:27.804,1.186,1.1864,19.90,17.70
2007.09.10 22:02:27.827,1.186,1.1864,27.90,17.70
2007.09.10 22:02:27.855,1.186,1.1864,33.50,17.70
2007.09.10 22:02:27.913,1.1861,1.1864,4.00,13.70
2007.09.10 22:02:44.417,1.186,1.1864,12.00,17.70
2007.09.10 22:02:44.882,1.186,1.1864,4.00,17.70
2007.09.10 22:02:50.285,1.186,1.1864,8.00,17.70
2007.09.10 22:02:50.309,1.186,1.1864,16.00,17.70
2007.09.10 22:02:50.437,1.186,1.1864,21.60,17.70
2007.09.10 22:02:50.696,1.186,1.1864,33.50,17.70
2007.09.10 22:02:51.037,1.1861,1.1864,4.00,13.70
2007.09.10 22:02:51.268,1.186,1.1864,37.50,13.70
2007.09.10 22:02:55.583,1.186,1.1864,2.10,17.70
2007.09.10 22:02:55.757,1.1859,1.1864,16.00,23.40
2007.09.10 22:02:55.797,1.1859,1.1863,16.00,1.80
2007.09.10 22:02:55.949,1.1859,1.1863,12.00,5.80
2007.09.10 22:02:57.090,1.18585,1.1863,9.60,5.80
2007.09.10 22:03:24.134,1.1859,1.1863,4.00,4.00
2007.09.10 22:03:24.844,1.186,1.1864,4.00,25.80
2007.09.10 22:03:24.949,1.186,1.1864,4.00,20.10
2007.09.10 22:03:27.756,1.186,1.1864,4.00,25.80
2007.09.10 22:03:27.883,1.1859,1.1863,4.00,4.00
2007.09.10 22:03:42.291,1.1859,1.1862,4.00,1.80
2007.09.10 22:03:42.549,1.1859,1.1862,4.00,0.60
2007.09.10 22:03:43.638,1.1858,1.1862,4.00,0.60
2007.09.10 22:04:10.756,1.1858,1.1861,4.00,1.80
2007.09.10 22:04:12.792,1.1858,1.1862,4.00,17.70
2007.09.10 22:04:14.252,1.1858,1.1862,4.00,15.90
2007.09.10 22:04:14.823,1.1858,1.1862,9.60,15.90
2007.09.10 22:04:14.876,1.1859,1.1862,4.00,11.90
2007.09.10 22:04:17.950,1.1858,1.1862,9.60,11.90
2007.09.10 22:04:19.851,1.1858,1.1862,9.60,15.90
2007.09.10 22:04:19.884,1.1858,1.1862,4.00,15.90
2007.09.10 22:05:06.924,1.18577,1.18587,49.50,30.40
2007.09.10 22:05:21.569,1.18573,1.18598,7.70,2.40
2007.09.10 22:05:21.753,1.18582,1.18592,62.30,0.80
2007.09.10 22:05:29.419,1.18576,1.18596,2.40,0.80
2007.09.10 22:05:43.785,1.18573,1.18593,17.50,46.60
2007.09.10 22:05:46.174,1.18572,1.18592,49.50,30.40
2007.09.10 22:06:08.305,1.18577,1.18587,8.00,42.80
2007.09.10 22:06:10.664,1.18576,1.18591,22.80,13.60
2007.09.10 22:06:20.442,1.18581,1.18591,33.60,0.05
2007.09.10 22:06:21.282,1.1858,1.18595,22.80,13.60
2007.09.10 22:06:21.307,1.1858,1.186,2.40,37.20
2007.09.10 22:06:21.405,1.18584,1.18604,36.70,7.20
2007.09.10 22:06:21.663,1.18586,1.18606,2.40,38.00
2007.09.10 22:06:23.535,1.18587,1.18607,17.50,46.60
2007.09.10 22:06:23.628,1.18587,1.18602,2.40,8.00
2007.09.10 22:06:23.830,1.18586,1.18601,2.40,1.60
2007.09.10 22:06:46.182,1.18587,1.18597,8.00,42.80
2007.09.10 22:06:46.726,1.18577,1.18602,22.80,13.60
2007.09.10 22:06:50.337,1.18577,1.18592,2.40,49.90
2007.09.10 22:06:51.399,1.18567,1.18597,2.40,0.80
2007.09.10 22:07:00.838,1.1858,1.1862,4.00,19.90
2007.09.10 22:08:03.063,1.1858,1.1861,4.00,0.80
2007.09.10 22:08:03.280,1.1858,1.186,4.00,4.00
2007.09.10 22:08:03.595,1.1857,1.1859,27.90,4.00
2007.09.10 22:08:30.761,1.1858,1.1859,8.00,4.00
2007.09.10 22:08:30.897,1.1858,1.1859,16.70,4.00
2007.09.10 22:08:31.320,1.1858,1.186,16.70,8.00
2007.09.10 22:08:36.478,1.1858,1.186,7.40,8.00
2007.09.10 22:08:43.750,1.1857,1.1861,37.70,8.00
2007.09.10 22:08:43.813,1.1857,1.1861,43.30,8.00
2007.09.10 22:08:43.968,1.1858,1.1861,37.50,4.00
2007.09.10 22:08:44.381,1.18585,1.1863,9.60,19.90
2007.09.10 22:08:44.756,1.1859,1.1863,4.10,19.90
2007.09.10 22:08:44.791,1.18585,1.1863,29.50,15.90
2007.09.10 22:08:44.832,1.1859,1.1863,9.10,15.90
2007.09.10 22:08:45.286,1.1859,1.1863,9.90,15.90
2007.09.10 22:08:51.834,1.1858,1.18635,37.50,0.80
2007.09.10 22:09:00.061,1.18585,1.18635,33.50,0.80
2007.09.10 22:09:00.200,1.18585,1.1863,33.50,4.00
2007.09.10 22:09:00.319,1.18585,1.1863,33.50,15.90
2007.09.10 22:09:49.368,1.1859,1.1863,33.50,15.90
2007.09.10 22:09:49.385,1.186,1.1863,4.00,11.90
2007.09.10 22:09:49.808,1.186,1.1864,4.00,22.60
2007.09.10 22:10:31.317,1.1859,1.1864,33.50,22.60
2007.09.10 22:10:31.373,1.1859,1.1864,33.50,28.40
2007.09.10 22:10:35.535,1.1859,1.18635,27.90,5.70
2007.09.10 22:10:35.693,1.1859,1.1863,27.90,15.90
2007.09.10 22:10:40.702,1.1859,1.1863,19.90,15.90
2007.09.10 22:10:40.754,1.1859,1.1863,4.00,15.90
2007.09.10 22:10:41.268,1.1859,1.1863,4.00,20.80
2007.09.10 22:10:41.746,1.1859,1.1863,9.60,20.80
2007.09.10 22:10:41.795,1.1859,1.1863,9.60,16.80
2007.09.10 22:10:42.249,1.1859,1.1863,4.00,22.60
2007.09.10 22:10:42.322,1.1858,1.1862,27.90,15.90
2007.09.10 22:10:42.761,1.18585,1.1862,5.60,15.90
2007.09.10 22:10:42.832,1.18585,1.1862,5.60,4.00
2007.09.10 22:10:43.284,1.1859,1.1862,5.60,4.00
2007.09.10 22:10:43.417,1.186,1.1863,4.00,16.80
2007.09.10 22:10:45.089,1.1859,1.1863,4.00,20.80
2007.09.10 22:10:47.884,1.1859,1.1863,9.60,20.80
2007.09.10 22:10:48.099,1.1859,1.1863,9.60,16.80
2007.09.10 22:10:48.303,1.1859,1.1863,21.60,11.90
2007.09.10 22:10:48.389,1.18595,1.1863,5.60,11.90
2007.09.10 22:10:48.403,1.186,1.1864,4.00,22.60
2007.09.10 22:10:55.170,1.186,1.1864,12.00,22.60
2007.09.10 22:10:55.534,1.186,1.1864,27.90,5.80
2007.09.10 22:10:56.474,1.186,1.1864,27.90,17.70
2007.09.10 22:11:00.747,1.186,1.1864,31.90,17.70
2007.09.10 22:11:01.052,1.186,1.1864,36.80,21.70
2007.09.10 22:11:01.342,1.186,1.1864,42.40,21.70
2007.09.10 22:11:01.384,1.186,1.1864,42.40,5.80
2007.09.10 22:11:04.228,1.1859,1.1864,43.20,5.80
2007.09.10 22:11:04.766,1.186,1.1864,42.40,4.00
2007.09.10 22:11:04.858,1.186,1.1864,45.50,4.00
2007.09.10 22:11:05.565,1.1861,1.1864,13.50,4.00
2007.09.10 22:11:17.888,1.1861,1.1864,13.80,4.00
2007.09.10 22:11:17.935,1.1862,1.1864,1.20,4.00
2007.09.10 22:11:18.028,1.1861,1.1864,37.50,4.00
2007.09.10 22:11:18.499,1.1862,1.1864,8.50,4.00
2007.09.10 22:11:28.798,1.1862,1.1864,27.80,4.00
2007.09.10 22:11:28.843,1.1862,1.1864,27.80,4.00
2007.09.10 22:11:29.723,1.1863,1.1864,0.50,8.00
2007.09.10 22:11:29.794,1.1862,1.1864,10.80,8.00
2007.09.10 22:11:30.353,1.1861,1.1864,42.40,8.00
2007.09.10 22:11:41.743,1.1862,1.1864,27.90,8.00
2007.09.10 22:11:41.852,1.1863,1.1864,8.70,8.00
2007.09.10 22:11:42.752,1.1863,1.1864,16.70,8.00
2007.09.10 22:11:44.238,1.1863,1.1864,8.00,8.00
2007.09.10 22:11:44.988,1.1862,1.1864,23.90,8.00
2007.09.10 22:11:50.242,1.1862,1.1864,27.90,8.00
2007.09.10 22:11:50.749,1.1863,1.1864,8.00,8.00
2007.09.10 22:11:50.828,1.1863,1.1864,16.70,8.00
2007.09.10 22:11:52.784,1.1863,1.1864,8.70,8.00
2007.09.10 22:11:52.809,1.1862,1.1864,27.90,8.00
2007.09.10 22:11:53.959,1.1862,1.1864,23.90,8.00
2007.09.10 22:11:57.953,1.1862,1.1864,23.90,0.80
2007.09.10 22:11:58.192,1.1862,1.1865,23.90,17.60
2007.09.10 22:11:59.860,1.1862,1.1864,23.90,0.50
2007.09.10 22:12:00.300,1.1862,1.1865,27.90,21.60
2007.09.10 22:12:00.382,1.1863,1.1864,8.70,0.70
2007.09.10 22:12:01.029,1.1863,1.1865,16.70,12.90
2007.09.10 22:12:02.847,1.1863,1.1865,8.00,21.60
2007.09.10 22:12:03.385,1.1862,1.1864,23.90,0.50
2007.09.10 22:12:06.790,1.1862,1.1865,12.00,24.80
2007.09.10 22:12:06.869,1.1862,1.1865,4.00,24.80
2007.09.10 22:12:10.314,1.1861,1.1865,31.90,28.80
2007.09.10 22:12:10.710,1.1861,1.1865,27.90,28.80
2007.09.10 22:12:11.289,1.1861,1.1864,19.90,0.80
2007.09.10 22:12:11.343,1.1861,1.1865,8.00,28.80
2007.09.10 22:12:28.215,1.1861,1.1864,4.00,4.00
2007.09.10 22:12:39.619,1.18605,1.1864,0.80,8.00
2007.09.10 22:12:40.236,1.18605,1.1864,0.80,9.80
2007.09.10 22:12:57.361,1.18605,1.18635,0.80,5.70
2007.09.10 22:12:57.448,1.18605,1.1863,0.80,14.50
2007.09.10 22:12:57.715,1.18605,1.1863,0.80,18.50
2007.09.10 22:13:00.251,1.18605,1.1863,0.80,0.60
2007.09.10 22:13:04.580,1.18605,1.1864,0.80,24.50
2007.09.10 22:13:05.518,1.18605,1.1863,0.80,0.70
2007.09.10 22:13:15.854,1.18605,1.1864,0.80,29.70
2007.09.10 22:13:16.597,1.186,1.1864,28.80,35.40
2007.09.10 22:13:16.756,1.186,1.1863,12.90,0.60
2007.09.10 22:13:16.803,1.186,1.1864,4.90,32.40
2007.09.10 22:13:16.972,1.186,1.1864,4.00,32.40
2007.09.10 22:13:17.385,1.186,1.1863,4.00,0.60
2007.09.10 22:13:18.739,1.186,1.1864,4.00,32.40
2007.09.10 22:13:21.290,1.1859,1.1864,16.00,40.40
2007.09.10 22:13:33.153,1.1859,1.1863,12.00,4.00
2007.09.10 22:13:42.762,1.186,1.1863,3.30,4.70
2007.09.10 22:13:45.140,1.1859,1.1863,37.50,0.70
2007.09.10 22:13:51.737,1.186,1.1863,12.00,0.70
2007.09.10 22:13:52.221,1.186,1.1863,16.00,0.70
2007.09.10 22:13:52.300,1.186,1.1863,27.90,0.70
2007.09.10 22:13:57.459,1.186,1.1864,27.90,24.90
2007.09.10 22:14:06.002,1.186,1.18625,27.90,0.80
2007.09.10 22:14:06.046,1.186,1.1862,27.90,0.70
2007.09.10 22:14:06.258,1.186,1.1862,23.90,0.70
2007.09.10 22:14:06.363,1.186,1.1862,23.90,4.70
2007.09.10 22:14:07.617,1.186,1.1862,23.90,8.70
2007.09.10 22:14:35.167,1.186,1.1862,23.90,4.70
2007.09.10 22:14:37.624,1.186,1.1862,23.90,8.70
2007.09.10 22:14:58.774,1.186,1.1862,12.00,8.70
2007.09.10 22:14:58.827,1.186,1.1862,4.00,8.70
2007.09.10 22:15:01.871,1.186,1.18625,4.00,9.50
2007.09.10 22:15:03.500,1.186,1.1862,8.00,0.80
2007.09.10 22:15:05.201,1.186,1.18625,8.00,5.50
2007.09.10 22:16:03.545,1.186,1.1862,4.00,4.70
2007.09.10 22:16:06.452,1.186,1.1862,4.00,0.70
2007.09.10 22:16:58.372,1.186,1.1862,4.00,1.30
2007.09.10 22:17:09.075,1.186,1.1862,4.00,1.40
2007.09.10 22:17:11.150,1.186,1.1862,4.00,1.30
2007.09.10 22:17:32.887,1.1859,1.1862,31.90,1.30
2007.09.10 22:17:47.991,1.1859,1.1862,31.90,1.30
2007.09.10 22:18:40.766,1.1859,1.1862,27.90,1.30
2007.09.10 22:18:41.290,1.1859,1.1862,12.00,13.20
2007.09.10 22:18:41.390,1.1859,1.1862,16.00,13.20
2007.09.10 22:18:41.603,1.1859,1.1862,12.00,17.20
2007.09.10 22:18:42.034,1.1859,1.1862,12.00,5.30
2007.09.10 22:18:42.166,1.1859,1.1862,16.00,1.30
2007.09.10 22:18:42.776,1.1859,1.1862,8.00,1.30
2007.09.10 22:18:52.039,1.1859,1.1862,8.80,1.30
2007.09.10 22:18:52.227,1.186,1.1862,19.90,1.30
2007.09.10 22:18:52.296,1.186,1.1862,27.90,1.30
2007.09.10 22:18:52.344,1.186,1.1862,31.90,1.30
2007.09.10 22:18:52.767,1.186,1.1862,35.90,1.30
2007.09.10 22:18:52.984,1.186,1.1862,36.80,1.30
2007.09.10 22:18:54.693,1.186,1.1862,28.80,1.30
2007.09.10 22:18:54.858,1.186,1.1862,23.90,1.30
2007.09.10 22:18:54.994,1.186,1.1862,4.00,1.30
2007.09.10 22:18:56.876,1.186,1.1862,4.00,2.40
2007.09.10 22:19:00.533,1.186,1.1863,4.00,30.40
2007.09.10 22:19:08.698,1.186,1.1862,4.00,1.80
2007.09.10 22:19:21.512,1.1859,1.1862,8.00,1.80
2007.09.10 22:19:31.205,1.1859,1.1863,8.00,26.40
2007.09.10 22:19:42.762,1.1859,1.1863,16.00,26.40
2007.09.10 22:19:42.807,1.1859,1.1863,35.90,22.40
2007.09.10 22:19:43.113,1.186,1.1863,4.00,18.40
2007.09.10 22:19:48.773,1.1859,1.1863,35.90,18.40
2007.09.10 22:19:55.024,1.1859,1.1863,41.50,16.60
2007.09.10 22:19:55.135,1.1859,1.1863,45.50,0.70
2007.09.10 22:20:05.100,1.186,1.1863,2.30,0.80
2007.09.10 22:20:06.291,1.186,1.1863,2.60,0.70
2007.09.10 22:20:19.206,1.186,1.1863,8.00,6.40
2007.09.10 22:20:19.383,1.186,1.1862,4.00,4.00
2007.09.10 22:20:19.838,1.186,1.1862,4.00,9.70
2007.09.10 22:20:19.908,1.186,1.1861,4.00,11.90
2007.09.10 22:20:20.186,1.1858,1.1861,4.50,11.90
2007.09.10 22:20:20.227,1.1858,1.1861,8.50,11.90
2007.09.10 22:20:20.704,1.1858,1.1861,4.50,15.90
2007.09.10 22:20:20.859,1.1858,1.1861,4.50,17.70
2007.09.10 22:20:20.978,1.1858,1.1861,4.50,21.70
2007.09.10 22:20:22.245,1.1858,1.1861,4.50,8.00
2007.09.10 22:20:22.452,1.1858,1.1861,4.50,4.00
2007.09.10 22:20:23.887,1.1859,1.1862,4.00,29.60
2007.09.10 22:20:23.939,1.1859,1.1862,4.00,23.90
2007.09.10 22:20:30.211,1.1859,1.1862,4.00,25.70
2007.09.10 22:20:30.319,1.1859,1.1862,4.00,29.70
2007.09.10 22:20:30.417,1.1858,1.1861,4.00,4.00
2007.09.10 22:20:38.076,1.1859,1.1862,4.00,23.90
2007.09.10 22:20:38.717,1.1859,1.1862,4.00,29.70
2007.09.10 22:20:38.824,1.1859,1.1862,4.00,35.40
2007.09.10 22:20:38.857,1.1857,1.1861,32.40,15.90
2007.09.10 22:20:38.946,1.1858,1.1861,4.00,15.90
2007.09.10 22:20:39.891,1.1858,1.1861,4.00,4.00
2007.09.10 22:20:40.006,1.1859,1.1862,4.00,28.80
2007.09.10 22:20:43.900,1.1858,1.1861,4.00,4.00
2007.09.10 22:20:50.217,1.1858,1.1861,4.00,5.80
2007.09.10 22:20:50.347,1.1858,1.1861,4.00,21.70
2007.09.10 22:21:08.756,1.1858,1.1861,4.00,25.70
2007.09.10 22:21:08.850,1.1857,1.1861,31.90,25.70
2007.09.10 22:21:08.902,1.1857,1.1861,31.90,31.40
2007.09.10 22:21:09.271,1.1857,1.1861,27.90,31.40
2007.09.10 22:21:09.389,1.1857,1.1861,27.90,35.40
2007.09.10 22:21:09.590,1.1857,1.186,27.90,4.00
2007.09.10 22:21:13.288,1.1857,1.1861,31.90,12.00
2007.09.10 22:21:13.417,1.1857,1.1862,31.90,24.50
2007.09.10 22:21:13.486,1.1858,1.1861,4.00,0.90
2007.09.10 22:21:19.699,1.1858,1.1862,12.00,24.50
2007.09.10 22:21:19.818,1.1858,1.1862,31.90,34.60
2007.09.10 22:21:19.923,1.1858,1.1863,35.90,38.40
2007.09.10 22:21:20.133,1.1859,1.1863,4.00,38.50
2007.09.10 22:21:20.658,1.1859,1.1862,4.00,0.70
2007.09.10 22:21:40.857,1.1859,1.1863,4.00,37.90
2007.09.10 22:21:40.939,1.1859,1.1863,4.00,37.90
2007.09.10 22:21:40.974,1.1858,1.1862,12.00,35.40
2007.09.10 22:21:41.383,1.1858,1.1861,4.00,0.60
2007.09.10 22:22:41.087,1.1857,1.1861,27.90,4.00
2007.09.10 22:22:57.762,1.1858,1.1861,8.00,4.00
2007.09.10 22:22:57.790,1.1858,1.1861,12.00,4.00
2007.09.10 22:22:57.878,1.1858,1.1861,27.90,4.00
2007.09.10 22:22:57.953,1.1859,1.1862,4.00,26.60
2007.09.10 22:22:58.075,1.1859,1.1862,4.00,25.60
2007.09.10 22:22:58.255,1.1859,1.1862,4.00,19.90
2007.09.10 22:22:58.300,1.1859,1.1862,4.00,25.70
2007.09.10 22:22:58.389,1.1859,1.1862,4.00,21.70
2007.09.10 22:22:58.443,1.1859,1.1862,4.00,27.40
2007.09.10 22:22:58.809,1.1858,1.1861,4.00,4.00
2007.09.10 22:22:58.972,1.1858,1.1861,1.20,4.00
2007.09.10 22:23:20.243,1.1858,1.1861,1.70,17.70
2007.09.10 22:23:20.339,1.1857,1.1861,31.90,21.70
2007.09.10 22:23:30.526,1.1858,1.1861,4.00,19.90
2007.09.10 22:23:30.777,1.1858,1.1861,4.00,15.90
2007.09.10 22:23:34.319,1.1858,1.1861,4.00,17.70
2007.09.10 22:23:34.532,1.1858,1.1861,4.00,21.70
2007.09.10 22:23:37.054,1.1858,1.18615,4.00,27.40
2007.09.10 22:24:06.719,1.1858,1.1861,4.00,19.90
2007.09.10 22:24:06.823,1.1858,1.1861,4.00,8.00
2007.09.10 22:24:06.920,1.1858,1.1861,4.00,4.00
2007.09.10 22:24:22.349,1.1858,1.1861,4.00,8.00
2007.09.10 22:24:31.250,1.1858,1.1861,4.00,9.80
2007.09.10 22:24:31.385,1.1858,1.1861,4.00,21.70
2007.09.10 22:24:31.581,1.1859,1.1861,0.80,21.70
2007.09.10 22:24:31.678,1.1859,1.1861,0.80,25.70
2007.09.10 22:24:31.779,1.1859,1.1861,4.80,5.80
2007.09.10 22:24:32.097,1.1859,1.1861,8.80,1.80
2007.09.10 22:24:32.195,1.1859,1.1861,8.90,1.80
2007.09.10 22:24:32.248,1.1859,1.1862,8.90,27.50
2007.09.10 22:24:32.294,1.1859,1.1861,8.90,0.80
2007.09.10 22:24:32.409,1.1859,1.1861,4.90,0.90
2007.09.10 22:24:32.604,1.18595,1.1861,0.80,0.80
2007.09.10 22:24:32.788,1.1859,1.1861,4.90,0.70
2007.09.10 22:24:32.819,1.1858,1.1861,4.00,0.50
2007.09.10 22:25:11.212,1.1858,1.1861,4.00,29.70
2007.09.10 22:25:11.832,1.1858,1.1863,4.00,12.70
2007.09.10 22:25:11.949,1.1857,1.1861,36.80,35.40
2007.09.10 22:25:13.389,1.1857,1.186,40.80,4.00
2007.09.10 22:25:29.538,1.1857,1.186,36.80,8.00
2007.09.10 22:25:29.961,1.1857,1.186,32.80,12.00
2007.09.10 22:25:30.178,1.1857,1.186,28.80,12.00
2007.09.10 22:25:34.228,1.1857,1.186,32.80,12.00
2007.09.10 22:25:34.460,1.1858,1.186,4.00,12.00
2007.09.10 22:25:39.505,1.1857,1.186,32.80,12.00
2007.09.10 22:25:40.531,1.18565,1.186,34.40,12.00
2007.09.10 22:25:40.937,1.1858,1.186,0.30,12.00
2007.09.10 22:25:41.140,1.18575,1.186,1.10,8.00
2007.09.10 22:25:42.886,1.1858,1.186,0.30,12.00
2007.09.10 22:26:11.166,1.1858,1.186,0.30,8.00
2007.09.10 22:26:11.980,1.1858,1.186,0.30,12.00
2007.09.10 22:26:13.017,1.1858,1.186,0.30,16.00
2007.09.10 22:26:17.390,1.1858,1.186,0.30,12.00
2007.09.10 22:26:22.677,1.1858,1.186,0.30,16.00
2007.09.10 22:26:25.332,1.1858,1.186,0.20,16.00
2007.09.10 22:26:31.952,1.1857,1.186,30.40,16.00
2007.09.10 22:26:39.319,1.1857,1.186,26.40,16.00
2007.09.10 22:26:41.185,1.1857,1.186,22.40,12.00
2007.09.10 22:26:42.936,1.1857,1.186,26.40,16.00
2007.09.10 22:26:47.719,1.1857,1.186,34.40,12.00
2007.09.10 22:26:47.827,1.1857,1.186,38.40,8.00
2007.09.10 22:26:51.112,1.1857,1.186,38.40,4.00
2007.09.10 22:26:52.147,1.1857,1.1859,33.50,0.80
2007.09.10 22:26:52.196,1.1857,1.1859,25.50,0.80
2007.09.10 22:26:52.281,1.1857,1.1859,9.60,0.80
2007.09.10 22:26:52.371,1.1857,1.1859,5.60,8.80
2007.09.10 22:26:52.672,1.1857,1.1859,1.60,12.80
2007.09.10 22:26:52.794,1.1857,1.1859,1.60,15.20
2007.09.10 22:26:53.099,1.1857,1.1859,1.60,17.60
2007.09.10 22:27:13.153,1.1857,1.1859,1.60,15.20
2007.09.10 22:27:21.234,1.1857,1.1859,1.60,11.20
2007.09.10 22:27:22.688,1.1857,1.1859,1.60,15.20
2007.09.10 22:27:24.149,1.1857,1.1859,1.60,17.60
2007.09.10 22:27:33.370,1.1857,1.1859,0.80,17.60
2007.09.10 22:27:33.462,1.1856,1.1859,36.80,18.40
2007.09.10 22:27:33.575,1.1856,1.1859,37.60,19.20
2007.09.10 22:27:33.665,1.1856,1.1859,36.80,16.80
2007.09.10 22:27:33.777,1.18565,1.1859,0.80,16.80
2007.09.10 22:27:34.088,1.18565,1.1859,0.80,19.20
2007.09.10 22:27:39.894,1.18565,1.1859,0.80,16.80
2007.09.10 22:27:40.529,1.18565,1.1859,0.80,19.20
2007.09.10 22:27:48.696,1.18565,1.1859,0.80,16.80
2007.09.10 22:27:48.862,1.1856,1.1859,36.80,16.80
2007.09.10 22:27:49.101,1.1856,1.1859,36.80,19.20
2007.09.10 22:27:49.319,1.1856,1.1859,37.60,19.20
2007.09.10 22:27:51.247,1.1856,1.1859,33.60,15.20
2007.09.10 22:27:52.722,1.1856,1.1859,37.60,19.20
2007.09.10 22:27:55.395,1.1855,1.1859,43.20,19.20
2007.09.10 22:28:06.177,1.1856,1.1859,14.70,16.80
2007.09.10 22:28:07.009,1.1856,1.1859,2.70,19.20
2007.09.10 22:28:07.221,1.1856,1.1859,5.10,16.80
2007.09.10 22:28:18.087,1.1856,1.1858,14.50,3.20
2007.09.10 22:28:18.151,1.1855,1.1858,40.00,5.60
2007.09.10 22:28:18.193,1.1855,1.1858,38.40,5.60
2007.09.10 22:28:18.248,1.1855,1.1858,38.40,5.60
2007.09.10 22:28:18.290,1.1855,1.1858,39.20,8.00
2007.09.10 22:28:18.363,1.1856,1.1858,2.70,8.80
2007.09.10 22:28:18.408,1.1855,1.1858,37.60,8.80
2007.09.10 22:28:18.711,1.18555,1.1858,4.80,12.80
2007.09.10 22:28:18.920,1.18555,1.1858,0.80,32.70
2007.09.10 22:28:19.751,1.1855,1.1857,14.50,4.00
2007.09.10 22:28:20.878,1.18555,1.1858,0.80,11.20
2007.09.10 22:28:20.951,1.18555,1.1858,0.80,12.00
2007.09.10 22:28:20.980,1.1855,1.1858,41.60,12.80
2007.09.10 22:28:21.077,1.18555,1.1858,0.80,15.20
2007.09.10 22:28:27.012,1.1855,1.1858,36.00,15.20
2007.09.10 22:28:32.464,1.1854,1.1858,48.00,15.20
2007.09.10 22:28:39.712,1.1855,1.1858,8.70,11.20
2007.09.10 22:28:39.739,1.1855,1.1858,40.00,8.00
2007.09.10 22:28:39.815,1.1855,1.1858,44.00,4.00
2007.09.10 22:28:46.412,1.1855,1.1858,40.80,4.00
2007.09.10 22:28:49.155,1.1855,1.1859,43.90,28.10
2007.09.10 22:28:50.791,1.1855,1.1858,43.90,4.00
2007.09.10 22:28:54.325,1.1856,1.1858,3.90,8.00
2007.09.10 22:28:54.725,1.1856,1.1857,3.40,2.40
2007.09.10 22:28:54.744,1.1856,1.1857,1.70,3.20
2007.09.10 22:28:54.857,1.18545,1.1857,21.70,7.20
2007.09.10 22:28:54.951,1.18545,1.1857,17.70,7.20
2007.09.10 22:28:55.067,1.18545,1.1857,16.80,7.20
2007.09.10 22:28:55.369,1.18545,1.1856,16.80,4.00
2007.09.10 22:28:55.694,1.18545,1.1856,12.80,8.00
2007.09.10 22:28:55.957,1.1854,1.1856,31.90,8.00
2007.09.10 22:28:57.708,1.1854,1.1856,31.90,8.00
2007.09.10 22:28:57.732,1.1855,1.1858,11.40,18.70
2007.09.10 22:28:57.842,1.1855,1.1858,4.90,14.70
2007.09.10 22:28:57.874,1.1855,1.1858,11.00,8.90
2007.09.10 22:28:58.679,1.1855,1.1857,1.90,4.00
2007.09.10 22:28:58.731,1.1855,1.1857,27.90,4.00
2007.09.10 22:28:59.805,1.1855,1.1858,44.70,4.90
2007.09.10 22:29:00.855,1.1856,1.1858,2.60,8.90
2007.09.10 22:29:01.203,1.18545,1.1858,40.70,8.90
2007.09.10 22:29:01.248,1.18545,1.1858,36.70,8.90
2007.09.10 22:29:01.377,1.18545,1.1858,32.70,12.90
2007.09.10 22:29:01.685,1.18545,1.1857,28.70,4.00
2007.09.10 22:29:08.682,1.1855,1.1857,19.90,4.00
2007.09.10 22:29:09.109,1.1855,1.1857,4.00,4.00
2007.09.10 22:29:09.429,1.1855,1.1857,8.00,4.00
2007.09.10 22:29:10.373,1.1855,1.1857,4.00,4.00
2007.09.10 22:29:12.857,1.1855,1.1857,4.00,8.00
2007.09.10 22:29:15.431,1.1854,1.1857,40.80,8.00
2007.09.10 22:29:16.082,1.18535,1.1857,42.40,8.00
2007.09.10 22:29:16.894,1.18535,1.1857,41.50,12.00
2007.09.10 22:29:17.097,1.1854,1.1857,14.00,12.00
2007.09.10 22:29:17.932,1.1854,1.1857,14.70,16.00
2007.09.10 22:29:19.189,1.1854,1.1857,13.80,12.00
2007.09.10 22:29:19.286,1.18535,1.1857,34.40,12.00
2007.09.10 22:29:19.381,1.18535,1.1857,30.40,16.00
2007.09.10 22:29:20.027,1.1854,1.1857,15.60,12.00
2007.09.10 22:29:20.421,1.18535,1.1857,34.40,12.00
2007.09.10 22:29:30.128,1.1853,1.1857,46.40,8.00
2007.09.10 22:29:31.697,1.1853,1.1857,42.40,12.00
2007.09.10 22:30:00.171,1.1854,1.1857,28.80,8.00
2007.09.10 22:30:01.824,1.1854,1.1857,32.80,12.00
2007.09.10 22:30:03.233,1.1854,1.1857,24.80,12.00
2007.09.10 22:30:03.287,1.1854,1.1857,8.00,27.90
2007.09.10 22:30:03.382,1.1854,1.1857,8.00,23.90
2007.09.10 22:30:03.699,1.1854,1.1857,8.00,27.90
2007.09.10 22:30:03.752,1.1854,1.1857,8.00,33.60
2007.09.10 22:30:03.795,1.1852,1.1856,32.80,8.00
2007.09.10 22:30:03.978,1.1854,1.1856,4.00,8.00
2007.09.10 22:30:04.831,1.1854,1.1856,4.00,4.00
2007.09.10 22:30:07.829,1.1854,1.1857,8.00,8.00
2007.09.10 22:30:07.933,1.1854,1.1857,12.00,4.00
2007.09.10 22:30:09.820,1.1854,1.1857,8.00,8.00
2007.09.10 22:30:15.185,1.1854,1.1857,8.00,12.00
2007.09.10 22:30:15.305,1.1854,1.1856,8.00,4.00
2007.09.10 22:30:18.992,1.1854,1.1856,8.00,8.00
2007.09.10 22:30:19.411,1.1854,1.1856,4.00,8.00
2007.09.10 22:30:22.605,1.18535,1.1856,1.60,12.00
2007.09.10 22:30:43.217,1.18535,1.1856,1.60,16.00
2007.09.10 22:30:47.616,1.18535,1.1856,1.60,0.60
2007.09.10 22:30:50.172,1.1854,1.1856,1.60,0.90
2007.09.10 22:30:50.264,1.1854,1.1857,9.60,39.10
2007.09.10 22:30:50.281,1.1854,1.1857,8.80,39.10
2007.09.10 22:30:50.307,1.18545,1.1856,0.80,0.60
2007.09.10 22:30:50.366,1.18545,1.1857,1.60,39.10
2007.09.10 22:30:50.375,1.18545,1.1857,1.60,28.10
2007.09.10 22:30:50.907,1.18545,1.1857,1.60,24.10
2007.09.10 22:30:51.110,1.18545,1.1857,1.60,0.50
2007.09.10 22:30:52.662,1.1855,1.1857,0.80,0.50
2007.09.10 22:30:52.720,1.1855,1.1858,11.20,27.60
2007.09.10 22:30:52.839,1.1855,1.1858,11.20,30.70
2007.09.10 22:30:52.872,1.18555,1.1857,0.80,0.50
2007.09.10 22:30:52.950,1.18555,1.1858,0.80,21.90
2007.09.10 22:30:53.159,1.18555,1.1858,0.80,21.90
2007.09.10 22:30:53.335,1.1855,1.1857,14.40,0.70
2007.09.10 22:30:53.484,1.1855,1.1857,10.40,0.90
2007.09.10 22:30:53.991,1.1855,1.1858,14.40,23.30
2007.09.10 22:30:54.200,1.1855,1.1858,14.40,20.20
2007.09.10 22:30:54.289,1.1855,1.1857,4.00,0.80
2007.09.10 22:30:54.311,1.1855,1.1857,4.80,0.60
2007.09.10 22:30:54.379,1.18555,1.1857,0.80,0.50
2007.09.10 22:30:54.496,1.18555,1.1857,0.80,0.50
2007.09.10 22:30:54.594,1.18555,1.1858,1.60,14.70
2007.09.10 22:30:54.850,1.18555,1.1859,1.60,29.20
2007.09.10 22:30:55.242,1.18555,1.1859,1.60,29.20
2007.09.10 22:30:55.897,1.18555,1.18585,0.80,20.40
2007.09.10 22:30:55.967,1.18555,1.18585,0.80,24.40
2007.09.10 22:30:56.332,1.1855,1.1858,17.60,0.50
2007.09.10 22:30:56.424,1.1855,1.18585,18.40,24.40
2007.09.10 22:31:00.717,1.1855,1.18585,14.40,25.20
2007.09.10 22:31:01.264,1.1855,1.18585,14.40,27.60
2007.09.10 22:31:01.761,1.1855,1.1858,10.40,21.90
2007.09.10 22:31:11.806,1.1855,1.1858,14.40,18.70
2007.09.10 22:31:12.933,1.1855,1.1858,18.40,0.60
2007.09.10 22:31:15.225,1.1855,1.1858,18.40,26.60
2007.09.10 22:31:15.637,1.1855,1.1858,18.40,27.40
2007.09.10 22:31:15.739,1.1855,1.1858,17.60,27.40
2007.09.10 22:31:15.753,1.1855,1.1857,13.60,4.00
2007.09.10 22:31:15.841,1.1855,1.1857,17.60,4.00
2007.09.10 22:31:15.988,1.1855,1.1857,18.40,4.00
2007.09.10 22:31:16.782,1.1855,1.1857,14.40,8.00
2007.09.10 22:31:17.674,1.1855,1.1857,13.60,8.00
2007.09.10 22:31:17.790,1.1855,1.1857,25.50,4.00
2007.09.10 22:31:17.886,1.18555,1.1857,0.80,4.00
2007.09.10 22:31:18.838,1.18555,1.1858,0.80,18.70
2007.09.10 22:31:19.036,1.18555,1.1858,1.60,18.70
2007.09.10 22:31:19.740,1.1855,1.1858,30.30,18.70
2007.09.10 22:31:28.285,1.1855,1.1858,30.30,16.90
2007.09.10 22:31:47.211,1.18555,1.1858,0.50,12.90
2007.09.10 22:31:48.756,1.18555,1.1858,0.70,16.90
2007.09.10 22:32:17.136,1.18555,1.1858,1.60,12.90
2007.09.10 22:32:17.855,1.18555,1.1858,0.80,12.90
2007.09.10 22:32:18.167,1.18555,1.1858,1.60,12.90
2007.09.10 22:32:18.779,1.18555,1.1858,1.60,16.90
2007.09.10 22:32:43.833,1.1856,1.1858,0.80,12.90
2007.09.10 22:32:43.961,1.1856,1.1858,1.60,12.90
2007.09.10 22:32:44.250,1.1856,1.1858,1.60,8.90
2007.09.10 22:32:44.348,1.1856,1.1858,5.60,8.90
2007.09.10 22:32:45.295,1.1856,1.1858,14.40,8.90
2007.09.10 22:32:46.215,1.1856,1.1858,14.40,4.90
2007.09.10 22:32:48.904,1.1856,1.1858,14.40,8.90
2007.09.10 22:33:16.338,1.1856,1.1858,14.40,4.90
2007.09.10 22:33:17.792,1.1856,1.1858,14.40,0.90
2007.09.10 22:33:18.838,1.1856,1.1858,14.40,4.90
2007.09.10 22:33:22.737,1.1856,1.1858,5.60,4.90
2007.09.10 22:33:22.766,1.1856,1.1858,4.80,5.70
2007.09.10 22:33:22.781,1.1856,1.1858,4.00,5.70
2007.09.10 22:33:22.862,1.18555,1.1858,0.80,9.70
2007.09.10 22:33:22.942,1.18555,1.1858,1.60,9.70
2007.09.10 22:33:23.253,1.18555,1.1858,1.60,12.10
2007.09.10 22:33:23.278,1.18555,1.1858,1.60,8.10
2007.09.10 22:33:41.231,1.1856,1.1858,2.40,8.10
2007.09.10 22:33:42.659,1.1856,1.1858,10.40,8.10
2007.09.10 22:33:42.759,1.1856,1.1858,10.40,7.30
2007.09.10 22:33:42.845,1.1856,1.1858,11.20,7.30
2007.09.10 22:33:42.857,1.1856,1.1858,16.00,7.30
2007.09.10 22:33:42.952,1.1856,1.1858,16.80,7.30
2007.09.10 22:33:43.682,1.1856,1.1858,16.80,6.40
2007.09.10 22:33:47.202,1.1856,1.1858,16.80,2.40
2007.09.10 22:33:48.753,1.1856,1.1858,16.80,6.40
2007.09.10 22:33:52.272,1.1856,1.1858,16.80,7.30
2007.09.10 22:33:54.234,1.1856,1.1858,16.80,6.40
2007.09.10 22:33:55.696,1.1856,1.1858,16.80,7.30
2007.09.10 22:34:17.127,1.1856,1.1858,16.80,3.30
2007.09.10 22:34:18.781,1.1856,1.1858,16.80,7.30
2007.09.10 22:34:26.784,1.1856,1.1858,29.50,6.40
2007.09.10 22:34:26.809,1.18565,1.1858,0.80,6.40
2007.09.10 22:34:26.902,1.18565,1.1858,1.60,6.40
2007.09.10 22:34:27.313,1.1857,1.1858,2.40,4.00
2007.09.10 22:34:27.674,1.1857,1.1859,2.40,21.70
2007.09.10 22:34:28.099,1.1857,1.1859,2.40,24.10
2007.09.10 22:34:28.728,1.1857,1.1858,2.40,0.90
2007.09.10 22:34:29.155,1.18565,1.1858,0.80,0.90
2007.09.10 22:34:29.249,1.18565,1.1858,0.80,3.30
2007.09.10 22:34:29.357,1.1856,1.1858,32.70,3.30
2007.09.10 22:34:29.650,1.1856,1.1858,16.80,11.30
2007.09.10 22:34:31.099,1.1856,1.1858,24.80,11.30
2007.09.10 22:34:34.698,1.1856,1.1858,24.00,11.30
2007.09.10 22:34:34.716,1.1856,1.1858,24.80,11.30
2007.09.10 22:34:34.828,1.1856,1.1858,36.70,6.40
2007.09.10 22:34:34.900,1.1856,1.1858,35.90,6.40
2007.09.10 22:34:34.919,1.1856,1.1858,35.90,0.80
2007.09.10 22:34:35.102,1.18565,1.1858,0.80,0.50
2007.09.10 22:34:35.305,1.1857,1.1858,2.40,0.70
2007.09.10 22:34:35.752,1.1857,1.186,2.40,33.00
2007.09.10 22:34:36.074,1.1857,1.1859,2.40,0.60
2007.09.10 22:34:37.185,1.18565,1.1859,1.60,25.70
2007.09.10 22:34:37.205,1.18565,1.1859,1.60,23.40
2007.09.10 22:34:37.243,1.18565,1.1858,0.80,0.80
2007.09.10 22:34:37.295,1.1856,1.1859,39.10,23.40
2007.09.10 22:34:37.418,1.1856,1.1859,27.20,26.50
2007.09.10 22:34:37.485,1.1856,1.1859,28.00,26.50
2007.09.10 22:34:37.617,1.1856,1.1859,24.00,26.50
2007.09.10 22:34:37.695,1.1856,1.1859,24.80,25.70
2007.09.10 22:34:41.672,1.1856,1.1859,16.00,25.70
2007.09.10 22:34:41.742,1.1856,1.1859,16.00,25.70
2007.09.10 22:34:41.771,1.1856,1.1859,11.20,25.70
2007.09.10 22:34:41.823,1.1856,1.1858,10.40,0.80
2007.09.10 22:34:41.863,1.1856,1.1858,10.40,0.80
2007.09.10 22:34:42.340,1.1856,1.1858,8.00,17.70
2007.09.10 22:34:42.403,1.18555,1.1858,1.60,22.60
2007.09.10 22:34:43.854,1.18555,1.1857,1.60,0.60
2007.09.10 22:34:47.756,1.1856,1.1858,2.40,21.00
2007.09.10 22:34:47.869,1.1856,1.1858,2.40,11.30
2007.09.10 22:34:48.163,1.1856,1.1857,10.40,0.50
2007.09.10 22:34:48.464,1.1856,1.1858,11.20,11.30
2007.09.10 22:34:48.493,1.1856,1.1858,12.00,11.30
2007.09.10 22:34:48.702,1.1856,1.1859,16.80,28.20
2007.09.10 22:35:12.362,1.1856,1.1858,16.80,11.30
2007.09.10 22:35:15.314,1.1856,1.1858,17.60,10.40
2007.09.10 22:35:15.709,1.1856,1.1858,37.50,10.40
2007.09.10 22:35:15.852,1.1857,1.1858,2.40,4.00
2007.09.10 22:35:15.854,1.1857,1.1858,2.40,8.00
2007.09.10 22:35:16.227,1.1857,1.1858,2.40,4.90
2007.09.10 22:35:16.229,1.18565,1.1858,1.60,7.30
2007.09.10 22:35:16.456,1.18565,1.1858,0.80,7.30
2007.09.10 22:35:16.528,1.1856,1.1858,24.00,7.30
2007.09.10 22:35:16.834,1.1856,1.1858,24.80,7.30
2007.09.10 22:35:17.162,1.1856,1.1858,24.80,3.30
2007.09.10 22:35:29.479,1.1856,1.1858,24.80,7.30
2007.09.10 22:36:16.253,1.1856,1.1858,20.80,7.30
2007.09.10 22:36:16.736,1.1856,1.1858,20.00,7.30
2007.09.10 22:36:17.149,1.1856,1.1858,20.00,3.30
2007.09.10 22:36:18.268,1.1856,1.1858,20.80,3.30
2007.09.10 22:36:18.697,1.1856,1.1858,20.80,7.30
2007.09.10 22:36:21.006,1.1856,1.1858,20.00,7.30
2007.09.10 22:36:21.045,1.1856,1.1858,19.20,7.30
2007.09.10 22:36:21.259,1.1856,1.1858,11.20,7.30
2007.09.10 22:36:21.354,1.1856,1.1858,11.20,15.30
2007.09.10 22:36:21.466,1.1856,1.1858,11.20,19.30
2007.09.10 22:36:21.508,1.1856,1.1858,10.40,19.30
2007.09.10 22:36:21.714,1.1855,1.1858,43.90,19.30
2007.09.10 22:36:22.020,1.1855,1.1858,44.70,19.30
2007.09.10 22:36:42.981,1.1855,1.1858,48.70,15.30
2007.09.10 22:36:43.077,1.1855,1.1858,50.30,15.30
2007.09.10 22:36:43.190,1.1856,1.1858,8.00,15.30
2007.09.10 22:36:43.300,1.1856,1.1858,8.00,11.30
2007.09.10 22:36:43.407,1.1856,1.1858,8.00,7.30
2007.09.10 22:36:43.705,1.1856,1.1858,10.40,7.30
2007.09.10 22:36:46.433,1.1856,1.1858,11.20,7.30
2007.09.10 22:36:46.486,1.1856,1.1858,16.00,7.30
2007.09.10 22:36:46.591,1.1856,1.1858,16.80,7.30
2007.09.10 22:36:48.022,1.1856,1.1858,16.80,3.30
2007.09.10 22:36:48.753,1.1856,1.1858,16.80,7.30
2007.09.10 22:36:52.687,1.1856,1.1859,16.80,27.50
2007.09.10 22:37:01.366,1.1856,1.1859,12.00,27.50
2007.09.10 22:37:01.522,1.1856,1.1858,11.20,0.60
2007.09.10 22:37:01.670,1.1856,1.1858,10.40,0.50
2007.09.10 22:37:02.347,1.1856,1.1859,11.20,27.50
2007.09.10 22:37:02.436,1.1856,1.1858,15.20,0.70
2007.09.10 22:37:02.451,1.1856,1.1859,16.00,27.50
2007.09.10 22:37:02.586,1.1856,1.1859,16.80,27.50
2007.09.10 22:37:04.948,1.1856,1.1859,16.00,27.50
2007.09.10 22:37:04.977,1.1856,1.1858,15.20,0.50
2007.09.10 22:37:05.090,1.1856,1.1859,10.40,25.10
2007.09.10 22:37:10.990,1.1856,1.1858,15.20,0.50
2007.09.10 22:37:11.091,1.1856,1.1858,16.00,0.90
2007.09.10 22:37:11.343,1.1856,1.1859,16.80,25.10
2007.09.10 22:37:13.786,1.1856,1.1859,16.00,25.10
2007.09.10 22:37:13.816,1.1856,1.1859,11.20,25.10
2007.09.10 22:37:13.897,1.1856,1.1858,10.40,0.90
2007.09.10 22:37:17.147,1.1856,1.1858,10.40,0.60
2007.09.10 22:37:18.763,1.1856,1.1859,10.40,27.50
2007.09.10 22:37:23.136,1.1856,1.1858,10.40,8.10
2007.09.10 22:37:23.158,1.1856,1.1858,2.40,8.10
2007.09.10 22:37:23.249,1.1856,1.1858,2.40,8.90
2007.09.10 22:37:23.340,1.1856,1.1858,2.40,16.90
2007.09.10 22:37:23.353,1.1856,1.1858,2.40,17.70
2007.09.10 22:37:24.050,1.1856,1.1858,2.40,20.10
2007.09.10 22:37:27.658,1.18555,1.1857,1.60,2.40
2007.09.10 22:37:27.862,1.1855,1.1857,28.00,2.40
2007.09.10 22:37:27.965,1.1855,1.1857,28.80,2.40
2007.09.10 22:37:28.871,1.1855,1.1857,24.80,6.40
2007.09.10 22:37:57.167,1.1855,1.1857,24.80,2.40
2007.09.10 22:37:58.842,1.1855,1.1857,24.80,6.40
2007.09.10 22:37:59.014,1.1854,1.1857,43.20,6.40
2007.09.10 22:38:27.210,1.1855,1.1857,24.80,2.40
2007.09.10 22:38:27.733,1.1855,1.1857,20.80,2.40
2007.09.10 22:38:27.935,1.1855,1.1857,20.00,2.40
2007.09.10 22:38:28.870,1.1855,1.1857,20.00,6.40
2007.09.10 22:38:29.568,1.1855,1.1857,20.80,6.40
2007.09.10 22:38:57.134,1.1855,1.1857,20.80,2.40
2007.09.10 22:38:58.911,1.1855,1.1857,20.80,6.40
2007.09.10 22:39:02.307,1.1855,1.1858,20.80,37.60
2007.09.10 22:39:27.190,1.1855,1.1857,20.80,0.70
2007.09.10 22:39:28.910,1.1855,1.1857,20.80,0.50
2007.09.10 22:39:29.556,1.1855,1.1857,20.00,6.40
2007.09.10 22:39:29.756,1.1855,1.1857,20.80,6.40
2007.09.10 22:39:57.164,1.1855,1.1857,20.80,2.40
2007.09.10 22:39:58.828,1.1855,1.1857,20.80,6.40
2007.09.10 22:40:27.194,1.1855,1.1857,20.80,2.40
2007.09.10 22:40:28.852,1.1855,1.1857,20.80,6.40
2007.09.10 22:40:29.644,1.1855,1.1857,20.00,6.40
2007.09.10 22:40:29.846,1.1855,1.1857,20.80,6.40
2007.09.10 22:40:44.703,1.1855,1.1857,10.40,6.40
2007.09.10 22:40:44.810,1.1855,1.1857,0.80,31.20
2007.09.10 22:40:44.827,1.18545,1.1857,0.80,31.20
2007.09.10 22:40:45.012,1.18545,1.1856,0.80,4.00
2007.09.10 22:40:45.220,1.18545,1.1856,1.60,4.00
2007.09.10 22:40:45.727,1.18545,1.1856,1.60,8.00
2007.09.10 22:40:45.923,1.18545,1.1856,1.20,8.00
2007.09.10 22:40:50.407,1.18545,1.1856,0.70,4.00
2007.09.10 22:40:50.621,1.1854,1.1857,26.30,22.40
2007.09.10 22:40:50.716,1.1854,1.1857,34.30,14.40
2007.09.10 22:40:51.678,1.18545,1.1857,0.80,20.10
2007.09.10 22:40:51.696,1.1853,1.1857,46.40,20.10
2007.09.10 22:40:51.731,1.1854,1.1856,6.20,0.80
2007.09.10 22:40:51.821,1.1854,1.1856,2.00,4.80
2007.09.10 22:40:52.150,1.18535,1.1856,15.20,8.80
2007.09.10 22:40:52.256,1.1854,1.1855,0.90,2.40
2007.09.10 22:40:52.643,1.18535,1.1856,5.60,20.70
2007.09.10 22:40:52.756,1.18535,1.1856,13.60,20.70
2007.09.10 22:40:53.075,1.1854,1.1856,24.70,4.00
2007.09.10 22:40:53.127,1.1855,1.1856,1.20,4.00
2007.09.10 22:40:53.191,1.1854,1.1856,30.30,4.00
2007.09.10 22:40:53.272,1.1855,1.1856,0.80,4.00
2007.09.10 22:40:53.298,1.1854,1.1855,21.20,4.00
2007.09.10 22:40:53.393,1.1855,1.1856,0.60,4.00
2007.09.10 22:40:53.817,1.1854,1.1857,51.10,11.30
2007.09.10 22:40:54.081,1.1855,1.1857,3.10,11.30
2007.09.10 22:40:56.639,1.1855,1.1857,3.40,11.30
2007.09.10 22:40:56.733,1.1854,1.1857,53.50,11.30
2007.09.10 22:41:00.850,1.1855,1.1857,0.70,11.30
2007.09.10 22:41:00.880,1.18545,1.1857,2.40,11.30
2007.09.10 22:41:01.050,1.18545,1.1857,2.40,15.30
2007.09.10 22:41:01.677,1.1854,1.1857,43.10,15.30
2007.09.10 22:41:01.691,1.1853,1.1857,48.70,15.30
2007.09.10 22:41:01.778,1.18545,1.1857,0.80,15.30
2007.09.10 22:41:01.901,1.18545,1.1857,0.50,19.30
2007.09.10 22:41:03.833,1.1854,1.1857,28.80,31.20
2007.09.10 22:41:03.919,1.1854,1.1857,28.80,31.20
2007.09.10 22:41:03.935,1.1854,1.1857,6.10,31.20
2007.09.10 22:41:04.012,1.1854,1.1857,11.60,31.20
2007.09.10 22:41:12.328,1.1854,1.1857,10.20,31.20
2007.09.10 22:41:12.373,1.1853,1.1857,51.10,19.30
2007.09.10 22:41:12.446,1.1854,1.1857,18.90,19.30
2007.09.10 22:41:12.607,1.18545,1.1857,0.80,19.30
2007.09.10 22:41:13.179,1.1854,1.1857,44.70,19.30
2007.09.10 22:41:22.147,1.18545,1.1857,1.60,15.30
2007.09.10 22:41:23.822,1.18545,1.1857,1.60,19.30
2007.09.10 22:41:39.866,1.18545,1.1857,0.80,19.30
2007.09.10 22:41:39.998,1.18555,1.1857,0.80,19.30
2007.09.10 22:41:40.489,1.18555,1.1857,0.80,11.30
2007.09.10 22:41:40.592,1.18555,1.1857,0.80,7.30
2007.09.10 22:41:40.994,1.18555,1.1857,1.60,7.30
2007.09.10 22:41:42.368,1.18555,1.1857,1.60,6.40
2007.09.10 22:41:42.389,1.18555,1.1857,0.80,6.40
2007.09.10 22:41:42.604,1.1856,1.1857,0.80,6.40
2007.09.10 22:41:42.674,1.1856,1.1857,1.60,6.40
2007.09.10 22:41:43.367,1.1856,1.1857,2.40,6.40
2007.09.10 22:41:43.915,1.1856,1.1857,2.40,2.40
2007.09.10 22:41:44.300,1.1856,1.1858,4.80,24.10
2007.09.10 22:41:52.899,1.1856,1.1858,4.80,23.30
2007.09.10 22:41:52.901,1.1856,1.1858,4.80,22.50
2007.09.10 22:41:52.999,1.1856,1.1858,3.20,22.50
2007.09.10 22:41:53.017,1.1856,1.1858,2.40,19.30
2007.09.10 22:41:53.209,1.18555,1.1858,1.60,19.30
2007.09.10 22:41:53.221,1.18555,1.1858,1.60,15.30
2007.09.10 22:41:53.269,1.18555,1.1858,0.80,15.30
2007.09.10 22:41:53.323,1.1856,1.1858,0.80,15.30
2007.09.10 22:41:53.436,1.1856,1.1858,0.80,11.30
2007.09.10 22:41:53.520,1.1856,1.1858,1.60,11.30
2007.09.10 22:41:53.736,1.1856,1.1858,1.60,10.40
2007.09.10 22:41:53.771,1.1856,1.1858,10.40,10.40
2007.09.10 22:41:53.969,1.1856,1.1858,10.40,6.40
2007.09.10 22:41:54.787,1.1856,1.1858,12.80,6.40
2007.09.10 22:42:03.805,1.1856,1.1858,12.00,6.40
2007.09.10 22:42:04.081,1.1856,1.1858,12.80,6.40
2007.09.10 22:42:11.145,1.1856,1.1858,12.80,2.40
2007.09.10 22:42:13.847,1.1856,1.1858,12.80,6.40
2007.09.10 22:42:20.358,1.1856,1.1858,12.00,6.40
2007.09.10 22:42:20.385,1.1856,1.1858,11.20,6.40
2007.09.10 22:42:20.402,1.18565,1.1858,0.80,6.40
2007.09.10 22:42:20.667,1.18565,1.1858,1.60,6.40
2007.09.10 22:42:27.733,1.18565,1.1858,1.60,8.00
2007.09.10 22:42:32.795,1.18565,1.1858,0.50,8.00
2007.09.10 22:42:37.269,1.1856,1.1858,16.80,5.60
2007.09.10 22:42:37.331,1.18565,1.1858,2.40,5.60
2007.09.10 22:42:37.419,1.1856,1.1858,47.90,5.60
2007.09.10 22:42:37.697,1.1856,1.1858,47.90,5.60
2007.09.10 22:42:37.746,1.1856,1.1858,40.80,1.60
2007.09.10 22:42:37.906,1.1857,1.1858,2.80,1.60
2007.09.10 22:42:38.286,1.1857,1.1858,0.90,1.60
2007.09.10 22:42:38.437,1.1857,1.1858,1.00,1.60
2007.09.10 22:42:38.902,1.1857,1.1858,2.10,5.60
2007.09.10 22:42:39.142,1.1857,1.1858,1.10,5.60
2007.09.10 22:42:39.233,1.18565,1.1858,0.80,8.00
2007.09.10 22:42:39.349,1.18565,1.1858,0.60,8.00
2007.09.10 22:42:39.941,1.18565,1.1858,0.90,12.00
2007.09.10 22:43:15.894,1.1858,1.1859,4.00,8.00
2007.09.10 22:43:15.958,1.1858,1.1859,4.60,4.00
2007.09.10 22:43:16.548,1.1858,1.1862,39.90,20.90
2007.09.10 22:43:16.674,1.1858,1.1862,35.90,28.80
2007.09.10 22:43:16.782,1.1858,1.1861,8.00,4.00
2007.09.10 22:43:17.296,1.1858,1.1861,27.90,8.00
2007.09.10 22:43:17.412,1.1859,1.1861,4.00,4.00
2007.09.10 22:43:17.710,1.1859,1.1861,19.90,4.00
2007.09.10 22:43:18.214,1.1859,1.1861,28.80,4.00
2007.09.10 22:43:18.326,1.1859,1.1861,32.80,4.00
2007.09.10 22:43:18.745,1.1859,1.1861,27.90,4.00
2007.09.10 22:43:21.340,1.1859,1.1862,4.00,17.70
2007.09.10 22:43:21.446,1.1859,1.1862,4.00,33.60
2007.09.10 22:43:22.073,1.1859,1.1861,4.00,4.00
2007.09.10 22:43:23.107,1.1859,1.1862,4.00,30.70
2007.09.10 22:43:23.214,1.18585,1.1861,0.80,8.00
2007.09.10 22:43:29.847,1.18585,1.1861,0.80,4.00
2007.09.10 22:43:30.337,1.1859,1.1861,0.80,4.00
2007.09.10 22:43:30.664,1.1859,1.1861,1.60,4.00
2007.09.10 22:43:30.684,1.1859,1.1861,12.80,4.00
2007.09.10 22:43:30.817,1.186,1.1861,0.80,4.00
2007.09.10 22:43:31.168,1.186,1.1861,1.60,4.00
2007.09.10 22:43:31.197,1.186,1.1861,2.40,4.00
2007.09.10 22:43:31.269,1.186,1.1861,1.60,4.00
2007.09.10 22:43:31.331,1.186,1.1861,0.80,4.00
2007.09.10 22:43:31.703,1.18595,1.1861,0.80,4.00
2007.09.10 22:43:31.782,1.1858,1.1861,12.00,4.00
2007.09.10 22:43:33.557,1.1858,1.1861,12.00,0.80
2007.09.10 22:43:36.747,1.1858,1.1861,24.00,0.80
2007.09.10 22:43:36.861,1.1859,1.1861,0.80,0.90
2007.09.10 22:43:36.962,1.18595,1.1861,0.80,0.80
2007.09.10 22:43:37.350,1.18595,1.1862,1.60,12.00
2007.09.10 22:43:43.812,1.18595,1.1862,1.60,0.80
2007.09.10 22:44:04.680,1.186,1.1862,8.00,12.00
2007.09.10 22:44:04.822,1.186,1.1862,8.80,8.00
2007.09.10 22:44:04.937,1.186,1.1862,9.60,8.00
2007.09.10 22:44:05.130,1.186,1.1862,9.60,4.00
2007.09.10 22:44:05.234,1.186,1.1862,17.60,4.00
2007.09.10 22:44:05.702,1.186,1.1862,20.80,4.00
2007.09.10 22:44:05.744,1.186,1.1863,24.80,21.80
2007.09.10 22:44:09.018,1.186,1.18625,24.80,5.70
2007.09.10 22:44:09.165,1.186,1.1862,24.80,4.00
2007.09.10 22:44:09.246,1.186,1.1862,24.00,4.00
2007.09.10 22:44:09.269,1.186,1.1861,16.00,24.70
2007.09.10 22:44:09.370,1.1859,1.186,1.60,4.00
2007.09.10 22:44:09.769,1.1859,1.186,1.60,4.80
2007.09.10 22:44:09.794,1.1859,1.186,1.60,5.60
2007.09.10 22:44:09.903,1.1859,1.186,1.60,13.60
2007.09.10 22:44:10.012,1.1859,1.18595,1.60,0.80
2007.09.10 22:44:10.129,1.1858,1.18595,8.00,0.80
2007.09.10 22:44:10.405,1.1858,1.1859,8.00,0.80
2007.09.10 22:44:10.438,1.1857,1.1859,24.10,0.80
2007.09.10 22:44:10.548,1.1857,1.1859,12.90,0.80
2007.09.10 22:44:10.732,1.1857,1.1859,12.00,0.80
2007.09.10 22:44:10.834,1.18565,1.1859,0.80,4.80
2007.09.10 22:44:10.945,1.18565,1.18585,0.80,0.80
2007.09.10 22:44:11.355,1.18565,1.1859,0.80,12.00
2007.09.10 22:44:11.554,1.18565,1.1859,0.80,12.80
2007.09.10 22:44:15.750,1.18565,1.1859,0.80,0.50
2007.09.10 22:44:16.687,1.18565,1.1859,0.80,10.40
2007.09.10 22:44:16.832,1.18565,1.1859,0.80,9.60
2007.09.10 22:44:16.878,1.18565,1.1859,7.20,8.80
2007.09.10 22:44:16.995,1.18565,1.1859,8.00,8.00
2007.09.10 22:44:17.363,1.1857,1.1859,8.00,4.00
2007.09.10 22:44:19.823,1.1857,1.1861,4.00,8.00
2007.09.10 22:44:20.777,1.1857,1.1861,4.00,10.40
2007.09.10 22:44:23.227,1.1857,1.1861,4.80,10.40
2007.09.10 22:44:23.244,1.1857,1.1859,5.60,4.00
2007.09.10 22:44:23.350,1.1857,1.1859,5.60,8.00
2007.09.10 22:44:23.365,1.1857,1.1859,6.40,8.00
2007.09.10 22:44:23.743,1.18575,1.1859,0.80,8.00
2007.09.10 22:44:23.766,1.18575,1.1859,0.80,4.00
2007.09.10 22:44:24.690,1.18575,1.186,0.80,12.00
2007.09.10 22:44:24.889,1.18575,1.186,1.60,14.40
2007.09.10 22:44:53.168,1.18575,1.186,1.60,10.40
2007.09.10 22:44:55.033,1.18575,1.186,1.60,14.40
2007.09.10 22:45:20.401,1.18575,1.186,1.60,18.40
2007.09.10 22:45:22.178,1.18575,1.1861,1.60,28.80
2007.09.10 22:45:23.200,1.18575,1.186,1.60,14.40
2007.09.10 22:45:23.698,1.18575,1.186,1.60,12.00
2007.09.10 22:45:23.826,1.18575,1.186,1.60,4.00
2007.09.10 22:45:23.903,1.18575,1.186,0.80,4.00
2007.09.10 22:45:23.998,1.18575,1.186,1.60,4.00
2007.09.10 22:45:24.310,1.18575,1.186,0.80,4.00
2007.09.10 22:45:24.352,1.1858,1.1861,0.80,12.00
2007.09.10 22:45:24.613,1.18585,1.1861,0.80,12.00
2007.09.10 22:45:24.625,1.18585,1.1861,1.60,12.00
2007.09.10 22:45:24.729,1.18585,1.1861,0.80,12.00
2007.09.10 22:45:24.758,1.1859,1.186,0.80,4.00
2007.09.10 22:45:24.816,1.1859,1.186,1.60,4.00
2007.09.10 22:45:25.329,1.1859,1.186,26.30,4.00
2007.09.10 22:45:25.482,1.18595,1.186,0.80,4.00
2007.09.10 22:45:25.795,1.18595,1.1862,0.80,18.40
2007.09.10 22:45:26.151,1.18595,1.1862,1.60,16.00
2007.09.10 22:45:45.241,1.18595,1.1862,1.60,17.80
2007.09.10 22:45:54.153,1.18595,1.1862,1.60,13.80
2007.09.10 22:45:55.956,1.18595,1.1862,1.60,17.80
2007.09.10 22:46:05.230,1.18595,1.1862,1.60,18.70
2007.09.10 22:46:05.810,1.18595,1.1862,1.60,21.10
2007.09.10 22:46:11.751,1.18595,1.1862,1.60,19.30
2007.09.10 22:46:20.261,1.18595,1.1862,1.60,28.00
2007.09.10 22:46:24.169,1.18595,1.1862,1.60,24.00
2007.09.10 22:46:25.106,1.18595,1.1862,1.60,29.80
2007.09.10 22:46:25.249,1.18595,1.1862,0.80,29.80
2007.09.10 22:46:25.357,1.18595,1.1862,1.60,29.80
2007.09.10 22:46:25.419,1.18595,1.1862,1.60,25.80
2007.09.10 22:46:26.139,1.18595,1.1862,1.60,20.00
2007.09.10 22:46:26.169,1.18595,1.1862,1.60,24.00
2007.09.10 22:46:39.728,1.186,1.1862,8.00,24.00
2007.09.10 22:46:39.785,1.186,1.1862,17.50,15.30
2007.09.10 22:46:39.869,1.186,1.1862,18.30,15.30
2007.09.10 22:46:39.904,1.186,1.1862,18.30,11.30
2007.09.10 22:46:39.932,1.186,1.1862,19.10,11.30
2007.09.10 22:46:40.226,1.186,1.1862,21.50,11.30
2007.09.10 22:46:43.434,1.186,1.1862,21.50,13.10
2007.09.10 22:46:50.059,1.186,1.1862,21.50,18.90
2007.09.10 22:46:50.181,1.186,1.1861,21.50,4.00
2007.09.10 22:46:50.219,1.186,1.1861,18.30,4.00
2007.09.10 22:46:50.269,1.186,1.1861,8.80,4.00
2007.09.10 22:46:50.332,1.1859,1.1861,12.00,4.00
2007.09.10 22:46:50.382,1.1859,1.1861,4.00,12.00
2007.09.10 22:46:50.783,1.1859,1.1861,4.00,8.00
2007.09.10 22:46:50.828,1.1857,1.1861,31.90,8.00
2007.09.10 22:46:50.878,1.1857,1.1861,32.70,8.80
2007.09.10 22:46:51.055,1.1857,1.18605,33.50,0.80
2007.09.10 22:46:51.313,1.1857,1.186,33.50,4.00
2007.09.10 22:46:52.365,1.1857,1.186,34.30,4.00
2007.09.10 22:46:55.855,1.1857,1.186,35.10,4.00
2007.09.10 22:46:55.952,1.1857,1.186,35.90,4.00
2007.09.10 22:46:56.278,1.1857,1.186,39.90,4.00
2007.09.10 22:46:56.688,1.1857,1.186,43.90,8.00
2007.09.10 22:46:56.781,1.1857,1.186,46.30,8.00
2007.09.10 22:46:57.332,1.1857,1.186,45.50,8.80
2007.09.10 22:46:57.410,1.1857,1.186,44.70,8.80
2007.09.10 22:46:57.446,1.1857,1.186,43.90,9.60
2007.09.10 22:46:57.825,1.1857,1.186,44.80,27.10
2007.09.10 22:46:58.232,1.1857,1.186,44.80,29.50
2007.09.10 22:46:59.813,1.1857,1.186,44.80,28.70
2007.09.10 22:47:00.082,1.1857,1.186,44.80,29.50
2007.09.10 22:47:00.395,1.1857,1.1859,44.80,0.80
2007.09.10 22:47:00.665,1.1857,1.186,44.80,29.50
2007.09.10 22:47:00.887,1.1858,1.186,8.00,29.50
2007.09.10 22:47:00.922,1.1858,1.186,8.00,28.70
2007.09.10 22:47:01.036,1.1858,1.186,16.70,20.00
2007.09.10 22:47:01.571,1.1858,1.186,8.00,27.90
2007.09.10 22:47:01.803,1.1858,1.186,8.00,7.20
2007.09.10 22:47:01.954,1.1857,1.1859,44.80,0.80
2007.09.10 22:47:02.250,1.1857,1.186,44.80,4.00
2007.09.10 22:47:03.935,1.18565,1.186,47.20,4.00
2007.09.10 22:47:04.331,1.18565,1.186,47.20,12.70
2007.09.10 22:47:04.432,1.18565,1.186,47.20,13.20
2007.09.10 22:47:04.640,1.18565,1.186,47.20,17.20
2007.09.10 22:47:04.694,1.1857,1.18595,17.70,0.80
2007.09.10 22:47:04.833,1.1857,1.18595,19.80,1.60
2007.09.10 22:47:07.951,1.1857,1.18595,7.40,1.60
2007.09.10 22:47:13.354,1.18565,1.18595,45.60,1.60
2007.09.10 22:47:15.572,1.1856,1.18595,56.80,0.80
2007.09.10 22:47:15.648,1.1856,1.186,56.00,28.40
2007.09.10 22:47:15.774,1.1857,1.186,8.30,29.20
2007.09.10 22:47:25.152,1.1857,1.186,2.50,25.50
2007.09.10 22:47:26.696,1.1858,1.186,3.50,25.50
2007.09.10 22:47:26.903,1.1858,1.186,1.70,23.90
2007.09.10 22:47:27.128,1.1857,1.186,41.60,18.40
2007.09.10 22:47:27.458,1.1857,1.186,41.60,14.40
2007.09.10 22:47:28.744,1.1857,1.186,41.60,12.00
2007.09.10 22:47:28.755,1.1857,1.186,45.60,8.00
2007.09.10 22:47:34.768,1.1858,1.186,16.70,8.00
2007.09.10 22:47:35.294,1.1858,1.186,16.70,10.40
2007.09.10 22:47:55.161,1.1858,1.186,16.70,6.40
2007.09.10 22:47:56.721,1.1858,1.186,16.70,10.40
2007.09.10 22:48:03.766,1.1858,1.186,20.70,10.40
2007.09.10 22:48:10.294,1.1858,1.186,16.70,10.40
2007.09.10 22:48:12.685,1.1858,1.186,16.70,8.00
2007.09.10 22:48:12.866,1.1858,1.186,19.90,8.00
2007.09.10 22:48:13.180,1.1858,1.186,19.90,4.00
2007.09.10 22:48:19.058,1.1858,1.18605,19.90,5.60
2007.09.10 22:48:22.207,1.1858,1.18605,23.90,5.60
2007.09.10 22:48:22.718,1.1858,1.18605,27.90,0.60
2007.09.10 22:48:22.852,1.1858,1.1861,30.30,37.50
2007.09.10 22:48:22.923,1.1858,1.1861,38.30,29.50
2007.09.10 22:48:23.045,1.1858,1.1861,39.20,29.50
2007.09.10 22:48:27.141,1.1858,1.1861,39.20,28.70
2007.09.10 22:48:27.248,1.1858,1.1861,39.20,29.50
2007.09.10 22:48:51.192,1.1858,1.18605,35.20,1.60
2007.09.10 22:48:52.753,1.1858,1.18605,39.20,1.60
2007.09.10 22:49:21.216,1.1858,1.18605,35.20,1.60
2007.09.10 22:49:22.766,1.1858,1.18605,39.20,1.60
2007.09.10 22:49:27.236,1.1858,1.18605,39.20,0.80
2007.09.10 22:49:27.330,1.1858,1.18605,39.20,1.60
2007.09.10 22:49:31.769,1.1858,1.18605,36.00,1.60
2007.09.10 22:49:31.874,1.1858,1.186,36.00,0.80
2007.09.10 22:49:31.952,1.1858,1.186,36.00,1.60
2007.09.10 22:49:32.173,1.1858,1.186,36.00,2.40
2007.09.10 22:49:32.391,1.1858,1.186,32.00,2.40
2007.09.10 22:49:32.785,1.1858,1.186,32.00,4.80
2007.09.10 22:49:32.901,1.1858,1.186,28.00,8.80
2007.09.10 22:50:01.262,1.1858,1.186,28.00,4.80
2007.09.10 22:50:01.506,1.1858,1.1861,28.00,35.90
2007.09.10 22:50:02.921,1.1858,1.186,28.00,0.70
2007.09.10 22:50:04.687,1.1858,1.1861,28.00,44.80
2007.09.10 22:50:04.715,1.1858,1.186,17.60,0.90
2007.09.10 22:50:04.782,1.1858,1.1861,0.90,40.80
2007.09.10 22:50:04.955,1.1858,1.186,0.90,0.80
2007.09.10 22:50:04.988,1.1857,1.186,44.80,0.80
2007.09.10 22:50:11.740,1.1857,1.186,47.90,0.70
2007.09.10 22:50:15.027,1.1857,1.186,44.80,0.60
2007.09.10 22:50:30.159,1.1857,1.186,40.80,21.50
2007.09.10 22:50:32.254,1.1857,1.186,40.80,20.70
2007.09.10 22:50:32.836,1.1857,1.186,44.80,24.70
2007.09.10 22:50:33.992,1.1857,1.186,44.80,25.50
2007.09.10 22:50:38.842,1.1857,1.186,44.80,24.70
2007.09.10 22:50:38.857,1.1857,1.186,47.90,24.70
2007.09.10 22:50:39.059,1.1857,1.186,47.90,25.50
2007.09.10 22:50:42.270,1.1857,1.186,22.70,25.50
2007.09.10 22:50:45.157,1.1857,1.186,3.30,25.50
2007.09.10 22:51:01.101,1.1856,1.186,56.80,21.50
2007.09.10 22:51:02.859,1.1857,1.186,15.80,25.50
2007.09.10 22:51:31.131,1.1857,1.186,40.80,21.50
2007.09.10 22:51:32.871,1.1857,1.186,44.80,25.50
2007.09.10 22:51:34.071,1.1857,1.186,44.80,24.70
2007.09.10 22:51:34.166,1.1857,1.186,44.80,25.50
2007.09.10 22:51:37.758,1.1857,1.186,44.80,24.70
2007.09.10 22:51:37.804,1.1857,1.186,44.80,23.90
2007.09.10 22:51:37.873,1.1857,1.186,44.80,23.10
2007.09.10 22:51:38.067,1.1857,1.1859,44.80,1.60
2007.09.10 22:51:38.189,1.1857,1.1859,41.60,2.40
2007.09.10 22:51:38.291,1.1857,1.1859,37.60,2.40
2007.09.10 22:51:38.610,1.1857,1.1859,33.60,2.40
2007.09.10 22:51:38.774,1.1857,1.1859,33.60,4.80
2007.09.10 22:51:38.990,1.1857,1.1859,29.60,8.80
2007.09.10 22:51:48.134,1.1857,1.1859,29.60,8.00
2007.09.10 22:51:48.224,1.1857,1.1859,29.60,6.40
2007.09.10 22:51:48.749,1.1857,1.1859,36.80,4.00
2007.09.10 22:51:49.677,1.1857,1.18595,40.80,1.60
2007.09.10 22:52:00.149,1.1857,1.18595,40.80,0.80
2007.09.10 22:52:00.358,1.1857,1.186,40.80,27.90
2007.09.10 22:52:00.445,1.1857,1.186,40.80,28.70
2007.09.10 22:52:00.654,1.1857,1.186,40.80,29.50
2007.09.10 22:52:03.041,1.1857,1.186,43.20,29.50
2007.09.10 22:52:03.149,1.1857,1.186,45.60,25.50
2007.09.10 22:52:03.239,1.1858,1.186,8.00,25.50
2007.09.10 22:52:03.262,1.1858,1.186,16.70,12.80
2007.09.10 22:52:03.462,1.1858,1.186,16.70,8.80
2007.09.10 22:52:03.890,1.1858,1.186,19.10,8.80
2007.09.10 22:52:04.170,1.1858,1.186,20.00,8.80
2007.09.10 22:52:11.951,1.1858,1.186,24.00,8.80
2007.09.10 22:52:12.046,1.1858,1.186,24.80,8.80
2007.09.10 22:52:12.135,1.1858,1.186,25.60,8.80
2007.09.10 22:52:12.293,1.1858,1.186,26.40,8.80
2007.09.10 22:52:12.347,1.1858,1.186,33.60,8.80
2007.09.10 22:52:12.468,1.1858,1.186,33.60,8.00
2007.09.10 22:52:12.485,1.1858,1.186,33.60,6.40
2007.09.10 22:52:12.562,1.1858,1.186,37.60,6.40
2007.09.10 22:52:12.660,1.1858,1.186,36.80,6.40
2007.09.10 22:52:12.685,1.1858,1.186,36.00,4.00
2007.09.10 22:52:12.877,1.1858,1.186,39.20,4.00
2007.09.10 22:52:12.973,1.1858,1.1861,39.20,31.30
2007.09.10 22:52:14.228,1.1858,1.1861,39.20,29.50
2007.09.10 22:52:20.645,1.1858,1.1861,40.00,29.50
2007.09.10 22:52:20.688,1.1859,1.1861,8.00,29.50
2007.09.10 22:52:20.745,1.1859,1.1861,16.70,20.80
2007.09.10 22:52:20.862,1.1859,1.1861,16.70,12.80
2007.09.10 22:52:21.150,1.1859,1.1862,16.70,25.90
2007.09.10 22:52:21.298,1.1859,1.1862,19.10,25.90
2007.09.10 22:52:23.692,1.1859,1.1861,11.10,0.60
2007.09.10 22:52:23.734,1.1859,1.1862,2.40,33.70
2007.09.10 22:52:23.779,1.1858,1.1862,35.30,32.90
2007.09.10 22:52:23.850,1.1858,1.1861,43.20,0.60
2007.09.10 22:52:23.859,1.1858,1.1861,43.20,24.70
2007.09.10 22:52:23.890,1.1858,1.18605,43.20,0.50
2007.09.10 22:52:23.944,1.1858,1.1861,39.20,29.50
2007.09.10 22:52:26.027,1.1859,1.1861,0.80,29.50
2007.09.10 22:52:26.243,1.1859,1.18605,8.80,0.80
2007.09.10 22:52:26.341,1.1859,1.1861,8.80,28.70
2007.09.10 22:52:26.542,1.1859,1.1861,20.70,11.20
2007.09.10 22:52:26.776,1.1859,1.18615,32.70,3.20
2007.09.10 22:52:27.263,1.186,1.1862,2.40,29.00
2007.09.10 22:52:27.966,1.186,1.1861,2.40,0.50
2007.09.10 22:52:28.114,1.186,1.18605,2.40,0.80
2007.09.10 22:52:29.848,1.1859,1.186,9.60,0.90
2007.09.10 22:52:30.551,1.1858,1.186,28.80,0.50
2007.09.10 22:52:30.799,1.1858,1.18605,32.00,4.80
2007.09.10 22:52:30.984,1.1858,1.18605,31.20,8.00
2007.09.10 22:52:31.070,1.1858,1.18605,31.20,5.60
2007.09.10 22:52:31.712,1.1858,1.18605,35.20,0.70
2007.09.10 22:52:37.721,1.1859,1.1861,0.80,33.50
2007.09.10 22:52:37.738,1.1859,1.1861,8.80,32.70
2007.09.10 22:52:37.885,1.1859,1.1861,8.80,0.70
2007.09.10 22:52:38.025,1.1859,1.18615,20.70,23.20
2007.09.10 22:52:38.156,1.1859,1.18615,20.70,15.20
2007.09.10 22:52:38.238,1.186,1.1861,2.40,0.90
2007.09.10 22:52:38.659,1.1859,1.1861,27.90,0.90
2007.09.10 22:52:38.769,1.1859,1.1861,12.00,0.70
2007.09.10 22:52:38.860,1.1859,1.18615,12.00,25.50
2007.09.10 22:52:38.897,1.1859,1.1861,12.00,24.70
2007.09.10 22:52:39.897,1.1859,1.18605,8.00,0.80
2007.09.10 22:52:40.087,1.1858,1.18605,35.20,0.80
2007.09.10 22:52:45.409,1.1857,1.1861,49.60,33.50
2007.09.10 22:53:08.211,1.1858,1.18605,7.90,1.60
2007.09.10 22:53:09.873,1.1857,1.18605,49.60,1.60
2007.09.10 22:53:21.816,1.1858,1.18605,35.20,0.80
2007.09.10 22:53:22.082,1.1858,1.18605,35.20,1.60
2007.09.10 22:53:38.692,1.1858,1.18605,31.20,1.60
2007.09.10 22:53:39.355,1.1858,1.18605,31.20,0.80
2007.09.10 22:53:39.965,1.1858,1.18605,35.20,0.80
2007.09.10 22:53:40.982,1.1858,1.18605,35.20,1.60
2007.09.10 22:53:41.351,1.1858,1.186,32.00,4.00
2007.09.10 22:53:41.662,1.1858,1.186,28.00,8.00
2007.09.10 22:53:42.536,1.1858,1.186,28.00,10.40
2007.09.10 22:53:57.730,1.1858,1.186,28.00,8.00
2007.09.10 22:53:57.754,1.1858,1.186,35.20,4.00
2007.09.10 22:53:57.849,1.1858,1.186,39.20,4.00
2007.09.10 22:53:58.900,1.1858,1.1861,43.20,29.50
2007.09.10 22:54:02.670,1.1859,1.1861,8.00,29.50
2007.09.10 22:54:02.718,1.1859,1.1861,8.80,25.50
2007.09.10 22:54:02.770,1.1859,1.1861,8.80,24.70
2007.09.10 22:54:02.821,1.1859,1.1861,20.70,16.00
2007.09.10 22:54:02.979,1.1859,1.1861,21.50,15.20
2007.09.10 22:54:03.132,1.1859,1.1861,26.30,10.40
2007.09.10 22:54:03.239,1.1859,1.1861,31.10,6.40
2007.09.10 22:54:03.283,1.186,1.1861,2.40,4.00
2007.09.10 22:54:03.672,1.186,1.1862,2.40,31.20
2007.09.10 22:54:05.230,1.1859,1.1861,39.90,2.40
2007.09.10 22:54:05.260,1.1859,1.1861,35.90,2.40
2007.09.10 22:54:05.381,1.1859,1.1861,31.90,2.40
2007.09.10 22:54:05.585,1.1859,1.1861,31.90,6.40
2007.09.10 22:54:05.800,1.1859,1.1861,19.90,10.40
2007.09.10 22:54:05.888,1.1859,1.1861,11.20,19.10
2007.09.10 22:54:05.941,1.1859,1.1861,10.40,19.10
2007.09.10 22:54:06.045,1.1859,1.1861,19.10,10.40
2007.09.10 22:54:06.891,1.1859,1.1861,10.40,19.10
2007.09.10 22:54:06.944,1.1859,1.1861,10.40,19.90
2007.09.10 22:54:07.283,1.1858,1.1861,35.30,24.70
2007.09.10 22:54:08.002,1.1858,1.186,35.30,0.80
2007.09.10 22:54:08.074,1.1858,1.186,43.20,0.80
2007.09.10 22:54:08.174,1.1858,1.186,43.20,1.60
2007.09.10 22:54:08.540,1.1858,1.186,43.20,0.80
2007.09.10 22:54:08.793,1.1858,1.186,39.20,0.80
2007.09.10 22:54:09.218,1.1858,1.186,43.20,0.80
2007.09.10 22:54:09.434,1.1858,1.1861,43.20,29.50
2007.09.10 22:54:10.789,1.18575,1.1861,44.00,29.50
2007.09.10 22:54:24.099,1.18575,1.1861,45.60,29.50
2007.09.10 22:54:24.217,1.18575,1.1861,44.80,24.70
2007.09.10 22:54:24.268,1.1858,1.1861,44.00,24.70
2007.09.10 22:54:24.374,1.1858,1.1861,44.00,23.90
2007.09.10 22:54:24.432,1.1858,1.1861,36.80,11.20
2007.09.10 22:54:24.556,1.1858,1.1861,36.80,10.40
2007.09.10 22:54:24.776,1.1859,1.1861,1.70,10.40
2007.09.10 22:54:34.206,1.1859,1.1861,3.00,6.40
2007.09.10 22:54:34.623,1.1858,1.1861,47.10,7.20
2007.09.10 22:54:34.803,1.1859,1.1861,3.20,8.00
2007.09.10 22:54:35.680,1.1858,1.1861,46.20,12.00
2007.09.10 22:54:35.775,1.1858,1.1861,45.40,12.80
2007.09.10 22:54:36.687,1.1859,1.1861,1.50,12.80
2007.09.10 22:54:36.688,1.1858,1.1861,40.70,16.80
2007.09.10 22:54:36.767,1.1858,1.1861,40.80,29.50
2007.09.10 22:54:36.795,1.18575,1.1861,40.00,29.50
2007.09.10 22:54:36.861,1.18575,1.1861,36.00,33.50
2007.09.10 22:54:36.886,1.1858,1.1861,7.00,32.70
2007.09.10 22:54:37.209,1.1858,1.18605,12.30,0.80
2007.09.10 22:54:37.394,1.1858,1.18605,4.10,1.60
2007.09.10 22:54:39.267,1.1858,1.18605,10.70,1.60
2007.09.10 22:54:39.399,1.1858,1.18605,1.50,1.60
2007.09.10 22:54:39.498,1.18575,1.186,8.10,0.80
2007.09.10 22:54:39.611,1.1858,1.186,0.70,1.60
2007.09.10 22:54:39.671,1.1858,1.186,2.30,1.60
2007.09.10 22:54:39.714,1.1858,1.186,0.90,5.60
2007.09.10 22:54:39.926,1.1858,1.186,0.90,26.30
2007.09.10 22:54:40.031,1.18575,1.186,0.80,26.30
2007.09.10 22:54:40.405,1.1857,1.186,40.80,26.30
2007.09.10 22:54:40.603,1.1857,1.186,40.80,29.50
2007.09.10 22:54:48.194,1.1857,1.186,44.80,29.50
2007.09.10 22:55:08.146,1.1857,1.186,44.80,25.50
2007.09.10 22:55:09.805,1.1857,1.186,40.80,25.50
2007.09.10 22:55:10.043,1.1857,1.186,44.80,29.50
2007.09.10 22:55:12.088,1.1857,1.1861,44.80,35.90
2007.09.10 22:55:36.940,1.1857,1.1861,47.90,35.90
2007.09.10 22:55:38.165,1.1857,1.186,44.80,0.60
2007.09.10 22:55:38.462,1.1857,1.186,44.80,0.50
2007.09.10 22:55:38.571,1.1857,1.1861,44.80,39.90
2007.09.10 22:55:39.582,1.1857,1.1861,44.80,39.10
2007.09.10 22:55:39.718,1.1857,1.1861,40.80,39.10
2007.09.10 22:55:39.851,1.1857,1.186,40.80,0.70
2007.09.10 22:55:39.881,1.1857,1.186,40.80,0.60
2007.09.10 22:55:39.926,1.1857,1.1861,44.80,35.10
2007.09.10 22:55:40.398,1.1857,1.1861,44.80,35.90
2007.09.10 22:55:46.954,1.1857,1.186,40.80,29.50
2007.09.10 22:55:57.009,1.1857,1.186,39.20,29.50
2007.09.10 22:55:57.203,1.1857,1.186,31.20,37.50
2007.09.10 22:55:57.307,1.1857,1.186,28.80,37.50
2007.09.10 22:55:57.325,1.1857,1.1859,28.80,4.00
2007.09.10 22:55:57.729,1.1857,1.1859,24.80,8.00
2007.09.10 22:55:57.945,1.1857,1.1859,23.90,8.00
2007.09.10 22:56:03.713,1.1857,1.1859,23.90,0.50
2007.09.10 22:56:16.979,1.1857,1.186,24.80,37.50
2007.09.10 22:56:17.194,1.1857,1.186,32.80,29.50
2007.09.10 22:56:17.304,1.1857,1.1859,32.80,0.80
2007.09.10 22:56:17.373,1.1857,1.1859,35.20,0.60
2007.09.10 22:56:17.719,1.1857,1.1861,39.20,41.60
2007.09.10 22:56:39.750,1.1857,1.186,43.20,21.50
2007.09.10 22:56:40.282,1.1857,1.186,39.20,29.50
2007.09.10 22:56:40.367,1.1857,1.186,39.20,28.70
2007.09.10 22:56:40.871,1.1857,1.186,39.20,29.50
2007.09.10 22:56:41.668,1.1857,1.186,4.20,29.50
2007.09.10 22:56:46.189,1.1857,1.186,17.90,25.50
2007.09.10 22:56:46.904,1.1856,1.186,56.80,21.50
2007.09.10 22:56:47.733,1.1856,1.186,56.80,25.50
2007.09.10 22:56:48.899,1.1857,1.186,16.80,33.50
2007.09.10 22:56:49.007,1.1857,1.18595,10.90,0.80
2007.09.10 22:56:52.786,1.1856,1.18595,51.20,1.60
2007.09.10 22:56:56.692,1.1856,1.18595,49.60,1.60
2007.09.10 22:56:56.730,1.1856,1.18595,44.80,1.60
2007.09.10 22:56:56.863,1.1856,1.1859,35.30,4.00
2007.09.10 22:56:56.957,1.1856,1.1859,42.40,4.00
2007.09.10 22:56:57.691,1.18555,1.1859,55.90,8.00
2007.09.10 22:56:59.887,1.1856,1.1859,14.40,8.00
2007.09.10 22:57:02.684,1.1856,1.1859,8.40,8.80
2007.09.10 22:57:02.850,1.1856,1.1859,5.80,24.70
2007.09.10 22:57:02.954,1.18555,1.18585,39.30,0.80
2007.09.10 22:57:02.979,1.18555,1.18585,36.00,0.80
2007.09.10 22:57:03.598,1.1856,1.1858,15.60,4.00
2007.09.10 22:57:03.970,1.1856,1.1858,11.20,6.40
2007.09.10 22:57:04.439,1.1855,1.1858,54.40,6.40
2007.09.10 22:57:04.539,1.1856,1.1858,3.50,6.40
2007.09.10 22:57:04.748,1.1856,1.1858,11.10,2.40
2007.09.10 22:57:05.049,1.1855,1.1859,56.80,25.50
2007.09.10 22:57:07.246,1.1856,1.1859,7.40,26.30
2007.09.10 22:57:07.751,1.1855,1.1859,52.80,29.50
2007.09.10 22:57:07.782,1.1855,1.1858,52.00,2.40
2007.09.10 22:57:07.885,1.1855,1.1858,45.60,6.40
2007.09.10 22:57:07.983,1.1855,1.1858,45.60,6.40
2007.09.10 22:57:08.692,1.1855,1.1858,43.30,10.40
2007.09.10 22:57:12.111,1.1856,1.1858,30.40,10.40
2007.09.10 22:57:12.184,1.1856,1.1858,29.60,10.40
2007.09.10 22:57:16.553,1.1856,1.1858,29.60,11.20
2007.09.10 22:57:19.050,1.1856,1.1858,29.60,12.00
2007.09.10 22:57:19.603,1.1856,1.1858,29.60,12.80
2007.09.10 22:57:21.309,1.1855,1.1858,42.50,12.80
2007.09.10 22:57:27.198,1.1855,1.1858,48.10,12.00
2007.09.10 22:57:27.282,1.1855,1.1858,51.20,12.00
2007.09.10 22:57:27.416,1.1855,1.1858,56.00,7.20
2007.09.10 22:57:27.421,1.18555,1.1858,43.20,6.40
2007.09.10 22:57:27.523,1.18555,1.1858,44.00,6.40
2007.09.10 22:57:27.618,1.1856,1.1858,16.90,2.40
2007.09.10 22:57:27.729,1.1857,1.18585,1.70,1.60
2007.09.10 22:57:30.347,1.1856,1.18585,44.80,1.60
2007.09.10 22:57:30.872,1.1856,1.18585,45.70,1.60
2007.09.10 22:57:31.281,1.1856,1.18585,51.90,1.60
2007.09.10 22:57:32.129,1.1856,1.1858,40.00,0.80
2007.09.10 22:57:32.332,1.1856,1.1858,18.40,14.30
2007.09.10 22:57:32.404,1.1856,1.1858,18.40,15.10
2007.09.10 22:57:32.447,1.1857,1.1858,1.20,19.10
2007.09.10 22:57:32.540,1.1856,1.1858,18.40,23.10
2007.09.10 22:57:32.652,1.1857,1.1858,1.40,27.10
2007.09.10 22:57:33.156,1.1856,1.1858,14.40,23.10
2007.09.10 22:57:33.810,1.1856,1.1858,2.40,26.30
2007.09.10 22:57:34.655,1.1855,1.1858,48.80,25.50
2007.09.10 22:57:34.734,1.1856,1.1858,4.60,25.50
2007.09.10 22:57:34.752,1.1855,1.1858,45.60,12.80
2007.09.10 22:57:35.697,1.1855,1.1858,45.60,8.80
2007.09.10 22:57:35.731,1.1855,1.1858,51.20,8.00
2007.09.10 22:57:35.744,1.18555,1.1858,28.00,8.00
2007.09.10 22:57:35.949,1.1856,1.1858,8.60,7.20
2007.09.10 22:57:36.120,1.1856,1.1858,5.50,6.40
2007.09.10 22:57:36.256,1.1855,1.1858,57.60,4.00
2007.09.10 22:57:36.471,1.1856,1.1858,2.30,4.80
2007.09.10 22:57:36.528,1.1855,1.1858,50.40,4.80
2007.09.10 22:57:36.538,1.1855,1.1858,49.60,5.60
2007.09.10 22:57:36.637,1.1856,1.1858,2.20,5.60
2007.09.10 22:57:37.050,1.1855,1.1858,46.40,9.60
2007.09.10 22:57:37.177,1.1856,1.1858,12.20,6.40
2007.09.10 22:57:37.287,1.1855,1.1858,45.60,10.40
2007.09.10 22:57:37.373,1.1855,1.1858,45.60,6.40
2007.09.10 22:57:37.475,1.1855,1.1858,45.60,10.40
2007.09.10 22:57:37.593,1.1855,1.1858,42.50,14.40
2007.09.10 22:57:37.842,1.1856,1.1858,7.10,16.80
2007.09.10 22:57:39.357,1.1855,1.1858,42.50,12.80
2007.09.10 22:57:40.922,1.1856,1.1858,11.20,12.80
2007.09.10 22:57:40.975,1.1856,1.1858,10.50,12.80
2007.09.10 22:57:41.180,1.1856,1.1858,3.40,12.80
2007.09.10 22:57:41.220,1.1856,1.1858,6.60,12.80
2007.09.10 22:57:41.280,1.1855,1.1858,37.70,21.50
2007.09.10 22:57:41.321,1.1855,1.18575,37.70,0.80
2007.09.10 22:57:42.550,1.1855,1.18575,40.80,1.60
2007.09.10 22:57:43.109,1.1855,1.18575,10.00,1.60
2007.09.10 22:57:43.205,1.18545,1.18575,29.60,1.60
2007.09.10 22:57:43.462,1.18545,1.18575,24.70,1.60
2007.09.10 22:57:43.581,1.1855,1.1857,2.40,0.80
2007.09.10 22:57:43.671,1.18545,1.1857,0.80,4.80
2007.09.10 22:57:43.800,1.1854,1.1857,44.80,21.50
2007.09.10 22:57:44.744,1.1854,1.1857,44.80,23.90
2007.09.10 22:57:47.185,1.18545,1.1857,0.80,19.90
2007.09.10 22:57:47.715,1.18545,1.1857,8.80,19.90
2007.09.10 22:57:47.810,1.18545,1.1857,19.90,11.20
2007.09.10 22:57:48.013,1.1855,1.1857,2.70,11.20
2007.09.10 22:57:50.316,1.1855,1.1857,20.00,10.40
2007.09.10 22:57:50.529,1.1855,1.1857,35.20,10.40
2007.09.10 22:57:50.631,1.1855,1.1857,39.20,10.40
2007.09.10 22:57:50.730,1.1855,1.1857,43.20,2.40
2007.09.10 22:57:51.326,1.1855,1.1858,43.20,24.70
2007.09.10 22:57:51.424,1.1855,1.1858,43.20,25.50
2007.09.10 22:57:55.890,1.1855,1.1858,39.20,33.50
2007.09.10 22:57:56.382,1.1855,1.1858,39.20,0.50
2007.09.10 22:57:58.967,1.1855,1.1859,38.30,41.60
2007.09.10 22:57:59.179,1.1855,1.1859,30.30,41.60
2007.09.10 22:57:59.213,1.1855,1.1858,19.90,0.60
2007.09.10 22:57:59.289,1.1855,1.1858,4.00,24.90
2007.09.10 22:57:59.801,1.18545,1.18575,0.80,9.60
2007.09.10 22:58:04.253,1.18545,1.18575,0.80,18.30
2007.09.10 22:58:04.458,1.18545,1.1858,0.80,33.50
2007.09.10 22:58:04.654,1.18545,1.1857,0.80,0.60
2007.09.10 22:58:04.763,1.18545,1.1857,0.80,0.70
2007.09.10 22:58:12.604,1.18545,1.1857,0.80,0.90
2007.09.10 22:58:12.650,1.18545,1.1858,0.80,35.90
2007.09.10 22:58:12.761,1.1855,1.1857,0.80,0.70
2007.09.10 22:58:12.765,1.1855,1.1858,0.80,34.30
2007.09.10 22:58:12.868,1.1855,1.1858,1.60,34.30
2007.09.10 22:58:12.960,1.1855,1.1858,2.40,34.30
2007.09.10 22:58:13.069,1.1856,1.1858,0.80,33.50
2007.09.10 22:58:13.189,1.1855,1.1858,3.30,32.70
2007.09.10 22:58:13.387,1.1855,1.1857,24.00,0.70
2007.09.10 22:58:13.704,1.1856,1.1857,0.80,0.80
2007.09.10 22:58:13.804,1.1856,1.1858,1.60,31.90
2007.09.10 22:58:13.900,1.1856,1.1858,2.40,31.90
2007.09.10 22:58:13.913,1.1856,1.1857,15.10,0.50
2007.09.10 22:58:13.924,1.1856,1.1858,15.10,12.00
2007.09.10 22:58:14.015,1.1856,1.1859,16.00,0.90
2007.09.10 22:58:14.034,1.1856,1.186,24.00,37.80
2007.09.10 22:58:14.226,1.1856,1.1859,25.60,0.90
2007.09.10 22:58:14.326,1.1856,1.186,33.60,35.20
2007.09.10 22:58:14.341,1.1857,1.186,2.40,35.20
2007.09.10 22:58:14.842,1.1857,1.1859,2.40,0.60
2007.09.10 22:58:16.787,1.1857,1.1859,2.40,0.90
2007.09.10 22:58:19.644,1.1856,1.1859,39.20,33.50
2007.09.10 22:58:19.743,1.1856,1.1859,38.40,33.50
2007.09.10 22:58:19.783,1.1856,1.1859,33.60,28.80
2007.09.10 22:58:19.875,1.1856,1.1858,32.80,0.70
2007.09.10 22:58:19.971,1.1856,1.1859,32.00,28.80
2007.09.10 22:58:20.001,1.1856,1.1858,31.10,0.70
2007.09.10 22:58:20.185,1.1856,1.1858,28.70,0.50
2007.09.10 22:58:20.320,1.1856,1.1858,20.70,0.50
2007.09.10 22:58:20.385,1.1856,1.1859,12.70,34.50
2007.09.10 22:58:20.417,1.1856,1.1858,12.70,0.60
2007.09.10 22:58:20.529,1.1856,1.1859,4.00,39.20
2007.09.10 22:58:20.731,1.1855,1.1858,41.60,0.70
2007.09.10 22:58:21.315,1.1855,1.1858,40.80,0.80
2007.09.10 22:58:21.455,1.1855,1.1858,44.80,0.80
2007.09.10 22:58:21.528,1.18555,1.1858,0.80,0.70
2007.09.10 22:58:22.935,1.18555,1.1859,1.60,39.20
2007.09.10 22:58:27.734,1.18555,1.1859,1.60,66.30
2007.09.10 22:58:29.708,1.18555,1.1859,1.60,37.60
2007.09.10 22:58:29.723,1.18555,1.1859,1.60,36.80
2007.09.10 22:58:49.248,1.18555,1.1859,1.60,36.80
2007.09.10 22:58:50.742,1.18555,1.1859,1.60,36.80
2007.09.10 22:59:20.165,1.18555,1.1858,1.60,16.70
2007.09.10 22:59:20.787,1.18555,1.1858,1.60,20.70
2007.09.10 22:59:21.074,1.1855,1.1858,46.30,20.70
2007.09.10 22:59:22.913,1.18555,1.1858,0.80,20.70
2007.09.10 22:59:23.138,1.1855,1.1858,46.30,20.70
2007.09.10 22:59:41.211,1.18555,1.1858,8.80,20.70
2007.09.10 22:59:41.263,1.1856,1.1858,1.90,8.00
2007.09.10 22:59:41.300,1.1855,1.1858,43.90,8.00
2007.09.10 22:59:41.394,1.1855,1.1858,43.90,4.00
2007.09.10 22:59:41.412,1.1856,1.1858,3.10,4.00
2007.09.10 22:59:41.668,1.1855,1.1859,45.50,25.80
2007.09.10 22:59:41.961,1.1856,1.1859,10.20,25.80
