2007.09.18 05:00:19.207,1.1869,1.187,2.40,12.00
2007.09.18 05:00:20.758,1.1869,1.187,6.40,12.00
2007.09.18 05:00:24.176,1.1869,1.187,6.50,12.00
2007.09.18 05:00:24.243,1.1869,1.187,6.50,4.00
2007.09.18 05:00:24.382,1.1869,1.18705,6.50,1.60
2007.09.18 05:00:27.406,1.1869,1.18705,6.80,1.60
2007.09.18 05:00:36.163,1.1869,1.18705,7.60,1.60
2007.09.18 05:00:36.209,1.1869,1.18705,8.40,1.60
2007.09.18 05:00:36.272,1.1869,1.18705,8.40,0.80
2007.09.18 05:00:36.318,1.1869,1.18705,12.40,0.80
2007.09.18 05:00:36.380,1.1869,1.18705,11.60,0.80
2007.09.18 05:00:36.396,1.1869,1.1871,11.60,27.60
2007.09.18 05:00:36.641,1.187,1.1871,4.00,27.60
2007.09.18 05:00:36.737,1.187,1.1871,4.00,19.60
2007.09.18 05:00:36.774,1.187,1.1871,6.40,17.20
2007.09.18 05:00:45.792,1.187,1.1871,6.40,16.40
2007.09.18 05:00:46.540,1.187,1.1871,6.40,17.20
2007.09.18 05:00:51.674,1.187,1.1871,6.40,16.40
2007.09.18 05:00:51.773,1.187,1.1871,6.40,17.20
2007.09.18 05:00:55.676,1.187,1.1871,6.40,8.40
2007.09.18 05:00:55.718,1.187,1.1871,6.40,6.40
2007.09.18 05:00:55.823,1.187,1.1871,6.40,2.40
2007.09.18 05:01:01.735,1.187,1.1871,6.40,8.80
2007.09.18 05:01:01.742,1.187,1.1871,6.40,8.00
2007.09.18 05:01:02.225,1.187,1.18715,6.40,1.60
2007.09.18 05:01:05.164,1.187,1.18715,2.40,1.60
2007.09.18 05:01:06.704,1.187,1.18715,6.40,1.60
2007.09.18 05:01:35.122,1.187,1.18715,2.40,1.60
2007.09.18 05:01:36.668,1.187,1.18715,6.40,1.60
2007.09.18 05:01:37.277,1.18695,1.18715,7.20,1.60
2007.09.18 05:01:46.182,1.1869,1.1871,33.00,8.00
2007.09.18 05:01:52.778,1.18695,1.18715,7.20,1.60
2007.09.18 05:01:53.179,1.187,1.18715,2.10,2.40
2007.09.18 05:01:53.285,1.187,1.1871,0.50,8.00
2007.09.18 05:02:05.183,1.1869,1.1871,26.60,8.00
2007.09.18 05:02:06.723,1.187,1.1871,6.40,8.00
2007.09.18 05:02:31.182,1.187,1.1871,6.50,8.00
2007.09.18 05:02:31.487,1.187,1.18715,6.50,1.60
2007.09.18 05:02:34.596,1.187,1.18715,6.50,0.80
2007.09.18 05:02:35.151,1.187,1.18715,2.50,0.80
2007.09.18 05:02:36.709,1.187,1.18715,6.50,0.80
2007.09.18 05:02:38.142,1.187,1.18715,6.40,0.80
2007.09.18 05:02:40.753,1.187,1.18715,6.40,1.60
2007.09.18 05:02:42.243,1.187,1.1871,6.40,8.00
2007.09.18 05:02:43.746,1.187,1.18715,6.40,10.40
2007.09.18 05:02:44.733,1.187,1.1871,6.40,0.80
2007.09.18 05:02:44.791,1.187,1.1871,6.40,0.90
2007.09.18 05:02:45.234,1.187,1.18715,6.40,10.40
2007.09.18 05:02:46.225,1.187,1.1871,6.60,0.90
2007.09.18 05:02:47.728,1.187,1.1871,6.60,0.90
2007.09.18 05:02:48.501,1.187,1.18715,6.60,12.80
2007.09.18 05:02:49.750,1.187,1.18715,6.60,13.60
2007.09.18 05:02:52.259,1.187,1.1871,6.60,0.80
2007.09.18 05:02:52.346,1.187,1.18715,6.60,13.60
2007.09.18 05:03:05.105,1.187,1.18715,2.60,13.60
2007.09.18 05:03:06.649,1.187,1.1871,6.60,0.90
2007.09.18 05:03:08.733,1.187,1.18715,6.60,12.80
2007.09.18 05:03:08.753,1.187,1.18715,6.60,12.80
2007.09.18 05:03:09.023,1.187,1.18715,6.60,12.80
2007.09.18 05:03:09.767,1.187,1.18715,6.80,12.80
2007.09.18 05:03:11.710,1.187,1.18715,6.80,0.90
2007.09.18 05:03:13.804,1.18695,1.18715,8.40,0.90
2007.09.18 05:03:14.705,1.187,1.18715,1.00,1.60
2007.09.18 05:03:14.740,1.18695,1.18715,9.40,1.60
2007.09.18 05:03:14.814,1.187,1.18715,1.10,0.80
2007.09.18 05:03:14.844,1.18695,1.18715,13.40,0.80
2007.09.18 05:03:15.680,1.187,1.18715,5.80,0.80
2007.09.18 05:03:15.832,1.187,1.18715,2.10,0.80
2007.09.18 05:03:15.885,1.18695,1.18715,7.60,0.80
2007.09.18 05:03:17.631,1.18695,1.1872,7.60,26.80
2007.09.18 05:03:17.899,1.187,1.1872,2.50,27.60
2007.09.18 05:03:20.765,1.18695,1.18715,8.40,0.80
2007.09.18 05:03:22.809,1.18695,1.18715,8.40,1.60
2007.09.18 05:03:35.172,1.18695,1.18715,4.40,1.60
2007.09.18 05:03:36.729,1.18695,1.18715,8.40,1.60
2007.09.18 05:03:57.732,1.187,1.18715,7.60,0.80
2007.09.18 05:03:57.783,1.187,1.18715,8.60,0.80
2007.09.18 05:03:57.888,1.187,1.18715,12.60,0.80
2007.09.18 05:03:58.085,1.187,1.1872,12.60,27.60
2007.09.18 05:03:58.741,1.187,1.1872,11.60,27.60
2007.09.18 05:03:58.826,1.187,1.1872,7.60,27.60
2007.09.18 05:03:58.969,1.187,1.1872,6.80,27.60
2007.09.18 05:04:05.145,1.187,1.1872,2.80,27.60
2007.09.18 05:04:06.689,1.187,1.1872,6.80,27.60
2007.09.18 05:04:13.130,1.18695,1.1872,7.60,27.60
2007.09.18 05:04:26.178,1.187,1.1872,10.80,27.60
2007.09.18 05:04:34.144,1.187,1.1872,6.80,27.60
2007.09.18 05:04:36.759,1.187,1.1872,10.80,27.60
2007.09.18 05:04:52.295,1.187,1.1872,10.80,26.80
2007.09.18 05:04:52.917,1.187,1.1872,10.80,27.60
2007.09.18 05:04:54.555,1.187,1.1872,10.80,0.70
2007.09.18 05:04:57.786,1.187,1.18725,10.80,27.60
2007.09.18 05:04:57.897,1.187,1.18725,10.80,28.40
2007.09.18 05:05:05.141,1.187,1.18725,6.80,28.40
2007.09.18 05:05:06.711,1.187,1.18725,10.80,28.40
2007.09.18 05:05:25.985,1.187,1.1872,10.80,23.60
2007.09.18 05:05:29.807,1.187,1.1872,10.80,22.80
2007.09.18 05:05:30.031,1.1871,1.1872,3.20,22.00
2007.09.18 05:05:30.043,1.1871,1.1872,3.20,21.20
2007.09.18 05:05:30.122,1.1871,1.1872,3.20,19.20
2007.09.18 05:05:30.159,1.1871,1.1872,3.20,18.40
2007.09.18 05:05:30.248,1.1872,1.1873,2.40,36.70
2007.09.18 05:05:30.336,1.1872,1.1873,2.50,20.00
2007.09.18 05:05:30.359,1.1871,1.1872,18.80,0.80
2007.09.18 05:05:30.469,1.1872,1.1873,0.20,30.40
2007.09.18 05:05:30.544,1.1872,1.1873,0.20,26.40
2007.09.18 05:05:30.644,1.1872,1.1873,4.10,22.40
2007.09.18 05:05:30.668,1.1872,1.1873,4.10,23.20
2007.09.18 05:05:30.774,1.1872,1.1873,4.00,25.20
2007.09.18 05:05:30.869,1.187,1.1873,34.40,26.00
2007.09.18 05:05:31.082,1.187,1.1873,35.20,26.00
2007.09.18 05:05:31.280,1.18705,1.1873,0.80,26.00
2007.09.18 05:05:31.594,1.187,1.1873,34.40,26.00
2007.09.18 05:05:31.630,1.187,1.1873,6.80,26.00
2007.09.18 05:05:31.690,1.187,1.1873,7.70,26.00
2007.09.18 05:05:31.702,1.18695,1.1873,29.20,26.00
2007.09.18 05:05:31.796,1.18695,1.1873,30.00,26.00
2007.09.18 05:05:32.711,1.18695,1.1873,30.00,25.20
2007.09.18 05:05:32.729,1.18695,1.1873,29.10,25.20
2007.09.18 05:05:32.828,1.18695,1.1873,28.30,25.20
2007.09.18 05:05:32.943,1.187,1.1873,27.50,29.20
2007.09.18 05:05:33.052,1.1871,1.1873,0.80,29.20
2007.09.18 05:05:34.657,1.18705,1.1873,1.60,31.60
2007.09.18 05:05:34.788,1.18705,1.1873,1.60,27.60
2007.09.18 05:05:34.886,1.1871,1.1873,0.80,28.40
2007.09.18 05:05:35.001,1.1871,1.1873,0.80,29.20
2007.09.18 05:05:35.493,1.18705,1.1873,1.60,30.00
2007.09.18 05:05:35.731,1.1871,1.1873,1.30,30.00
2007.09.18 05:05:36.608,1.1871,1.1873,0.50,30.00
2007.09.18 05:05:36.674,1.18705,1.1873,8.40,30.80
2007.09.18 05:05:36.724,1.1871,1.1872,2.70,8.00
2007.09.18 05:05:36.756,1.18705,1.1872,8.40,12.00
2007.09.18 05:05:36.866,1.1871,1.1872,0.50,12.00
2007.09.18 05:05:37.225,1.18705,1.1872,7.60,16.80
2007.09.18 05:05:37.299,1.1871,1.1872,0.90,24.80
2007.09.18 05:05:48.856,1.1871,1.1872,1.40,16.80
2007.09.18 05:06:03.632,1.1871,1.1872,6.80,14.40
2007.09.18 05:06:04.130,1.1871,1.1872,2.80,14.40
2007.09.18 05:06:05.790,1.1871,1.1872,6.80,14.40
2007.09.18 05:06:08.859,1.1871,1.1872,6.80,16.80
2007.09.18 05:06:09.892,1.1871,1.1872,6.80,14.40
2007.09.18 05:06:14.211,1.1871,1.1872,6.80,16.80
2007.09.18 05:06:34.205,1.1871,1.1872,2.80,16.80
2007.09.18 05:06:35.833,1.1871,1.1872,6.80,16.80
2007.09.18 05:07:04.157,1.1871,1.1872,2.80,16.80
2007.09.18 05:07:05.820,1.1871,1.1872,6.80,16.80
2007.09.18 05:07:34.237,1.1871,1.1872,2.80,16.80
2007.09.18 05:07:35.775,1.1871,1.1872,6.80,16.80
2007.09.18 05:07:36.702,1.1871,1.1872,6.80,12.80
2007.09.18 05:08:04.182,1.1871,1.1872,2.80,12.80
2007.09.18 05:08:05.741,1.1871,1.1872,6.80,12.80
2007.09.18 05:08:34.119,1.1871,1.1872,2.80,12.80
2007.09.18 05:08:35.793,1.1871,1.1872,6.80,12.80
2007.09.18 05:08:39.607,1.1871,1.1872,6.00,12.80
2007.09.18 05:08:39.740,1.1871,1.1872,4.00,12.80
2007.09.18 05:08:40.241,1.1871,1.1872,8.00,12.80
2007.09.18 05:08:40.358,1.1871,1.1872,12.00,12.80
2007.09.18 05:08:40.431,1.1871,1.1872,14.40,10.40
2007.09.18 05:08:40.527,1.1871,1.1872,14.40,8.00
2007.09.18 05:08:40.579,1.1871,1.1873,14.40,18.00
2007.09.18 05:08:40.660,1.1871,1.1873,14.40,17.20
2007.09.18 05:08:52.690,1.1871,1.1873,14.40,18.00
2007.09.18 05:08:52.744,1.1871,1.1873,14.40,26.00
2007.09.18 05:08:52.804,1.1871,1.1873,10.40,26.80
2007.09.18 05:08:52.841,1.1871,1.1873,10.40,27.60
2007.09.18 05:08:52.880,1.1871,1.1873,10.40,28.40
2007.09.18 05:08:52.896,1.1871,1.1873,6.40,32.40
2007.09.18 05:08:53.314,1.1871,1.1873,14.40,27.60
2007.09.18 05:08:53.379,1.1871,1.1873,14.40,18.80
2007.09.18 05:08:53.437,1.1871,1.1873,14.40,18.00
2007.09.18 05:08:53.729,1.1871,1.1873,10.40,18.80
2007.09.18 05:08:53.778,1.1871,1.1873,10.40,27.60
2007.09.18 05:08:53.841,1.1871,1.1873,6.40,31.60
2007.09.18 05:08:53.926,1.1871,1.1873,6.40,32.40
2007.09.18 05:08:54.038,1.1871,1.1873,6.40,33.20
2007.09.18 05:08:58.883,1.1871,1.1873,6.40,0.80
2007.09.18 05:09:01.707,1.1871,1.18735,6.40,33.20
2007.09.18 05:09:02.119,1.1871,1.18735,6.40,32.40
2007.09.18 05:09:02.204,1.1871,1.1873,7.20,0.70
2007.09.18 05:09:02.237,1.1871,1.18735,17.20,16.80
2007.09.18 05:09:02.323,1.1871,1.1873,17.20,0.90
2007.09.18 05:09:04.194,1.1871,1.18735,13.20,16.80
2007.09.18 05:09:05.735,1.1871,1.1873,17.20,0.80
2007.09.18 05:09:06.699,1.1871,1.18735,17.20,17.60
2007.09.18 05:09:06.726,1.1871,1.1873,17.20,0.80
2007.09.18 05:09:06.958,1.1871,1.18735,17.20,17.60
2007.09.18 05:09:06.994,1.1871,1.1873,13.20,0.80
2007.09.18 05:09:11.028,1.1871,1.18735,13.20,18.40
2007.09.18 05:09:11.148,1.1871,1.18735,9.20,22.40
2007.09.18 05:09:11.217,1.1871,1.18735,9.20,30.40
2007.09.18 05:09:11.228,1.1871,1.1873,9.20,0.80
2007.09.18 05:09:11.324,1.1871,1.18735,9.20,28.80
2007.09.18 05:09:11.351,1.1871,1.1873,9.20,32.00
2007.09.18 05:09:22.624,1.1871,1.18725,8.40,5.60
2007.09.18 05:09:22.719,1.1871,1.18725,6.00,5.60
2007.09.18 05:09:22.758,1.1871,1.18725,4.00,5.60
2007.09.18 05:09:24.007,1.187,1.18725,29.30,5.60
2007.09.18 05:09:26.789,1.187,1.18725,29.40,5.60
2007.09.18 05:09:28.251,1.187,1.1872,29.50,4.00
2007.09.18 05:09:36.673,1.187,1.1872,33.60,4.00
2007.09.18 05:09:37.530,1.187,1.1872,29.50,4.00
2007.09.18 05:09:37.784,1.187,1.1872,29.30,4.00
2007.09.18 05:09:40.083,1.18695,1.1872,35.00,4.00
2007.09.18 05:09:41.097,1.187,1.1872,6.90,4.00
2007.09.18 05:09:42.131,1.18695,1.1872,30.90,4.00
2007.09.18 05:09:48.119,1.187,1.1872,4.40,4.00
2007.09.18 05:09:49.215,1.187,1.1872,12.80,4.00
2007.09.18 05:09:49.499,1.18695,1.1872,31.20,4.00
2007.09.18 05:09:50.752,1.18695,1.1872,31.00,4.00
2007.09.18 05:09:52.172,1.187,1.1872,2.90,4.00
2007.09.18 05:09:54.059,1.187,1.1872,6.90,4.00
2007.09.18 05:10:16.335,1.187,1.1872,25.50,4.00
2007.09.18 05:10:16.768,1.187,1.1872,25.30,4.00
2007.09.18 05:10:22.136,1.187,1.1872,21.30,4.00
2007.09.18 05:10:22.485,1.187,1.18725,21.30,5.60
2007.09.18 05:10:24.014,1.187,1.1872,25.30,4.00
2007.09.18 05:10:37.395,1.187,1.1872,21.30,4.00
2007.09.18 05:10:43.206,1.187,1.1872,21.50,4.00
2007.09.18 05:10:43.607,1.187,1.1872,25.50,4.00
2007.09.18 05:10:52.121,1.187,1.1872,21.50,4.00
2007.09.18 05:10:53.151,1.187,1.1872,21.30,4.00
2007.09.18 05:10:54.079,1.187,1.1872,25.30,4.00
2007.09.18 05:10:54.887,1.187,1.1872,29.50,4.00
2007.09.18 05:11:00.193,1.187,1.1872,29.60,4.00
2007.09.18 05:11:01.253,1.187,1.1872,29.50,4.00
2007.09.18 05:11:01.264,1.187,1.1872,25.30,4.00
2007.09.18 05:11:01.572,1.187,1.18725,25.30,5.60
2007.09.18 05:11:02.068,1.187,1.1872,21.30,0.80
2007.09.18 05:11:02.164,1.187,1.18725,21.50,5.60
2007.09.18 05:11:02.572,1.187,1.1872,25.60,0.70
2007.09.18 05:11:02.584,1.187,1.18725,29.60,5.60
2007.09.18 05:11:03.206,1.187,1.18725,29.50,5.60
2007.09.18 05:11:03.355,1.187,1.1872,25.30,0.60
2007.09.18 05:11:07.154,1.187,1.18725,21.30,5.60
2007.09.18 05:11:10.776,1.187,1.1872,25.50,0.50
2007.09.18 05:11:11.282,1.187,1.1873,25.50,23.60
2007.09.18 05:11:11.634,1.187,1.1873,25.50,22.80
2007.09.18 05:11:12.666,1.187,1.1873,25.50,23.60
2007.09.18 05:11:22.171,1.187,1.1873,21.50,23.60
2007.09.18 05:11:24.026,1.187,1.1873,25.50,23.60
2007.09.18 05:11:39.157,1.187,1.18725,29.60,1.60
2007.09.18 05:11:52.124,1.187,1.18725,25.60,1.60
2007.09.18 05:11:52.735,1.187,1.18725,25.60,0.80
2007.09.18 05:11:52.857,1.1871,1.18725,4.00,0.80
2007.09.18 05:11:52.964,1.1871,1.1873,4.00,19.60
2007.09.18 05:12:06.808,1.1871,1.1873,4.00,18.80
2007.09.18 05:12:06.836,1.1871,1.1873,4.00,18.00
2007.09.18 05:12:07.048,1.1871,1.1873,4.00,0.50
2007.09.18 05:12:09.755,1.1871,1.1873,4.00,0.90
2007.09.18 05:12:09.775,1.1871,1.18735,4.00,20.40
2007.09.18 05:12:09.919,1.1871,1.18735,4.00,20.40
2007.09.18 05:12:13.258,1.1871,1.18735,4.00,19.60
2007.09.18 05:12:13.280,1.1871,1.1873,4.00,0.60
2007.09.18 05:12:16.288,1.1871,1.1873,4.00,0.80
2007.09.18 05:12:16.340,1.1871,1.18735,4.00,20.40
2007.09.18 05:12:16.357,1.1871,1.1873,4.00,0.60
2007.09.18 05:12:16.797,1.1871,1.18735,4.00,16.40
2007.09.18 05:12:17.343,1.1871,1.18735,4.00,20.40
2007.09.18 05:12:17.684,1.1871,1.1873,6.40,0.60
2007.09.18 05:12:17.967,1.1871,1.18735,10.40,20.40
2007.09.18 05:12:24.265,1.18705,1.18735,11.20,40.00
2007.09.18 05:12:36.690,1.18705,1.1873,11.20,18.80
2007.09.18 05:12:37.025,1.18705,1.1873,11.20,18.00
2007.09.18 05:12:39.798,1.18705,1.1873,11.20,17.20
2007.09.18 05:12:45.699,1.1871,1.1873,0.90,17.20
2007.09.18 05:12:45.717,1.187,1.1872,43.60,4.00
2007.09.18 05:12:46.140,1.1871,1.1872,0.50,4.00
2007.09.18 05:12:48.210,1.18695,1.1872,43.10,4.00
2007.09.18 05:12:48.401,1.187,1.1872,15.70,4.00
2007.09.18 05:12:52.878,1.1871,1.1872,4.00,4.00
2007.09.18 05:13:08.728,1.1871,1.18725,4.00,1.60
2007.09.18 05:13:08.742,1.1871,1.18725,6.40,0.80
2007.09.18 05:13:08.913,1.1871,1.1873,6.40,23.60
2007.09.18 05:13:09.692,1.1871,1.1873,10.40,23.60
2007.09.18 05:13:13.482,1.18705,1.1873,11.20,23.60
2007.09.18 05:13:29.670,1.18705,1.1873,13.20,21.60
2007.09.18 05:13:29.685,1.1871,1.1873,1.70,21.60
2007.09.18 05:13:29.799,1.18705,1.1873,14.00,20.80
2007.09.18 05:13:34.764,1.18705,1.1873,14.00,20.00
2007.09.18 05:13:34.861,1.18705,1.1873,14.00,20.80
2007.09.18 05:13:39.105,1.1871,1.1873,2.70,20.80
2007.09.18 05:13:39.705,1.18705,1.1873,14.00,20.80
2007.09.18 05:13:55.084,1.1871,1.1873,12.40,20.80
2007.09.18 05:13:55.176,1.1871,1.1873,10.40,20.80
2007.09.18 05:13:55.284,1.1871,1.1873,10.40,22.80
2007.09.18 05:13:55.421,1.1871,1.1873,10.40,23.60
2007.09.18 05:14:08.136,1.1871,1.1873,6.40,23.60
2007.09.18 05:14:08.759,1.1871,1.1873,6.40,22.80
2007.09.18 05:14:09.063,1.1871,1.1873,6.40,23.60
2007.09.18 05:14:09.791,1.1871,1.1873,10.40,23.60
2007.09.18 05:14:29.483,1.1871,1.1873,10.40,19.60
2007.09.18 05:14:34.881,1.1871,1.1873,10.40,18.80
2007.09.18 05:14:34.976,1.1871,1.1873,10.40,19.60
2007.09.18 05:14:38.190,1.1871,1.1873,6.40,19.60
2007.09.18 05:14:39.164,1.1871,1.1873,2.70,19.60
2007.09.18 05:14:39.801,1.18705,1.1873,11.20,19.60
2007.09.18 05:14:42.717,1.1871,1.1873,3.30,18.80
2007.09.18 05:14:42.805,1.18705,1.1873,11.20,18.00
2007.09.18 05:14:42.861,1.1871,1.1873,1.60,17.20
2007.09.18 05:14:50.193,1.1871,1.1873,3.60,18.00
2007.09.18 05:14:50.305,1.1871,1.1873,2.10,22.80
2007.09.18 05:14:50.498,1.18705,1.1873,11.20,23.60
2007.09.18 05:14:50.734,1.1871,1.1873,2.00,23.60
2007.09.18 05:14:53.907,1.1871,1.1873,3.70,23.60
2007.09.18 05:15:00.693,1.187,1.1873,37.20,23.60
2007.09.18 05:15:00.739,1.187,1.1873,33.60,27.60
2007.09.18 05:15:00.789,1.1871,1.18725,0.60,0.80
2007.09.18 05:15:00.898,1.1871,1.18725,2.00,1.60
2007.09.18 05:15:01.679,1.1871,1.18725,1.70,1.60
2007.09.18 05:15:06.732,1.18705,1.18725,4.80,0.80
2007.09.18 05:15:06.754,1.18705,1.1873,4.80,23.60
2007.09.18 05:15:07.256,1.1871,1.1873,6.40,23.60
2007.09.18 05:15:07.693,1.1871,1.1873,10.40,23.60
2007.09.18 05:15:08.739,1.1871,1.1873,10.40,19.60
2007.09.18 05:15:12.002,1.1871,1.1873,6.40,19.60
2007.09.18 05:15:16.443,1.1871,1.1873,10.40,19.60
2007.09.18 05:15:29.369,1.1871,1.1873,6.40,19.60
2007.09.18 05:15:31.900,1.1871,1.1873,6.40,23.60
2007.09.18 05:15:31.984,1.18705,1.1873,7.20,23.60
2007.09.18 05:15:34.953,1.1871,1.1873,1.50,22.80
2007.09.18 05:15:35.057,1.18705,1.1873,7.20,23.60
2007.09.18 05:15:36.107,1.18705,1.1873,3.20,23.60
2007.09.18 05:15:37.161,1.18705,1.1873,3.20,19.60
2007.09.18 05:15:37.797,1.18705,1.1873,7.20,19.60
2007.09.18 05:15:42.755,1.18705,1.1873,7.20,23.60
2007.09.18 05:15:43.203,1.187,1.18725,34.40,0.80
2007.09.18 05:15:43.277,1.1871,1.18725,1.90,1.60
2007.09.18 05:15:43.794,1.187,1.18725,1.10,1.60
2007.09.18 05:15:44.221,1.18705,1.18725,0.80,1.60
2007.09.18 05:15:44.744,1.1871,1.18725,1.00,1.60
2007.09.18 05:15:44.749,1.18705,1.18725,7.20,1.60
2007.09.18 05:15:48.822,1.18705,1.18725,11.20,1.60
2007.09.18 05:15:48.869,1.18705,1.18725,11.20,0.80
2007.09.18 05:15:49.093,1.18705,1.1873,11.20,19.60
2007.09.18 05:15:49.367,1.1871,1.1873,2.00,19.60
2007.09.18 05:15:53.452,1.18705,1.1873,7.20,23.60
2007.09.18 05:16:03.633,1.1871,1.1873,7.20,23.60
2007.09.18 05:16:03.745,1.1871,1.1873,11.20,14.80
2007.09.18 05:16:03.761,1.1871,1.1873,11.20,14.00
2007.09.18 05:16:03.843,1.1871,1.1873,11.20,13.20
2007.09.18 05:16:04.058,1.18705,1.1873,15.30,13.20
2007.09.18 05:16:04.288,1.1871,1.1873,5.20,5.20
2007.09.18 05:16:04.371,1.1871,1.1873,20.00,2.80
2007.09.18 05:16:04.818,1.1871,1.1873,20.00,2.80
2007.09.18 05:16:12.685,1.1871,1.1873,16.00,5.20
2007.09.18 05:16:12.739,1.1872,1.1873,2.40,18.00
2007.09.18 05:16:12.805,1.1872,1.18725,0.90,0.80
2007.09.18 05:16:12.821,1.1872,1.18725,1.60,1.60
2007.09.18 05:16:12.848,1.187,1.18725,4.30,1.60
2007.09.18 05:16:13.363,1.18695,1.18725,31.20,1.60
2007.09.18 05:16:13.694,1.18695,1.18725,35.20,1.60
2007.09.18 05:16:15.176,1.18695,1.18725,35.10,1.60
2007.09.18 05:16:15.299,1.18695,1.18725,35.00,1.60
2007.09.18 05:16:19.280,1.18695,1.18725,35.10,1.60
2007.09.18 05:16:22.110,1.18695,1.18725,35.20,1.60
2007.09.18 05:16:41.347,1.187,1.18725,29.30,1.60
2007.09.18 05:16:42.186,1.187,1.18725,25.30,1.60
2007.09.18 05:16:42.294,1.187,1.18725,21.30,1.60
2007.09.18 05:16:43.669,1.187,1.18725,25.30,1.60
2007.09.18 05:16:56.814,1.187,1.18725,25.40,1.60
2007.09.18 05:17:00.442,1.187,1.18725,25.30,1.60
2007.09.18 05:17:03.250,1.187,1.18725,25.50,1.60
2007.09.18 05:17:03.344,1.187,1.18725,29.50,1.60
2007.09.18 05:17:12.152,1.187,1.18725,25.50,1.60
2007.09.18 05:17:12.760,1.187,1.18725,25.50,0.80
2007.09.18 05:17:13.002,1.187,1.18725,25.50,1.60
2007.09.18 05:17:13.728,1.187,1.18725,29.50,1.60
2007.09.18 05:17:33.336,1.1871,1.18725,4.00,1.60
2007.09.18 05:17:50.723,1.1871,1.18725,4.00,0.80
2007.09.18 05:17:50.916,1.1871,1.18725,4.80,0.80
2007.09.18 05:17:50.956,1.1871,1.1873,4.80,16.80
2007.09.18 05:17:50.995,1.1871,1.1873,6.80,16.80
2007.09.18 05:17:51.232,1.1871,1.1873,9.20,16.80
2007.09.18 05:17:51.923,1.1871,1.1873,13.20,16.80
2007.09.18 05:18:18.031,1.1871,1.1873,14.00,16.80
2007.09.18 05:18:18.234,1.1871,1.1873,14.00,15.20
2007.09.18 05:18:18.239,1.1871,1.1873,14.00,16.00
2007.09.18 05:18:18.303,1.1871,1.1873,14.00,14.40
2007.09.18 05:18:18.428,1.1871,1.1873,14.00,10.40
2007.09.18 05:18:18.651,1.1872,1.1873,4.00,10.40
2007.09.18 05:18:18.720,1.1872,1.1873,6.40,8.00
2007.09.18 05:18:18.753,1.1872,1.18735,6.40,4.80
2007.09.18 05:18:19.200,1.1872,1.1874,6.40,43.60
2007.09.18 05:18:20.704,1.1872,1.1873,6.40,0.80
2007.09.18 05:18:20.728,1.1872,1.18735,6.40,5.60
2007.09.18 05:18:20.802,1.1872,1.18735,6.40,5.60
2007.09.18 05:18:20.845,1.1872,1.18735,6.40,9.60
2007.09.18 05:18:20.904,1.1872,1.1873,6.40,0.70
2007.09.18 05:18:20.929,1.1872,1.1873,6.40,0.50
2007.09.18 05:18:21.049,1.1872,1.1873,6.40,0.60
2007.09.18 05:18:21.141,1.1872,1.18735,6.40,12.00
2007.09.18 05:18:21.226,1.1872,1.1873,4.00,23.20
2007.09.18 05:18:21.321,1.1872,1.1873,4.00,40.40
2007.09.18 05:18:21.337,1.1872,1.18725,4.00,0.80
2007.09.18 05:18:21.634,1.1872,1.18725,4.00,0.70
2007.09.18 05:18:21.789,1.1871,1.1873,10.40,27.60
2007.09.18 05:18:21.823,1.1871,1.1873,10.40,26.80
2007.09.18 05:18:21.834,1.1871,1.1873,10.40,0.70
2007.09.18 05:18:22.054,1.1871,1.1873,10.40,0.50
2007.09.18 05:18:25.100,1.1871,1.1873,11.20,0.70
2007.09.18 05:18:25.196,1.1871,1.18735,11.20,22.00
2007.09.18 05:18:25.212,1.1871,1.18735,13.20,20.00
2007.09.18 05:18:33.066,1.1871,1.18735,13.20,19.20
2007.09.18 05:18:33.174,1.1871,1.1873,13.20,0.90
2007.09.18 05:18:50.158,1.1871,1.1873,9.20,16.80
2007.09.18 05:18:51.827,1.1871,1.1873,13.20,16.80
2007.09.18 05:19:20.142,1.1871,1.1873,9.20,16.80
2007.09.18 05:19:21.747,1.1871,1.1873,9.20,16.00
2007.09.18 05:19:21.769,1.1871,1.1873,13.20,16.00
2007.09.18 05:19:21.887,1.1871,1.1873,13.20,12.00
2007.09.18 05:19:22.009,1.1871,1.1873,13.20,12.80
2007.09.18 05:19:26.863,1.1871,1.1873,9.20,16.80
2007.09.18 05:19:28.130,1.1871,1.1873,9.20,12.80
2007.09.18 05:19:32.118,1.1871,1.1873,9.20,16.80
2007.09.18 05:19:33.710,1.1871,1.1873,9.20,18.60
2007.09.18 05:19:33.802,1.1871,1.18725,9.20,0.80
2007.09.18 05:19:34.152,1.1871,1.18725,9.20,1.60
2007.09.18 05:19:34.264,1.1871,1.18725,7.20,1.60
2007.09.18 05:19:34.346,1.1871,1.18725,6.40,1.60
2007.09.18 05:19:34.647,1.1871,1.18725,7.20,1.60
2007.09.18 05:19:34.797,1.1871,1.18725,9.20,1.60
2007.09.18 05:19:39.768,1.1871,1.18725,9.20,0.80
2007.09.18 05:19:39.845,1.1871,1.1873,9.20,20.80
2007.09.18 05:19:47.294,1.1871,1.1873,9.20,22.60
2007.09.18 05:19:50.101,1.1871,1.1873,5.20,22.60
2007.09.18 05:19:51.747,1.1871,1.1873,9.20,22.60
2007.09.18 05:19:57.136,1.1871,1.1873,9.20,26.60
2007.09.18 05:19:57.194,1.1871,1.1872,8.40,8.00
2007.09.18 05:19:57.244,1.1871,1.1872,8.40,8.80
2007.09.18 05:19:57.273,1.1871,1.18715,8.40,0.80
2007.09.18 05:19:57.361,1.1871,1.18715,6.40,0.80
2007.09.18 05:19:57.387,1.1871,1.18715,6.40,1.60
2007.09.18 05:19:57.684,1.1871,1.18715,4.00,4.80
2007.09.18 05:19:57.789,1.1871,1.18715,4.00,4.00
2007.09.18 05:19:57.871,1.187,1.18715,6.70,4.00
2007.09.18 05:19:58.167,1.187,1.18715,6.90,4.00
2007.09.18 05:19:58.286,1.187,1.18715,6.80,4.00
2007.09.18 05:19:59.225,1.187,1.18715,6.70,4.00
2007.09.18 05:20:01.217,1.187,1.18715,6.60,4.00
2007.09.18 05:20:04.183,1.187,1.18715,1.80,4.00
2007.09.18 05:20:13.673,1.18695,1.18715,9.00,1.60
2007.09.18 05:20:13.739,1.187,1.18715,1.70,1.60
2007.09.18 05:20:13.779,1.18695,1.1872,11.20,24.80
2007.09.18 05:20:13.838,1.187,1.1872,2.90,20.80
2007.09.18 05:20:14.143,1.187,1.1872,2.00,22.80
2007.09.18 05:20:14.184,1.187,1.1872,0.90,23.60
2007.09.18 05:20:24.186,1.18695,1.1872,16.40,20.80
2007.09.18 05:20:24.201,1.187,1.1872,6.30,20.00
2007.09.18 05:20:24.250,1.18715,1.1872,1.00,19.20
2007.09.18 05:20:24.291,1.18715,1.1872,0.80,15.20
2007.09.18 05:20:24.309,1.1871,1.1872,5.60,14.40
2007.09.18 05:20:24.399,1.1871,1.1872,6.40,10.40
2007.09.18 05:20:24.413,1.18715,1.1872,1.20,10.40
2007.09.18 05:20:24.605,1.1871,1.1872,12.00,10.40
2007.09.18 05:20:24.712,1.1871,1.1872,11.20,8.00
2007.09.18 05:20:24.829,1.1872,1.1873,0.90,21.20
2007.09.18 05:20:25.866,1.18705,1.1872,0.50,4.00
2007.09.18 05:21:24.760,1.18705,1.1872,0.80,4.00
2007.09.18 05:21:24.848,1.18705,1.1872,0.80,8.00
2007.09.18 05:21:25.098,1.187,1.1872,21.80,8.00
2007.09.18 05:21:25.284,1.187,1.1872,20.80,8.00
2007.09.18 05:21:25.370,1.187,1.1872,20.80,4.00
2007.09.18 05:21:25.425,1.187,1.1872,20.00,4.00
2007.09.18 05:21:25.907,1.187,1.1872,24.00,4.00
2007.09.18 05:21:32.216,1.187,1.1872,25.00,4.00
2007.09.18 05:21:32.292,1.18705,1.1872,0.80,4.00
2007.09.18 05:21:32.522,1.18705,1.1872,1.60,4.00
2007.09.18 05:21:50.972,1.18705,1.1872,0.80,4.00
2007.09.18 05:21:51.062,1.187,1.1872,34.20,4.00
2007.09.18 05:21:51.087,1.187,1.1872,31.20,4.00
2007.09.18 05:21:51.324,1.187,1.1872,29.20,4.00
2007.09.18 05:21:54.179,1.187,1.1872,25.20,4.00
2007.09.18 05:21:55.950,1.187,1.1872,29.20,4.00
2007.09.18 05:22:24.143,1.187,1.1872,25.20,4.00
2007.09.18 05:22:24.762,1.187,1.18725,25.20,1.60
2007.09.18 05:22:25.834,1.187,1.18725,29.20,1.60
2007.09.18 05:22:30.712,1.187,1.18725,29.20,0.80
2007.09.18 05:22:30.781,1.187,1.1871,29.20,1.60
2007.09.18 05:22:30.879,1.187,1.1871,21.20,1.60
2007.09.18 05:22:30.972,1.187,1.1871,21.20,2.40
2007.09.18 05:22:31.118,1.187,1.1871,20.40,2.40
2007.09.18 05:22:31.204,1.187,1.1871,14.40,2.40
2007.09.18 05:22:31.642,1.187,1.1871,14.40,3.20
2007.09.18 05:22:31.727,1.187,1.1871,14.40,5.20
2007.09.18 05:22:31.863,1.187,1.1871,6.40,5.20
2007.09.18 05:22:32.148,1.187,1.1871,6.40,3.20
2007.09.18 05:22:32.251,1.187,1.1871,14.40,2.40
2007.09.18 05:22:35.889,1.187,1.1871,14.40,1.60
2007.09.18 05:22:35.956,1.187,1.1871,14.40,0.80
2007.09.18 05:22:36.119,1.187,1.18715,14.40,2.40
2007.09.18 05:22:36.167,1.187,1.18715,14.40,1.60
2007.09.18 05:22:36.264,1.187,1.18715,14.40,0.80
2007.09.18 05:22:36.428,1.187,1.1872,14.40,19.60
2007.09.18 05:22:37.180,1.187,1.1872,15.20,19.60
2007.09.18 05:22:37.236,1.187,1.1872,17.20,17.60
2007.09.18 05:22:37.276,1.187,1.1872,17.20,16.80
2007.09.18 05:22:37.333,1.187,1.1872,21.20,12.80
2007.09.18 05:22:40.872,1.187,1.1872,17.20,12.80
2007.09.18 05:22:41.191,1.187,1.1872,14.40,15.60
2007.09.18 05:22:45.611,1.187,1.1872,15.20,15.60
2007.09.18 05:22:45.656,1.187,1.1872,16.00,15.60
2007.09.18 05:22:45.719,1.187,1.1872,16.00,14.00
2007.09.18 05:22:45.760,1.187,1.1872,22.00,11.20
2007.09.18 05:22:45.809,1.187,1.1872,22.00,10.40
2007.09.18 05:22:45.819,1.1871,1.1872,8.00,10.40
2007.09.18 05:22:46.226,1.1871,1.1872,10.40,8.00
2007.09.18 05:22:46.293,1.1871,1.18725,10.40,0.80
2007.09.18 05:22:46.314,1.1871,1.1873,10.40,27.60
2007.09.18 05:22:46.703,1.1871,1.1873,14.40,23.60
2007.09.18 05:22:47.141,1.1871,1.1873,0.80,23.60
2007.09.18 05:22:49.889,1.1871,1.1873,3.70,29.30
2007.09.18 05:22:50.034,1.1871,1.1873,3.10,33.30
2007.09.18 05:22:50.199,1.187,1.1873,46.00,33.30
2007.09.18 05:22:50.307,1.187,1.18725,46.00,0.80
2007.09.18 05:22:50.393,1.1871,1.18725,1.50,1.60
2007.09.18 05:22:50.724,1.187,1.1871,23.80,0.80
2007.09.18 05:22:50.751,1.1869,1.1871,32.10,1.60
2007.09.18 05:22:50.846,1.1869,1.1871,16.10,5.60
2007.09.18 05:22:50.890,1.187,1.1871,2.20,6.40
2007.09.18 05:22:51.236,1.187,1.18705,1.90,0.80
2007.09.18 05:22:51.261,1.187,1.18705,2.20,0.80
2007.09.18 05:22:51.683,1.1868,1.187,43.10,4.00
2007.09.18 05:22:54.732,1.18685,1.187,12.80,4.00
2007.09.18 05:22:54.790,1.18685,1.1871,12.80,16.80
2007.09.18 05:22:54.977,1.18685,1.1871,14.80,16.80
2007.09.18 05:22:55.041,1.18685,1.1871,15.60,16.80
2007.09.18 05:22:55.714,1.1869,1.1871,4.50,16.80
2007.09.18 05:22:55.856,1.18685,1.1871,22.00,16.80
2007.09.18 05:23:25.292,1.1869,1.1871,17.20,16.80
2007.09.18 05:23:25.894,1.1869,1.1871,21.20,16.80
2007.09.18 05:23:28.703,1.1869,1.1871,21.20,16.00
2007.09.18 05:23:29.121,1.1869,1.1871,21.20,16.80
2007.09.18 05:23:35.745,1.1869,1.1871,21.40,16.80
2007.09.18 05:23:35.953,1.1869,1.1871,25.40,16.80
2007.09.18 05:23:38.590,1.18685,1.1871,26.20,16.80
2007.09.18 05:23:40.729,1.18685,1.1871,30.10,16.80
2007.09.18 05:23:40.951,1.1869,1.1871,11.00,16.80
2007.09.18 05:23:46.206,1.18695,1.1871,8.80,16.80
2007.09.18 05:23:46.243,1.18695,1.1871,8.80,16.00
2007.09.18 05:23:46.295,1.187,1.1871,3.50,15.20
2007.09.18 05:23:46.334,1.187,1.1871,0.50,10.40
2007.09.18 05:23:46.717,1.187,1.1871,3.50,8.00
2007.09.18 05:23:46.754,1.187,1.18715,2.90,0.80
2007.09.18 05:23:46.835,1.187,1.1872,3.60,20.80
2007.09.18 05:23:46.864,1.187,1.1872,1.30,16.80
2007.09.18 05:23:47.066,1.18695,1.1872,17.20,16.80
2007.09.18 05:23:47.136,1.187,1.1872,1.20,16.80
2007.09.18 05:23:47.266,1.18695,1.1872,22.00,16.80
2007.09.18 05:23:52.641,1.18695,1.1872,20.00,18.80
2007.09.18 05:23:52.652,1.187,1.1872,1.00,18.80
2007.09.18 05:23:52.751,1.1869,1.18715,42.60,0.80
2007.09.18 05:23:52.889,1.1869,1.18715,42.60,1.60
2007.09.18 05:23:53.786,1.187,1.18715,1.50,1.60
2007.09.18 05:23:54.727,1.18695,1.18715,12.80,1.60
2007.09.18 05:23:54.928,1.18695,1.18715,14.80,1.60
2007.09.18 05:23:55.036,1.18695,1.18715,15.60,1.60
2007.09.18 05:23:55.240,1.18695,1.18715,18.00,1.60
2007.09.18 05:23:55.967,1.18695,1.18715,22.00,1.60
2007.09.18 05:23:57.109,1.18695,1.18715,18.00,1.60
2007.09.18 05:23:59.119,1.18695,1.18715,18.00,0.80
2007.09.18 05:23:59.313,1.187,1.1872,8.50,16.80
2007.09.18 05:24:03.229,1.187,1.1872,8.70,16.80
2007.09.18 05:24:04.690,1.18695,1.1872,26.10,16.00
2007.09.18 05:24:04.941,1.18695,1.1872,26.10,16.80
2007.09.18 05:24:06.258,1.187,1.1872,21.20,16.00
2007.09.18 05:24:06.271,1.187,1.1872,21.20,15.20
2007.09.18 05:24:06.286,1.187,1.1872,21.20,14.40
2007.09.18 05:24:06.342,1.187,1.1872,25.20,14.40
2007.09.18 05:24:06.450,1.1871,1.1872,8.00,14.40
2007.09.18 05:24:06.667,1.1871,1.1872,8.00,6.40
2007.09.18 05:24:06.762,1.1871,1.1872,8.00,4.00
2007.09.18 05:24:06.774,1.1871,1.1872,12.00,4.00
2007.09.18 05:24:26.348,1.1871,1.1872,8.00,4.00
2007.09.18 05:24:26.381,1.187,1.1872,47.20,4.00
2007.09.18 05:24:26.463,1.187,1.1872,39.30,4.00
2007.09.18 05:24:26.766,1.187,1.1872,37.30,4.00
2007.09.18 05:24:28.736,1.18715,1.18725,0.80,0.80
2007.09.18 05:24:28.746,1.1872,1.1873,8.00,22.40
2007.09.18 05:24:28.837,1.1872,1.1873,8.00,14.40
2007.09.18 05:24:29.152,1.1872,1.1873,8.00,15.20
2007.09.18 05:24:29.247,1.1872,1.1873,8.00,17.20
2007.09.18 05:24:29.365,1.1871,1.1872,8.00,4.00
2007.09.18 05:24:30.933,1.187,1.1872,31.40,4.00
2007.09.18 05:24:30.961,1.187,1.1872,35.60,4.00
2007.09.18 05:24:32.267,1.187,1.1872,29.40,4.00
2007.09.18 05:24:33.678,1.187,1.1872,34.20,4.00
2007.09.18 05:24:33.702,1.187,1.1872,28.00,4.00
2007.09.18 05:24:33.781,1.187,1.1872,20.00,4.80
2007.09.18 05:24:33.821,1.187,1.1872,8.00,5.60
2007.09.18 05:24:33.892,1.187,1.1872,8.00,6.40
2007.09.18 05:24:34.122,1.187,1.1872,8.80,6.40
2007.09.18 05:24:34.191,1.1871,1.1872,8.00,5.60
2007.09.18 05:24:34.239,1.1871,1.1872,8.00,4.80
2007.09.18 05:24:34.337,1.1871,1.1872,8.00,0.80
2007.09.18 05:24:34.385,1.1871,1.1873,8.00,19.60
2007.09.18 05:24:34.708,1.1871,1.1873,10.40,19.60
2007.09.18 05:24:34.741,1.1871,1.1873,14.40,19.60
2007.09.18 05:24:35.370,1.1871,1.1873,14.40,23.60
2007.09.18 05:24:40.355,1.1871,1.1873,14.40,19.60
2007.09.18 05:24:41.189,1.1871,1.1873,14.40,20.40
2007.09.18 05:24:41.207,1.1871,1.18725,14.40,0.80
2007.09.18 05:24:41.291,1.1871,1.1873,14.40,24.40
2007.09.18 05:24:41.433,1.1871,1.1873,14.40,30.10
2007.09.18 05:24:41.492,1.1871,1.1873,14.40,38.10
2007.09.18 05:24:41.699,1.1871,1.1872,14.40,4.00
2007.09.18 05:24:41.703,1.1871,1.1872,4.00,6.40
2007.09.18 05:24:41.807,1.1871,1.18715,4.00,0.80
2007.09.18 05:24:41.902,1.1871,1.18715,4.00,0.80
2007.09.18 05:24:43.156,1.187,1.1871,4.00,4.00
2007.09.18 05:24:44.106,1.187,1.1871,4.80,4.00
2007.09.18 05:24:44.189,1.187,1.1871,6.80,4.00
2007.09.18 05:24:44.221,1.187,1.1871,14.80,4.00
2007.09.18 05:24:44.302,1.187,1.1872,14.80,16.00
2007.09.18 05:24:44.475,1.187,1.1872,14.80,16.80
2007.09.18 05:24:44.726,1.187,1.1872,17.20,16.80
2007.09.18 05:24:44.799,1.187,1.1872,21.20,16.80
2007.09.18 05:24:56.915,1.187,1.1872,17.20,16.80
2007.09.18 05:24:57.350,1.187,1.1872,21.20,16.80
2007.09.18 05:25:05.777,1.187,1.18715,21.20,0.80
2007.09.18 05:25:05.917,1.187,1.18715,21.20,1.60
2007.09.18 05:25:05.957,1.187,1.18715,17.20,1.60
2007.09.18 05:25:06.294,1.187,1.18715,17.20,0.80
2007.09.18 05:25:06.460,1.187,1.1872,17.20,20.80
2007.09.18 05:25:06.888,1.187,1.1872,17.20,16.80
2007.09.18 05:25:07.304,1.187,1.1872,21.20,16.80
2007.09.18 05:25:09.840,1.187,1.18725,21.20,20.00
2007.09.18 05:25:12.746,1.187,1.18725,21.20,20.00
2007.09.18 05:25:12.788,1.187,1.1872,21.20,0.90
2007.09.18 05:25:12.807,1.187,1.1872,21.20,0.60
2007.09.18 05:25:12.897,1.187,1.1872,29.20,0.70
2007.09.18 05:25:13.157,1.1871,1.18725,8.00,13.60
2007.09.18 05:25:13.322,1.1871,1.18725,12.00,5.60
2007.09.18 05:25:18.893,1.1871,1.1872,8.00,0.50
2007.09.18 05:25:19.243,1.1871,1.1872,8.00,0.60
2007.09.18 05:25:19.327,1.1871,1.18725,8.00,19.20
2007.09.18 05:25:54.764,1.1871,1.1872,8.00,15.20
2007.09.18 05:25:54.774,1.1871,1.1872,8.00,16.00
2007.09.18 05:25:54.822,1.1871,1.1872,8.00,16.80
2007.09.18 05:25:55.383,1.187,1.1872,21.20,16.80
2007.09.18 05:25:58.779,1.187,1.1872,21.20,16.00
2007.09.18 05:25:58.801,1.187,1.1872,21.20,15.20
2007.09.18 05:25:58.934,1.187,1.1872,25.20,15.20
2007.09.18 05:25:58.972,1.187,1.1872,25.20,14.40
2007.09.18 05:25:59.395,1.1871,1.1872,8.00,14.40
2007.09.18 05:26:03.188,1.1871,1.1872,8.00,16.40
2007.09.18 05:26:03.214,1.1871,1.1872,8.00,17.20
2007.09.18 05:26:03.516,1.1871,1.1872,8.00,21.20
2007.09.18 05:26:04.231,1.1871,1.1872,8.00,20.40
2007.09.18 05:26:04.321,1.1871,1.1872,8.00,14.40
2007.09.18 05:26:44.329,1.1871,1.1872,8.00,10.40
2007.09.18 05:26:46.653,1.1871,1.1872,8.00,11.20
2007.09.18 05:26:46.797,1.1871,1.1872,8.00,17.20
2007.09.18 05:26:47.782,1.1871,1.1872,8.00,16.40
2007.09.18 05:26:47.799,1.1871,1.1872,8.00,10.40
2007.09.18 05:26:50.554,1.1871,1.1872,8.00,0.60
2007.09.18 05:26:57.606,1.1871,1.1872,8.00,11.20
2007.09.18 05:26:57.736,1.1871,1.1872,8.00,17.20
2007.09.18 05:27:23.106,1.187,1.1872,12.00,18.80
2007.09.18 05:27:23.219,1.187,1.1872,12.00,12.80
2007.09.18 05:27:23.724,1.187,1.1872,14.40,12.80
2007.09.18 05:27:23.820,1.187,1.1872,18.40,12.80
2007.09.18 05:27:23.926,1.187,1.1872,19.20,12.80
2007.09.18 05:27:24.023,1.187,1.1872,21.20,12.80
2007.09.18 05:27:34.097,1.187,1.1872,17.20,16.80
2007.09.18 05:27:34.215,1.187,1.1872,17.20,20.80
2007.09.18 05:27:34.626,1.187,1.1872,21.20,16.80
2007.09.18 05:27:35.249,1.187,1.1872,21.20,12.80
2007.09.18 05:27:35.850,1.187,1.1872,21.20,12.00
2007.09.18 05:27:35.875,1.187,1.1872,21.20,11.20
2007.09.18 05:27:36.071,1.187,1.1872,25.20,11.20
2007.09.18 05:27:36.083,1.187,1.1872,25.20,10.40
2007.09.18 05:27:36.255,1.187,1.1872,25.20,11.20
2007.09.18 05:27:36.278,1.187,1.1872,25.20,12.00
2007.09.18 05:27:36.457,1.187,1.1872,21.20,12.00
2007.09.18 05:27:36.577,1.187,1.1872,21.20,12.80
2007.09.18 05:27:52.133,1.187,1.1872,17.20,12.80
2007.09.18 05:27:53.807,1.187,1.1872,21.20,12.80
2007.09.18 05:28:21.683,1.187,1.1872,17.20,12.80
2007.09.18 05:28:22.194,1.187,1.1872,13.20,12.80
2007.09.18 05:28:23.753,1.187,1.1872,17.20,12.80
2007.09.18 05:28:32.756,1.187,1.1872,17.20,16.80
2007.09.18 05:28:33.178,1.187,1.1872,17.20,24.80
2007.09.18 05:28:33.281,1.187,1.1872,17.20,20.80
2007.09.18 05:28:33.999,1.187,1.1872,17.20,16.80
2007.09.18 05:28:34.744,1.187,1.1872,17.20,12.80
2007.09.18 05:28:35.702,1.187,1.1872,17.20,12.00
2007.09.18 05:28:36.847,1.187,1.1872,17.20,12.80
2007.09.18 05:28:38.772,1.187,1.1872,29.20,12.00
2007.09.18 05:28:38.795,1.187,1.1872,29.20,10.40
2007.09.18 05:28:39.202,1.187,1.1872,29.20,8.00
2007.09.18 05:28:39.295,1.187,1.18725,37.20,1.60
2007.09.18 05:28:44.295,1.187,1.18725,18.30,1.60
2007.09.18 05:29:08.199,1.187,1.18725,33.20,1.60
2007.09.18 05:29:09.766,1.187,1.18725,37.20,1.60
2007.09.18 05:29:36.715,1.187,1.18725,37.20,0.80
2007.09.18 05:29:36.810,1.187,1.18725,37.20,1.60
2007.09.18 05:29:38.258,1.187,1.18725,33.20,1.60
2007.09.18 05:29:38.784,1.187,1.18725,29.20,1.60
2007.09.18 05:29:39.887,1.187,1.18725,33.20,1.60
2007.09.18 05:29:44.622,1.187,1.1873,33.20,23.60
2007.09.18 05:29:56.892,1.187,1.18725,37.20,1.60
2007.09.18 05:30:06.582,1.187,1.18725,37.30,1.60
2007.09.18 05:30:07.091,1.187,1.18725,33.30,1.60
2007.09.18 05:30:08.146,1.187,1.18725,29.30,1.60
2007.09.18 05:30:09.782,1.187,1.18725,33.30,1.60
2007.09.18 05:30:13.531,1.187,1.18725,33.20,1.60
2007.09.18 05:30:36.788,1.187,1.18725,33.20,0.80
2007.09.18 05:30:36.896,1.187,1.18725,33.20,1.60
2007.09.18 05:30:37.847,1.187,1.1873,33.20,23.60
2007.09.18 05:30:38.192,1.187,1.18725,29.20,1.60
2007.09.18 05:30:39.800,1.187,1.18725,33.20,1.60
2007.09.18 05:31:08.140,1.187,1.18725,29.20,1.60
2007.09.18 05:31:09.805,1.187,1.18725,33.20,1.60
2007.09.18 05:31:36.870,1.187,1.18725,33.20,0.80
2007.09.18 05:31:37.084,1.187,1.18725,33.20,1.60
2007.09.18 05:31:39.142,1.187,1.18725,29.20,1.60
2007.09.18 05:31:39.783,1.187,1.18725,33.20,1.60
2007.09.18 05:32:09.155,1.187,1.18725,29.20,1.60
2007.09.18 05:32:09.786,1.187,1.18725,33.20,1.60
2007.09.18 05:32:32.542,1.187,1.18725,25.20,1.60
2007.09.18 05:32:39.149,1.187,1.18725,21.20,1.60
2007.09.18 05:32:39.911,1.187,1.18725,25.20,1.60
2007.09.18 05:33:08.176,1.187,1.18725,21.20,1.60
2007.09.18 05:33:09.857,1.187,1.18725,25.20,1.60
2007.09.18 05:33:37.121,1.187,1.18725,25.20,0.80
2007.09.18 05:33:37.323,1.187,1.18725,25.20,1.60
2007.09.18 05:33:38.139,1.187,1.18725,21.20,1.60
2007.09.18 05:33:39.815,1.187,1.18725,25.20,1.60
2007.09.18 05:33:53.665,1.1871,1.18725,8.00,0.80
2007.09.18 05:33:53.712,1.1871,1.18725,8.80,0.80
2007.09.18 05:33:53.820,1.1871,1.18725,24.80,0.80
2007.09.18 05:33:54.012,1.1871,1.1873,24.80,13.20
2007.09.18 05:33:54.040,1.1871,1.1873,24.00,13.20
2007.09.18 05:33:54.186,1.1871,1.1873,16.00,13.20
2007.09.18 05:33:54.276,1.1871,1.1873,12.00,14.00
2007.09.18 05:33:54.286,1.1871,1.18725,12.00,0.80
2007.09.18 05:33:54.367,1.1871,1.18725,4.00,0.80
2007.09.18 05:33:54.584,1.18705,1.18725,4.10,0.80
2007.09.18 05:33:54.634,1.187,1.18725,29.20,1.60
2007.09.18 05:33:56.858,1.187,1.18725,29.40,1.60
2007.09.18 05:33:57.663,1.187,1.18725,29.40,0.50
2007.09.18 05:34:02.945,1.187,1.18725,31.40,0.80
2007.09.18 05:34:08.136,1.187,1.18725,29.40,0.50
2007.09.18 05:34:28.911,1.187,1.18725,31.40,1.60
2007.09.18 05:34:54.274,1.187,1.18725,31.40,0.80
2007.09.18 05:34:54.277,1.187,1.18725,29.40,0.80
2007.09.18 05:34:54.369,1.187,1.18725,29.40,1.60
2007.09.18 05:34:59.997,1.187,1.18725,31.40,1.60
2007.09.18 05:35:08.195,1.187,1.18725,29.40,1.60
2007.09.18 05:35:28.473,1.187,1.18725,31.40,1.60
2007.09.18 05:35:38.124,1.187,1.18725,29.40,1.60
2007.09.18 05:35:46.624,1.18705,1.18725,0.80,1.60
2007.09.18 05:35:46.719,1.18705,1.18725,0.80,0.80
2007.09.18 05:35:46.739,1.18705,1.1873,0.80,23.60
2007.09.18 05:35:46.827,1.18705,1.1873,0.80,19.60
2007.09.18 05:35:47.433,1.1871,1.1873,2.40,19.60
2007.09.18 05:35:47.668,1.1871,1.1873,6.40,19.60
2007.09.18 05:35:48.692,1.1871,1.1872,6.40,0.80
2007.09.18 05:35:48.787,1.1871,1.1872,6.40,1.60
2007.09.18 05:35:48.809,1.1871,1.1872,6.40,6.40
2007.09.18 05:35:49.118,1.1871,1.1872,6.40,8.40
2007.09.18 05:35:49.231,1.1871,1.1872,6.40,14.40
2007.09.18 05:35:49.297,1.1871,1.1872,3.00,14.40
2007.09.18 05:35:49.308,1.187,1.1872,17.20,16.80
2007.09.18 05:35:49.332,1.187,1.1872,9.20,20.80
2007.09.18 05:35:49.756,1.18695,1.1872,10.00,16.80
2007.09.18 05:35:50.381,1.18695,1.1872,14.00,16.80
2007.09.18 05:35:53.690,1.18695,1.18715,14.00,0.80
2007.09.18 05:35:53.875,1.18695,1.18715,10.00,0.80
2007.09.18 05:35:53.879,1.18695,1.18715,10.00,1.60
2007.09.18 05:35:54.347,1.18695,1.18715,10.00,0.80
2007.09.18 05:35:55.456,1.18695,1.1872,10.00,20.80
2007.09.18 05:35:55.471,1.187,1.1872,2.80,16.80
2007.09.18 05:36:19.814,1.187,1.1872,13.20,16.80
2007.09.18 05:36:27.906,1.187,1.1872,13.20,16.00
2007.09.18 05:36:28.002,1.187,1.1872,13.20,16.80
2007.09.18 05:36:28.182,1.187,1.1872,13.20,16.00
2007.09.18 05:36:28.264,1.187,1.1872,13.20,15.20
2007.09.18 05:36:28.290,1.187,1.1872,13.20,14.40
2007.09.18 05:36:28.403,1.187,1.1872,21.20,14.40
2007.09.18 05:36:28.481,1.187,1.1872,29.20,14.40
2007.09.18 05:36:28.516,1.187,1.1872,41.10,14.40
2007.09.18 05:36:28.722,1.187,1.1872,41.10,15.20
2007.09.18 05:36:28.787,1.187,1.1872,41.10,16.00
2007.09.18 05:36:28.816,1.187,1.1872,33.10,16.00
2007.09.18 05:36:28.884,1.187,1.1872,33.10,15.20
2007.09.18 05:36:28.931,1.187,1.1872,33.90,14.40
2007.09.18 05:36:28.992,1.187,1.1872,34.70,14.40
2007.09.18 05:36:29.005,1.187,1.1872,35.50,14.40
2007.09.18 05:36:29.264,1.187,1.1872,35.50,15.20
2007.09.18 05:36:29.395,1.187,1.1872,27.50,15.20
2007.09.18 05:36:29.437,1.187,1.1872,15.60,15.20
2007.09.18 05:36:30.002,1.187,1.1872,15.60,14.40
2007.09.18 05:36:40.676,1.187,1.1872,14.80,14.40
2007.09.18 05:36:40.699,1.18705,1.1872,0.80,12.00
2007.09.18 05:36:40.731,1.18705,1.1872,0.80,4.00
2007.09.18 05:36:40.938,1.18705,1.1872,1.60,4.00
2007.09.18 05:36:43.553,1.18705,1.1872,0.70,4.00
2007.09.18 05:36:47.693,1.1871,1.1872,0.80,4.00
2007.09.18 05:36:47.794,1.18705,1.1872,3.20,4.00
2007.09.18 05:36:47.800,1.18705,1.1873,3.20,21.20
2007.09.18 05:36:47.820,1.18705,1.1873,3.20,21.20
2007.09.18 05:36:47.894,1.18705,1.1873,3.20,17.20
2007.09.18 05:36:48.299,1.1871,1.1873,0.80,17.20
2007.09.18 05:36:48.724,1.1871,1.1873,3.80,17.20
2007.09.18 05:36:52.486,1.18705,1.1873,8.80,17.20
2007.09.18 05:36:52.762,1.18705,1.1873,9.60,17.20
2007.09.18 05:37:17.224,1.1871,1.1873,4.80,17.20
2007.09.18 05:37:18.795,1.1871,1.1873,8.80,17.20
2007.09.18 05:37:20.157,1.1871,1.1873,9.60,16.40
2007.09.18 05:37:20.249,1.1871,1.1873,11.60,14.40
2007.09.18 05:37:37.857,1.1871,1.1873,11.60,18.40
2007.09.18 05:37:39.022,1.1871,1.1873,11.60,14.40
2007.09.18 05:37:39.951,1.1871,1.1873,15.60,14.40
2007.09.18 05:37:40.063,1.1871,1.1873,11.60,14.40
2007.09.18 05:37:40.696,1.1871,1.1873,10.80,14.40
2007.09.18 05:37:40.898,1.1871,1.1873,11.60,14.40
2007.09.18 05:37:41.207,1.1871,1.1873,11.60,18.40
2007.09.18 05:37:42.323,1.1871,1.1873,15.60,14.40
2007.09.18 05:37:42.851,1.1871,1.1873,11.60,14.40
2007.09.18 05:37:43.888,1.1871,1.1873,11.60,18.40
2007.09.18 05:37:44.861,1.1871,1.18735,11.60,22.40
2007.09.18 05:37:47.203,1.1871,1.1873,7.60,0.80
2007.09.18 05:37:48.758,1.1871,1.18735,11.60,22.40
2007.09.18 05:38:17.158,1.1871,1.1873,7.60,18.40
2007.09.18 05:38:18.816,1.1871,1.1873,11.60,18.40
2007.09.18 05:38:40.885,1.1871,1.1873,10.80,18.40
2007.09.18 05:38:41.909,1.1871,1.1873,11.60,18.40
2007.09.18 05:38:47.219,1.1871,1.1873,7.60,0.80
2007.09.18 05:38:47.743,1.1871,1.18735,7.60,16.00
2007.09.18 05:38:48.852,1.1871,1.18735,11.60,16.00
2007.09.18 05:39:02.658,1.1871,1.1873,9.60,0.60
2007.09.18 05:39:02.758,1.1871,1.1873,8.80,0.80
2007.09.18 05:39:17.182,1.1871,1.1873,4.80,17.20
2007.09.18 05:39:18.824,1.1871,1.1873,8.80,17.20
2007.09.18 05:39:39.411,1.1871,1.1873,8.00,17.20
2007.09.18 05:39:39.708,1.1871,1.1873,8.80,17.20
2007.09.18 05:39:41.900,1.1871,1.1873,8.00,17.20
2007.09.18 05:39:43.030,1.1871,1.1873,8.80,17.20
2007.09.18 05:39:43.125,1.1871,1.1873,9.60,16.40
2007.09.18 05:39:43.204,1.1871,1.1873,11.60,14.40
2007.09.18 05:39:45.163,1.1871,1.1873,9.60,14.40
2007.09.18 05:39:45.182,1.1871,1.1873,8.80,14.40
2007.09.18 05:39:45.257,1.1871,1.1873,8.80,16.40
2007.09.18 05:39:45.277,1.1871,1.1873,8.80,17.20
2007.09.18 05:39:47.124,1.1871,1.1873,4.80,17.20
2007.09.18 05:39:48.164,1.1871,1.1873,4.80,21.20
2007.09.18 05:39:48.247,1.1871,1.1873,2.40,21.20
2007.09.18 05:39:48.257,1.1871,1.1873,1.60,21.20
2007.09.18 05:39:48.283,1.1871,1.1872,0.80,4.00
2007.09.18 05:39:48.488,1.18705,1.1872,1.60,4.00
2007.09.18 05:39:48.650,1.18705,1.1873,1.60,29.20
2007.09.18 05:39:48.794,1.1871,1.1872,4.00,0.50
2007.09.18 05:39:48.905,1.18705,1.1872,1.60,0.90
2007.09.18 05:39:55.675,1.18705,1.1872,2.40,4.00
2007.09.18 05:39:55.790,1.18705,1.1872,0.80,4.00
2007.09.18 05:39:55.865,1.187,1.1872,47.10,4.00
2007.09.18 05:39:55.961,1.187,1.1872,43.10,12.00
2007.09.18 05:39:56.162,1.187,1.1872,42.30,12.00
2007.09.18 05:39:56.190,1.187,1.18715,35.10,3.20
2007.09.18 05:39:56.245,1.187,1.18715,37.10,3.20
2007.09.18 05:39:56.281,1.187,1.18715,37.10,2.40
2007.09.18 05:39:56.345,1.187,1.18715,9.20,2.40
2007.09.18 05:39:56.669,1.187,1.18715,7.20,2.40
2007.09.18 05:39:56.689,1.187,1.18715,6.40,2.40
2007.09.18 05:39:57.179,1.187,1.18715,14.40,2.40
2007.09.18 05:39:57.219,1.187,1.1872,15.20,20.00
2007.09.18 05:39:57.286,1.1871,1.1872,0.80,8.00
2007.09.18 05:39:57.318,1.1871,1.1872,1.60,8.00
2007.09.18 05:39:57.437,1.1871,1.1872,2.40,8.00
2007.09.18 05:39:57.500,1.1871,1.1872,2.40,4.00
2007.09.18 05:40:02.977,1.1871,1.1872,1.60,4.00
2007.09.18 05:40:03.061,1.1871,1.1872,0.80,4.00
2007.09.18 05:40:03.152,1.18705,1.1872,1.60,4.00
2007.09.18 05:40:07.895,1.18705,1.1872,1.60,4.40
2007.09.18 05:40:09.006,1.18705,1.1872,1.60,4.40
2007.09.18 05:40:09.937,1.18705,1.1872,2.40,4.40
2007.09.18 05:40:10.144,1.18705,1.1872,2.40,4.20
2007.09.18 05:40:10.253,1.1871,1.1872,0.80,0.20
2007.09.18 05:40:10.352,1.1871,1.1872,1.60,0.20
2007.09.18 05:40:10.441,1.1871,1.1872,2.40,0.20
2007.09.18 05:40:10.752,1.1871,1.1872,4.80,0.20
2007.09.18 05:40:10.762,1.1871,1.1873,4.80,23.60
2007.09.18 05:40:10.872,1.1871,1.1873,8.80,23.60
2007.09.18 05:40:11.042,1.1871,1.1873,8.80,22.80
2007.09.18 05:40:36.074,1.1871,1.1873,8.80,18.80
2007.09.18 05:40:40.215,1.1871,1.1873,4.80,18.80
2007.09.18 05:40:40.836,1.1871,1.1873,8.80,18.80
2007.09.18 05:40:53.061,1.1871,1.1873,8.00,18.80
2007.09.18 05:40:53.476,1.1871,1.1873,8.80,18.80
2007.09.18 05:41:10.160,1.1871,1.1873,4.80,18.80
2007.09.18 05:41:10.341,1.1871,1.1873,4.00,18.80
2007.09.18 05:41:10.880,1.1871,1.1873,8.00,18.80
2007.09.18 05:41:12.168,1.1871,1.1873,8.80,18.80
2007.09.18 05:41:29.242,1.1871,1.1873,8.00,19.60
2007.09.18 05:41:29.263,1.1871,1.1873,6.40,25.30
2007.09.18 05:41:29.340,1.1871,1.1873,6.40,24.50
2007.09.18 05:41:29.358,1.1871,1.18715,6.40,1.90
2007.09.18 05:41:29.536,1.1871,1.18715,6.40,2.70
2007.09.18 05:41:29.650,1.1871,1.18715,6.40,5.90
2007.09.18 05:41:29.746,1.187,1.1871,24.40,0.80
2007.09.18 05:41:29.768,1.1871,1.18715,4.00,5.10
2007.09.18 05:41:29.858,1.1871,1.18715,4.00,4.30
2007.09.18 05:41:29.983,1.1871,1.18715,4.00,4.30
2007.09.18 05:41:30.395,1.1871,1.1872,4.00,4.20
2007.09.18 05:41:30.483,1.1871,1.1872,4.00,4.00
2007.09.18 05:41:30.905,1.187,1.1873,29.20,30.80
2007.09.18 05:41:32.398,1.187,1.1873,10.80,30.80
2007.09.18 05:41:35.286,1.187,1.1873,12.70,31.60
2007.09.18 05:41:35.366,1.18695,1.1873,30.00,32.40
2007.09.18 05:41:35.969,1.18695,1.1873,34.10,33.20
2007.09.18 05:41:58.671,1.18695,1.1873,36.10,33.20
2007.09.18 05:42:00.128,1.187,1.1873,5.30,33.20
2007.09.18 05:42:27.191,1.187,1.1873,31.20,33.20
2007.09.18 05:42:30.184,1.187,1.1873,29.20,32.40
2007.09.18 05:42:30.916,1.187,1.1873,29.20,33.20
2007.09.18 05:42:31.431,1.187,1.1873,29.20,29.20
2007.09.18 05:42:35.279,1.187,1.1873,29.20,28.40
2007.09.18 05:42:35.390,1.187,1.1873,29.20,29.20
2007.09.18 05:42:51.880,1.187,1.1873,25.20,29.20
2007.09.18 05:42:52.293,1.187,1.1873,25.20,33.20
2007.09.18 05:42:55.285,1.187,1.1872,25.20,0.20
2007.09.18 05:42:55.698,1.187,1.1872,25.20,0.50
2007.09.18 05:42:55.807,1.187,1.1872,21.20,0.50
2007.09.18 05:42:55.898,1.187,1.1872,25.20,0.50
2007.09.18 05:42:59.126,1.187,1.1872,21.20,0.50
2007.09.18 05:43:00.888,1.187,1.1872,25.20,0.50
2007.09.18 05:43:04.765,1.187,1.18725,25.20,1.30
2007.09.18 05:43:29.177,1.187,1.18725,21.20,1.30
2007.09.18 05:43:30.296,1.187,1.1872,17.20,0.50
2007.09.18 05:43:30.929,1.187,1.18725,21.20,1.30
2007.09.18 05:43:34.783,1.187,1.1873,21.20,38.10
2007.09.18 05:43:34.811,1.187,1.1873,21.20,37.30
2007.09.18 05:43:34.873,1.187,1.1873,25.20,37.30
2007.09.18 05:43:35.032,1.187,1.1873,25.20,38.10
2007.09.18 05:43:35.115,1.187,1.1873,25.20,33.20
2007.09.18 05:43:35.431,1.187,1.1873,25.20,32.40
2007.09.18 05:43:35.742,1.187,1.1873,25.20,33.20
2007.09.18 05:43:44.684,1.187,1.1873,25.20,32.40
2007.09.18 05:43:44.939,1.187,1.1872,21.20,4.00
2007.09.18 05:43:46.290,1.187,1.1873,25.20,33.20
2007.09.18 05:43:52.179,1.187,1.1873,25.20,38.90
2007.09.18 05:43:52.200,1.187,1.1873,21.20,38.90
2007.09.18 05:43:53.703,1.187,1.18725,21.20,0.80
2007.09.18 05:43:53.856,1.187,1.18725,17.20,0.80
2007.09.18 05:43:53.930,1.187,1.18725,17.20,1.60
2007.09.18 05:43:53.955,1.187,1.1872,17.20,4.00
2007.09.18 05:43:56.559,1.187,1.1872,17.20,4.20
2007.09.18 05:43:56.644,1.187,1.1872,17.20,4.40
2007.09.18 05:43:57.362,1.187,1.1872,21.20,0.50
2007.09.18 05:43:58.006,1.187,1.1872,25.20,0.50
2007.09.18 05:43:59.126,1.187,1.1872,21.20,0.50
2007.09.18 05:44:00.175,1.187,1.1872,17.20,0.50
2007.09.18 05:44:00.899,1.187,1.1872,21.20,0.50
2007.09.18 05:44:29.244,1.187,1.1872,17.20,0.50
2007.09.18 05:44:30.976,1.187,1.1872,21.20,0.50
2007.09.18 05:44:42.988,1.187,1.1872,25.20,0.50
2007.09.18 05:44:54.187,1.187,1.1872,25.20,0.20
2007.09.18 05:44:59.238,1.187,1.1872,21.20,0.20
2007.09.18 05:45:00.932,1.187,1.1872,25.20,0.20
2007.09.18 05:45:07.653,1.187,1.1873,25.20,28.40
2007.09.18 05:45:07.769,1.187,1.1873,25.20,27.60
2007.09.18 05:45:29.222,1.187,1.1872,21.20,0.20
2007.09.18 05:45:29.333,1.187,1.1872,13.20,4.10
2007.09.18 05:45:29.635,1.187,1.1872,17.20,4.10
2007.09.18 05:45:29.750,1.187,1.1872,9.20,14.50
2007.09.18 05:45:29.892,1.18695,1.1872,10.00,14.50
2007.09.18 05:45:30.041,1.18695,1.1872,14.00,14.50
2007.09.18 05:45:31.844,1.187,1.1872,6.50,14.50
2007.09.18 05:45:32.350,1.187,1.1872,3.80,14.50
2007.09.18 05:45:33.678,1.187,1.1872,5.50,14.60
2007.09.18 05:45:35.715,1.187,1.1872,4.20,12.20
2007.09.18 05:45:35.761,1.187,1.18725,3.40,0.80
2007.09.18 05:45:35.895,1.18695,1.1873,30.00,29.20
2007.09.18 05:45:36.899,1.18695,1.1873,34.10,33.20
2007.09.18 05:45:38.451,1.18695,1.1872,34.10,0.20
2007.09.18 05:45:40.421,1.187,1.1873,9.30,33.20
2007.09.18 05:45:45.234,1.18705,1.1873,0.80,33.20
2007.09.18 05:45:45.288,1.187,1.1873,30.00,29.20
2007.09.18 05:45:45.826,1.18705,1.1873,0.80,20.40
2007.09.18 05:45:45.896,1.187,1.1873,38.80,19.60
2007.09.18 05:45:45.908,1.187,1.1873,42.90,18.80
2007.09.18 05:45:46.304,1.18705,1.1873,3.20,18.80
2007.09.18 05:45:46.329,1.18705,1.1873,3.20,22.80
2007.09.18 05:45:46.656,1.1871,1.1873,1.60,22.80
2007.09.18 05:46:08.116,1.1871,1.1872,6.40,0.30
2007.09.18 05:46:12.032,1.1871,1.1872,6.40,4.20
2007.09.18 05:46:12.168,1.1871,1.1872,4.00,4.40
2007.09.18 05:46:12.354,1.1871,1.1872,4.00,8.40
2007.09.18 05:46:12.664,1.187,1.1872,21.20,8.40
2007.09.18 05:46:14.322,1.187,1.1872,21.20,8.50
2007.09.18 05:46:16.605,1.187,1.1872,21.20,8.60
2007.09.18 05:46:18.784,1.187,1.1872,17.20,8.60
2007.09.18 05:46:19.243,1.187,1.1872,17.20,11.00
2007.09.18 05:46:19.313,1.187,1.1872,9.20,19.00
2007.09.18 05:46:24.062,1.187,1.1872,9.20,15.00
2007.09.18 05:46:37.242,1.187,1.1872,9.20,14.80
2007.09.18 05:46:37.339,1.187,1.1872,13.20,14.80
2007.09.18 05:46:41.375,1.187,1.1872,17.20,14.80
2007.09.18 05:46:41.752,1.187,1.1872,17.20,12.40
2007.09.18 05:46:41.790,1.187,1.1872,29.20,0.30
2007.09.18 05:46:43.771,1.187,1.1872,31.20,0.30
2007.09.18 05:46:51.134,1.187,1.1872,35.30,0.30
2007.09.18 05:46:57.137,1.1871,1.1872,4.00,0.30
2007.09.18 05:46:58.169,1.187,1.1872,43.30,0.30
2007.09.18 05:46:58.459,1.187,1.1872,35.30,0.30
2007.09.18 05:46:58.497,1.187,1.1872,31.20,0.30
2007.09.18 05:47:03.101,1.18705,1.1872,0.80,0.30
2007.09.18 05:47:03.675,1.1871,1.1872,4.00,0.30
2007.09.18 05:47:03.724,1.1871,1.1872,6.40,0.30
2007.09.18 05:47:05.421,1.1871,1.1872,6.40,4.20
2007.09.18 05:47:05.664,1.1871,1.1872,4.00,6.60
2007.09.18 05:47:05.839,1.1871,1.1872,4.00,18.80
2007.09.18 05:47:06.040,1.1871,1.1872,4.00,14.80
2007.09.18 05:47:06.159,1.1871,1.1872,4.00,14.60
2007.09.18 05:47:06.200,1.1871,1.1872,4.00,12.20
2007.09.18 05:47:06.243,1.1871,1.1872,4.00,4.20
2007.09.18 05:47:06.362,1.1871,1.1872,4.00,0.30
2007.09.18 05:47:06.871,1.187,1.1872,29.20,0.30
2007.09.18 05:47:09.797,1.187,1.1872,21.20,4.40
2007.09.18 05:47:09.912,1.187,1.1872,17.20,4.40
2007.09.18 05:47:10.306,1.187,1.1872,17.20,6.80
2007.09.18 05:47:10.376,1.187,1.1872,13.20,14.90
2007.09.18 05:47:13.082,1.187,1.1872,13.20,15.00
2007.09.18 05:47:15.194,1.187,1.1872,14.00,14.80
2007.09.18 05:47:15.254,1.187,1.1872,22.00,14.80
2007.09.18 05:47:15.283,1.187,1.1872,34.00,10.80
2007.09.18 05:47:15.769,1.1871,1.1872,2.40,8.40
2007.09.18 05:47:15.823,1.1871,1.1872,2.40,0.50
2007.09.18 05:47:15.899,1.1871,1.1872,6.40,0.50
2007.09.18 05:47:16.173,1.1871,1.1872,4.00,0.50
2007.09.18 05:47:16.233,1.1871,1.1872,4.00,0.60
2007.09.18 05:47:16.290,1.1871,1.1872,4.00,3.00
2007.09.18 05:47:16.321,1.1871,1.1872,4.00,11.00
2007.09.18 05:47:16.822,1.1871,1.1872,4.00,15.00
2007.09.18 05:47:17.853,1.187,1.1872,13.20,15.00
2007.09.18 05:47:28.836,1.187,1.1872,9.20,15.00
2007.09.18 05:47:32.072,1.187,1.1872,10.00,15.00
2007.09.18 05:47:32.176,1.187,1.1872,10.00,14.80
2007.09.18 05:47:32.202,1.187,1.1872,18.00,14.80
2007.09.18 05:47:32.285,1.187,1.1872,26.00,14.80
2007.09.18 05:47:32.384,1.187,1.1872,34.00,14.80
2007.09.18 05:47:32.693,1.1871,1.1872,4.00,14.80
2007.09.18 05:47:32.712,1.1871,1.1872,6.40,12.40
2007.09.18 05:47:32.799,1.1871,1.1872,6.40,4.40
2007.09.18 05:47:43.781,1.1871,1.1872,6.40,0.40
2007.09.18 05:47:46.713,1.1871,1.1872,7.20,0.40
2007.09.18 05:47:46.797,1.1871,1.1872,15.20,0.40
2007.09.18 05:47:46.818,1.1871,1.1872,31.20,0.40
2007.09.18 05:47:47.197,1.1871,1.1872,30.40,0.30
2007.09.18 05:47:47.207,1.1871,1.1872,22.40,0.30
2007.09.18 05:47:47.304,1.1871,1.1872,10.40,0.30
2007.09.18 05:47:47.402,1.1871,1.1872,6.40,0.30
2007.09.18 05:47:59.211,1.1871,1.1872,4.00,0.30
2007.09.18 05:47:59.422,1.1871,1.1872,4.00,4.20
2007.09.18 05:47:59.642,1.187,1.1872,29.20,4.20
2007.09.18 05:48:00.554,1.18695,1.1872,30.00,4.20
2007.09.18 05:48:09.079,1.187,1.1872,30.00,4.20
2007.09.18 05:48:09.288,1.1871,1.1872,2.50,4.20
2007.09.18 05:48:09.692,1.187,1.1872,33.30,4.20
2007.09.18 05:48:09.819,1.1871,1.1872,1.40,4.20
2007.09.18 05:48:10.334,1.1871,1.1872,1.70,4.20
2007.09.18 05:48:11.867,1.18695,1.1872,50.80,4.20
2007.09.18 05:48:12.421,1.18695,1.1872,37.90,4.20
2007.09.18 05:48:12.484,1.18695,1.1872,26.00,4.20
2007.09.18 05:48:17.777,1.18695,1.1872,22.00,4.40
2007.09.18 05:48:18.292,1.18695,1.1872,30.00,0.30
2007.09.18 05:48:28.163,1.187,1.1872,11.30,0.30
2007.09.18 05:48:29.719,1.187,1.1872,29.20,0.30
2007.09.18 05:48:43.276,1.187,1.1872,25.20,0.60
2007.09.18 05:48:43.378,1.187,1.1872,17.20,4.50
2007.09.18 05:48:43.779,1.187,1.1872,17.20,6.90
2007.09.18 05:48:43.795,1.187,1.1872,9.20,14.90
2007.09.18 05:48:45.820,1.187,1.18725,9.20,20.50
2007.09.18 05:48:45.980,1.187,1.18725,9.20,20.60
2007.09.18 05:49:06.703,1.187,1.1872,18.00,0.70
2007.09.18 05:49:06.708,1.187,1.18725,26.00,19.60
2007.09.18 05:49:06.807,1.187,1.18725,30.00,19.60
2007.09.18 05:49:06.905,1.187,1.1872,34.00,0.70
2007.09.18 05:49:07.247,1.187,1.18725,34.00,10.80
2007.09.18 05:49:07.325,1.1871,1.1872,2.40,0.90
2007.09.18 05:49:07.668,1.1871,1.1872,6.40,0.90
2007.09.18 05:49:09.167,1.1872,1.18725,2.40,4.60
2007.09.18 05:49:09.324,1.1871,1.1872,14.40,0.90
2007.09.18 05:49:09.762,1.1871,1.1872,22.40,0.40
2007.09.18 05:49:10.722,1.1871,1.1872,14.40,0.40
2007.09.18 05:49:10.816,1.1871,1.1872,6.40,0.40
2007.09.18 05:49:11.785,1.1871,1.1873,6.40,23.10
2007.09.18 05:49:12.864,1.1871,1.1872,6.40,0.60
2007.09.18 05:49:16.790,1.1871,1.1872,6.40,0.30
2007.09.18 05:49:20.767,1.1871,1.1872,6.40,4.20
2007.09.18 05:49:21.713,1.1871,1.1872,6.40,0.30
2007.09.18 05:49:23.869,1.1871,1.1872,6.40,4.20
2007.09.18 05:49:24.829,1.1871,1.1872,6.40,0.30
2007.09.18 05:49:25.207,1.1871,1.1872,4.00,0.30
2007.09.18 05:49:25.322,1.1871,1.1872,4.00,4.20
2007.09.18 05:49:25.864,1.187,1.1872,25.20,4.20
2007.09.18 05:49:28.910,1.187,1.1872,2.30,4.20
2007.09.18 05:49:33.107,1.18705,1.1872,0.80,4.20
2007.09.18 05:49:33.770,1.18705,1.1872,0.80,0.30
2007.09.18 05:49:33.829,1.1871,1.1872,2.40,0.30
2007.09.18 05:49:34.733,1.1871,1.1872,6.40,0.30
2007.09.18 05:49:41.467,1.1871,1.1872,10.40,0.30
2007.09.18 05:49:47.072,1.1871,1.1872,6.40,0.30
2007.09.18 05:49:47.191,1.1871,1.1872,6.40,0.40
2007.09.18 05:49:47.292,1.1871,1.1872,6.40,0.50
2007.09.18 05:49:48.657,1.1871,1.1872,6.40,0.40
2007.09.18 05:49:48.778,1.1871,1.1872,6.40,0.30
2007.09.18 05:49:51.174,1.1871,1.1872,6.40,0.50
2007.09.18 05:49:52.154,1.1871,1.1873,6.40,19.30
2007.09.18 05:49:57.090,1.1871,1.1872,6.40,0.40
2007.09.18 05:49:57.161,1.1871,1.1872,4.00,0.40
2007.09.18 05:49:57.190,1.1871,1.1872,4.00,0.50
2007.09.18 05:49:57.294,1.1871,1.1872,4.00,0.60
2007.09.18 05:49:57.726,1.187,1.1872,31.20,0.60
2007.09.18 05:50:02.127,1.187,1.1872,31.20,0.30
2007.09.18 05:50:10.835,1.1871,1.1872,4.00,0.30
2007.09.18 05:50:13.193,1.187,1.1872,31.20,0.30
2007.09.18 05:50:13.824,1.187,1.1872,13.30,0.30
2007.09.18 05:50:14.450,1.18695,1.1872,38.50,0.30
2007.09.18 05:50:15.150,1.1871,1.1872,2.20,0.30
2007.09.18 05:50:16.222,1.187,1.1872,2.00,0.50
2007.09.18 05:50:16.484,1.187,1.1872,11.30,0.50
2007.09.18 05:50:16.507,1.18695,1.1872,36.10,0.50
2007.09.18 05:50:21.133,1.187,1.1872,8.50,0.40
2007.09.18 05:50:21.253,1.187,1.1872,6.00,0.30
2007.09.18 05:50:21.412,1.18695,1.1872,36.10,0.30
2007.09.18 05:50:23.389,1.187,1.1872,35.30,0.30
2007.09.18 05:50:43.976,1.1871,1.1872,4.00,1.00
2007.09.18 05:50:44.194,1.1871,1.1872,4.00,0.60
2007.09.18 05:50:44.298,1.1871,1.1872,4.00,0.30
2007.09.18 05:50:44.669,1.1871,1.1873,8.00,18.00
2007.09.18 05:50:44.718,1.1871,1.1873,10.40,18.00
2007.09.18 05:50:44.921,1.1871,1.1873,10.40,17.20
2007.09.18 05:50:45.742,1.1871,1.1873,8.00,17.20
2007.09.18 05:50:46.665,1.1871,1.1873,4.00,17.20
2007.09.18 05:50:48.779,1.1871,1.1873,8.00,17.20
2007.09.18 05:50:48.843,1.1871,1.1873,10.40,17.20
2007.09.18 05:51:03.042,1.1871,1.1873,11.20,17.20
2007.09.18 05:51:03.104,1.1871,1.1873,12.00,16.40
2007.09.18 05:51:03.253,1.1871,1.1873,22.00,14.40
2007.09.18 05:51:03.313,1.1871,1.1873,30.00,14.40
2007.09.18 05:51:03.350,1.1871,1.1873,34.00,10.40
2007.09.18 05:51:03.784,1.1871,1.1873,34.00,2.40
2007.09.18 05:51:03.827,1.1872,1.18735,2.40,0.80
2007.09.18 05:51:03.890,1.1872,1.18735,6.40,0.80
2007.09.18 05:51:20.668,1.1872,1.1874,6.40,33.60
2007.09.18 05:51:21.295,1.1872,1.1874,6.40,31.20
2007.09.18 05:51:23.737,1.1872,1.18735,6.40,0.80
2007.09.18 05:51:23.827,1.1872,1.18735,6.40,1.60
2007.09.18 05:51:23.855,1.1872,1.18735,6.40,2.40
2007.09.18 05:51:24.236,1.1872,1.1873,6.40,4.80
2007.09.18 05:51:24.352,1.1872,1.1873,6.40,12.80
2007.09.18 05:51:24.359,1.1872,1.1873,6.40,13.60
2007.09.18 05:51:24.380,1.1872,1.1873,6.40,14.40
2007.09.18 05:51:24.664,1.1872,1.1873,2.40,14.40
2007.09.18 05:51:24.779,1.1871,1.1873,6.40,27.60
2007.09.18 05:51:25.624,1.1871,1.1873,8.40,27.60
2007.09.18 05:51:25.707,1.1871,1.1873,9.20,26.80
2007.09.18 05:51:25.745,1.1871,1.1873,9.20,24.80
2007.09.18 05:51:27.764,1.1871,1.18735,9.20,25.60
2007.09.18 05:51:31.314,1.1871,1.1873,9.20,0.70
2007.09.18 05:51:31.861,1.1871,1.1873,9.20,0.70
2007.09.18 05:51:35.459,1.1871,1.1873,9.20,0.90
2007.09.18 05:51:36.089,1.1871,1.1873,9.20,0.50
2007.09.18 05:51:37.112,1.1871,1.18735,8.40,25.60
2007.09.18 05:51:37.233,1.1871,1.1873,6.00,0.60
2007.09.18 05:51:37.270,1.1871,1.1873,4.00,0.90
2007.09.18 05:51:37.902,1.187,1.18735,29.20,34.80
2007.09.18 05:51:40.704,1.187,1.1873,29.20,0.50
2007.09.18 05:51:42.204,1.1871,1.18735,4.00,26.80
2007.09.18 05:51:42.251,1.1871,1.18735,4.00,26.80
2007.09.18 05:51:42.297,1.1871,1.18735,4.00,26.00
2007.09.18 05:51:42.642,1.1871,1.18735,4.00,26.00
2007.09.18 05:51:45.847,1.1872,1.1873,0.80,0.90
2007.09.18 05:51:45.944,1.1872,1.1874,15.60,30.40
2007.09.18 05:51:45.957,1.1872,1.1873,3.20,0.60
2007.09.18 05:51:49.973,1.1873,1.18745,2.40,19.20
2007.09.18 05:51:50.683,1.1873,1.18745,6.40,8.00
2007.09.18 05:51:51.729,1.1873,1.1874,6.40,0.60
2007.09.18 05:51:51.946,1.1873,1.18745,6.40,7.40
2007.09.18 05:51:52.008,1.1873,1.18745,6.40,11.40
2007.09.18 05:51:52.214,1.1873,1.1874,6.40,0.50
2007.09.18 05:51:52.224,1.1873,1.18745,6.40,12.10
2007.09.18 05:51:52.440,1.1873,1.1874,6.40,0.70
2007.09.18 05:51:52.752,1.1873,1.18745,6.40,16.30
2007.09.18 05:51:52.859,1.1873,1.18735,4.00,0.80
2007.09.18 05:51:52.902,1.1871,1.18735,25.20,0.80
2007.09.18 05:51:53.216,1.1871,1.18735,25.20,0.60
2007.09.18 05:51:53.607,1.1871,1.1874,29.20,32.80
2007.09.18 05:51:56.782,1.1871,1.18735,29.20,0.80
2007.09.18 05:51:56.800,1.1871,1.1874,29.20,32.70
2007.09.18 05:51:56.825,1.1871,1.1874,29.20,31.90
2007.09.18 05:51:56.924,1.1871,1.1874,29.20,27.90
2007.09.18 05:51:56.976,1.1871,1.1874,29.20,27.10
2007.09.18 05:51:57.141,1.1871,1.1874,29.20,27.90
2007.09.18 05:51:57.379,1.1871,1.1874,37.20,27.90
2007.09.18 05:51:58.115,1.1871,1.1874,38.00,27.90
2007.09.18 05:51:58.211,1.18715,1.1874,0.80,27.90
2007.09.18 05:51:58.236,1.18715,1.1874,0.80,23.60
2007.09.18 05:51:58.348,1.18715,1.1874,0.80,19.60
2007.09.18 05:51:58.661,1.1872,1.1874,4.00,19.60
2007.09.18 05:51:58.766,1.1872,1.1874,4.00,18.80
2007.09.18 05:51:58.815,1.1872,1.1874,6.40,18.00
2007.09.18 05:51:58.902,1.1872,1.1874,10.40,18.00
2007.09.18 05:51:59.144,1.1872,1.1874,10.40,17.20
2007.09.18 05:51:59.525,1.1872,1.1874,18.40,17.20
2007.09.18 05:52:02.156,1.1872,1.1874,19.20,17.20
2007.09.18 05:52:02.269,1.1872,1.1874,23.20,17.20
2007.09.18 05:52:02.320,1.18725,1.1874,0.80,17.20
2007.09.18 05:52:02.366,1.18725,1.1874,0.80,13.20
2007.09.18 05:52:02.683,1.1873,1.1874,4.00,13.20
2007.09.18 05:52:02.724,1.1873,1.1874,6.40,10.80
2007.09.18 05:52:02.791,1.1873,1.1874,6.40,2.80
2007.09.18 05:52:04.209,1.1873,1.1874,4.00,5.20
2007.09.18 05:52:04.236,1.1873,1.1874,4.00,18.00
2007.09.18 05:52:04.266,1.1873,1.1874,4.00,18.80
2007.09.18 05:52:04.308,1.1873,1.1874,4.00,19.60
2007.09.18 05:52:04.359,1.1873,1.1874,4.00,23.60
2007.09.18 05:52:04.675,1.1872,1.1874,6.40,23.60
2007.09.18 05:52:09.827,1.1872,1.18735,6.40,0.80
2007.09.18 05:52:09.906,1.1872,1.18735,6.40,1.60
2007.09.18 05:52:10.359,1.1872,1.18735,6.40,0.80
2007.09.18 05:52:10.494,1.1872,1.1874,6.40,27.60
2007.09.18 05:52:14.542,1.1872,1.1874,6.40,26.80
2007.09.18 05:52:14.657,1.1872,1.18735,6.40,0.80
2007.09.18 05:52:14.888,1.1872,1.18735,6.40,1.60
2007.09.18 05:52:14.962,1.1872,1.18735,6.40,0.80
2007.09.18 05:52:15.242,1.1872,1.1874,6.40,27.60
2007.09.18 05:52:21.248,1.1872,1.1874,6.40,0.60
2007.09.18 05:52:21.343,1.1872,1.1874,6.40,27.60
2007.09.18 05:52:21.597,1.1872,1.18735,6.40,0.60
2007.09.18 05:52:24.726,1.1872,1.1874,4.00,31.90
2007.09.18 05:52:25.653,1.1871,1.18735,31.60,0.60
2007.09.18 05:52:26.183,1.1871,1.18735,31.60,0.80
2007.09.18 05:52:26.295,1.1871,1.1874,39.60,27.60
2007.09.18 05:52:26.381,1.1872,1.1874,4.00,23.60
2007.09.18 05:52:26.563,1.1872,1.1874,4.00,0.60
2007.09.18 05:52:29.052,1.1871,1.1874,43.70,0.90
2007.09.18 05:52:30.837,1.1871,1.18745,43.70,26.80
2007.09.18 05:52:30.946,1.1871,1.1874,43.70,0.50
2007.09.18 05:52:32.110,1.1872,1.18745,4.00,27.60
2007.09.18 05:52:32.523,1.1872,1.18745,4.00,27.90
2007.09.18 05:52:33.061,1.1871,1.18745,43.70,27.90
2007.09.18 05:52:33.272,1.1871,1.1873,43.70,0.80
2007.09.18 05:52:33.352,1.1871,1.1874,35.70,23.90
2007.09.18 05:52:33.411,1.1871,1.1873,33.30,0.80
2007.09.18 05:52:33.585,1.1871,1.1874,29.30,32.70
2007.09.18 05:52:33.662,1.1871,1.1873,25.20,0.90
2007.09.18 05:52:33.791,1.1871,1.1873,25.20,0.80
2007.09.18 05:52:33.986,1.1871,1.18735,21.20,10.40
2007.09.18 05:52:34.110,1.1871,1.18735,17.20,10.40
2007.09.18 05:52:34.286,1.1871,1.18735,17.20,12.80
2007.09.18 05:52:34.691,1.1871,1.18735,16.40,13.60
2007.09.18 05:52:34.905,1.1871,1.18735,14.00,13.60
2007.09.18 05:52:34.916,1.1871,1.1873,4.00,0.60
2007.09.18 05:52:35.898,1.187,1.18735,37.30,27.60
2007.09.18 05:52:37.133,1.1871,1.18735,0.80,25.60
2007.09.18 05:52:37.154,1.1871,1.1873,0.80,0.60
2007.09.18 05:52:37.266,1.1871,1.18735,16.80,20.80
2007.09.18 05:52:37.374,1.1871,1.1873,20.80,0.90
2007.09.18 05:52:37.764,1.1872,1.18735,2.40,10.40
2007.09.18 05:52:37.777,1.1872,1.18735,2.40,2.40
2007.09.18 05:52:38.005,1.1872,1.18735,6.40,2.40
2007.09.18 05:52:38.854,1.1872,1.1874,6.40,41.60
2007.09.18 05:52:38.906,1.1872,1.1874,6.40,41.60
2007.09.18 05:52:45.391,1.1872,1.1874,4.00,32.80
2007.09.18 05:52:45.705,1.1871,1.18735,29.20,0.80
2007.09.18 05:52:48.259,1.1871,1.1874,29.20,29.60
2007.09.18 05:52:49.615,1.1871,1.18735,35.70,1.60
2007.09.18 05:52:49.920,1.1871,1.18735,37.70,1.60
2007.09.18 05:52:50.504,1.1871,1.18735,35.30,1.60
2007.09.18 05:52:51.814,1.1871,1.18735,33.30,1.60
2007.09.18 05:52:52.048,1.1871,1.18735,29.20,1.60
2007.09.18 05:52:52.318,1.1871,1.18735,33.30,1.60
2007.09.18 05:52:52.468,1.1871,1.18735,35.30,1.60
2007.09.18 05:52:53.214,1.1871,1.18735,31.20,1.60
2007.09.18 05:52:54.091,1.1871,1.18735,35.30,1.60
2007.09.18 05:52:54.312,1.1871,1.18735,35.30,0.80
2007.09.18 05:52:54.386,1.1871,1.1874,35.30,24.40
2007.09.18 05:52:54.422,1.1871,1.1874,43.30,23.60
2007.09.18 05:52:54.444,1.1871,1.1874,43.30,19.60
2007.09.18 05:52:54.659,1.1872,1.1874,4.00,19.60
2007.09.18 05:52:58.646,1.1872,1.1874,8.00,19.60
2007.09.18 05:52:58.738,1.1872,1.1874,10.40,19.60
2007.09.18 05:53:12.275,1.1872,1.1874,10.40,27.60
2007.09.18 05:53:12.299,1.1872,1.18735,10.40,0.80
2007.09.18 05:53:12.348,1.1872,1.18735,10.40,1.60
2007.09.18 05:53:12.382,1.1872,1.18735,6.40,1.60
2007.09.18 05:53:12.788,1.1872,1.18735,10.40,1.60
2007.09.18 05:53:12.800,1.1872,1.18735,10.40,0.80
2007.09.18 05:53:12.918,1.1872,1.1874,10.40,19.60
2007.09.18 05:53:13.846,1.1872,1.1874,10.40,23.60
2007.09.18 05:53:16.209,1.1872,1.1874,10.40,19.60
2007.09.18 05:53:16.776,1.1872,1.1874,4.30,19.60
2007.09.18 05:53:27.133,1.1872,1.1874,1.60,19.60
2007.09.18 05:53:28.705,1.18715,1.1874,11.20,19.60
2007.09.18 05:53:30.958,1.18715,1.1874,11.20,18.80
2007.09.18 05:53:31.158,1.18715,1.1874,11.20,19.60
2007.09.18 05:53:32.731,1.18715,1.1873,11.20,4.00
2007.09.18 05:53:32.737,1.1871,1.1873,45.70,4.00
2007.09.18 05:53:33.870,1.1871,1.1873,43.70,4.00
2007.09.18 05:53:38.740,1.18715,1.1873,5.60,4.00
2007.09.18 05:53:38.802,1.18725,1.1873,0.80,4.00
2007.09.18 05:53:39.314,1.18725,1.18745,3.20,4.80
2007.09.18 05:53:39.482,1.18725,1.1874,3.20,4.00
2007.09.18 05:53:39.576,1.1873,1.1874,1.80,4.00
2007.09.18 05:53:43.223,1.1873,1.1874,3.90,4.00
2007.09.18 05:53:43.295,1.1873,1.1874,3.40,4.00
2007.09.18 05:53:43.641,1.1873,1.1874,2.90,4.00
2007.09.18 05:53:43.713,1.1873,1.1874,2.90,4.00
2007.09.18 05:53:44.774,1.1873,1.18745,6.40,1.60
2007.09.18 05:53:44.863,1.1873,1.18745,6.40,0.80
2007.09.18 05:53:45.090,1.1873,1.18745,10.40,0.80
2007.09.18 05:53:45.185,1.1873,1.1875,10.40,19.60
2007.09.18 05:53:45.201,1.1873,1.1875,10.40,19.80
2007.09.18 05:53:45.290,1.1873,1.1875,10.40,19.60
2007.09.18 05:53:54.215,1.1873,1.18745,10.40,0.80
2007.09.18 05:53:54.381,1.1873,1.18745,6.40,0.80
2007.09.18 05:53:54.454,1.1873,1.18745,6.40,1.60
2007.09.18 05:53:55.134,1.1873,1.18745,6.40,4.00
2007.09.18 05:53:58.025,1.1873,1.18745,9.60,4.00
2007.09.18 05:53:58.130,1.1873,1.18745,10.40,4.00
2007.09.18 05:53:58.213,1.1874,1.18745,2.40,0.80
2007.09.18 05:53:58.362,1.1874,1.1875,2.40,4.00
2007.09.18 05:53:58.651,1.1874,1.1875,6.40,4.00
2007.09.18 05:54:01.143,1.1874,1.1875,6.40,4.30
2007.09.18 05:54:01.219,1.1874,1.1875,4.00,6.70
2007.09.18 05:54:01.238,1.1874,1.1875,4.00,14.70
2007.09.18 05:54:01.323,1.1874,1.1875,4.00,15.50
2007.09.18 05:54:01.357,1.1874,1.1875,4.00,16.30
2007.09.18 05:54:01.429,1.1874,1.18745,4.00,0.80
2007.09.18 05:54:01.611,1.1874,1.18745,4.00,1.60
2007.09.18 05:54:01.868,1.1873,1.18745,9.20,1.60
2007.09.18 05:54:07.774,1.1873,1.18745,9.20,0.80
2007.09.18 05:54:07.878,1.1873,1.1875,9.20,32.30
2007.09.18 05:54:09.419,1.1873,1.1875,9.20,33.10
2007.09.18 05:54:13.418,1.1873,1.18745,9.20,0.80
2007.09.18 05:54:13.641,1.1873,1.18745,9.20,1.60
2007.09.18 05:54:13.707,1.1873,1.18745,9.20,0.80
2007.09.18 05:54:13.970,1.1873,1.18745,9.20,1.60
2007.09.18 05:54:18.781,1.1873,1.1874,9.20,0.80
2007.09.18 05:54:18.873,1.1873,1.1874,9.20,1.60
2007.09.18 05:54:18.890,1.1873,1.1874,9.20,2.40
2007.09.18 05:54:19.217,1.1873,1.1874,9.20,9.60
2007.09.18 05:54:19.276,1.1873,1.1874,9.20,13.60
2007.09.18 05:54:19.287,1.1873,1.18735,9.20,0.80
2007.09.18 05:54:19.361,1.1873,1.18735,9.20,1.60
2007.09.18 05:54:19.598,1.1873,1.18735,8.40,1.60
2007.09.18 05:54:19.706,1.1873,1.18735,2.00,1.60
2007.09.18 05:54:19.799,1.1872,1.18735,9.40,1.60
2007.09.18 05:54:22.156,1.1872,1.18735,9.40,0.80
2007.09.18 05:54:22.258,1.1872,1.18735,10.20,0.80
2007.09.18 05:54:22.297,1.1872,1.18735,11.00,0.80
2007.09.18 05:54:22.503,1.1872,1.1874,11.80,22.40
2007.09.18 05:54:22.676,1.1872,1.1874,11.80,12.00
2007.09.18 05:54:22.781,1.1872,1.1874,11.00,12.00
2007.09.18 05:54:22.826,1.1872,1.1875,27.00,33.50
2007.09.18 05:54:22.918,1.1872,1.1875,31.80,33.50
2007.09.18 05:54:22.984,1.1872,1.1875,32.60,33.50
2007.09.18 05:54:23.035,1.1872,1.1875,35.00,33.50
2007.09.18 05:54:23.090,1.18725,1.1875,0.80,33.50
2007.09.18 05:54:23.187,1.18725,1.1875,1.60,33.50
2007.09.18 05:54:23.242,1.1873,1.1875,0.80,37.50
2007.09.18 05:54:23.402,1.1873,1.1875,1.60,37.50
2007.09.18 05:54:23.450,1.1873,1.1875,1.60,33.50
2007.09.18 05:54:23.708,1.1873,1.1875,4.00,33.50
2007.09.18 05:54:23.771,1.1873,1.1875,8.00,29.50
2007.09.18 05:54:24.188,1.1873,1.1875,8.00,29.20
2007.09.18 05:54:27.370,1.1873,1.1875,8.00,29.50
2007.09.18 05:54:28.847,1.1873,1.1875,7.20,29.50
2007.09.18 05:54:29.083,1.1873,1.1875,6.40,29.50
2007.09.18 05:54:35.310,1.1873,1.18745,6.40,0.80
2007.09.18 05:54:35.726,1.1873,1.1874,6.40,8.00
2007.09.18 05:54:42.623,1.1873,1.1874,8.00,8.00
2007.09.18 05:54:42.725,1.1873,1.18745,8.00,2.40
2007.09.18 05:54:42.742,1.1873,1.18745,18.80,2.40
2007.09.18 05:54:42.869,1.1873,1.18745,22.80,2.40
2007.09.18 05:54:42.921,1.18735,1.18745,0.80,2.40
2007.09.18 05:54:43.248,1.1874,1.1875,2.40,20.30
2007.09.18 05:54:43.344,1.1874,1.1875,2.40,12.00
2007.09.18 05:54:43.859,1.1874,1.1875,6.40,12.00
2007.09.18 05:54:50.223,1.1874,1.1875,6.40,0.70
2007.09.18 05:54:55.670,1.1874,1.18755,7.20,6.40
2007.09.18 05:54:55.799,1.1874,1.1875,10.00,0.90
2007.09.18 05:54:55.909,1.1874,1.1876,22.80,26.40
2007.09.18 05:54:55.921,1.18745,1.18755,0.80,0.60
2007.09.18 05:54:56.186,1.1875,1.1876,2.40,0.50
2007.09.18 05:54:56.309,1.1875,1.1877,2.40,34.00
2007.09.18 05:54:56.759,1.1875,1.1876,6.40,0.90
2007.09.18 05:54:58.246,1.1875,1.1876,4.00,0.70
2007.09.18 05:54:58.330,1.1875,1.1877,4.00,37.20
2007.09.18 05:54:58.972,1.1874,1.1876,26.80,0.80
2007.09.18 05:55:01.045,1.1874,1.1877,26.80,44.00
2007.09.18 05:55:01.311,1.1874,1.18775,26.80,48.50
2007.09.18 05:55:01.468,1.1874,1.18775,30.80,44.50
2007.09.18 05:55:01.502,1.18745,1.18775,0.80,42.10
2007.09.18 05:55:01.691,1.18745,1.1877,0.80,0.80
2007.09.18 05:55:01.795,1.18745,1.18775,0.80,32.40
2007.09.18 05:55:02.725,1.18745,1.18775,0.80,21.70
2007.09.18 05:55:03.375,1.1875,1.1877,4.00,0.70
2007.09.18 05:55:03.469,1.1875,1.18775,8.00,0.70
2007.09.18 05:55:03.511,1.1875,1.18785,8.00,26.50
2007.09.18 05:55:03.573,1.1875,1.18785,8.00,21.70
2007.09.18 05:55:03.668,1.1875,1.18775,8.00,0.80
2007.09.18 05:55:03.776,1.1875,1.18775,4.00,8.80
2007.09.18 05:55:03.782,1.1875,1.1877,4.00,0.50
2007.09.18 05:55:03.982,1.1875,1.18775,4.00,19.60
2007.09.18 05:55:04.094,1.18745,1.18775,0.80,23.60
2007.09.18 05:55:04.290,1.18745,1.18775,0.80,28.40
2007.09.18 05:55:04.312,1.18745,1.1877,0.80,0.50
2007.09.18 05:55:04.409,1.18745,1.18775,0.80,32.40
2007.09.18 05:55:04.714,1.18745,1.1878,0.80,33.60
2007.09.18 05:55:04.732,1.18745,1.1877,0.80,0.70
2007.09.18 05:55:04.934,1.1875,1.1878,4.00,21.70
2007.09.18 05:55:05.353,1.1875,1.1878,8.00,16.00
2007.09.18 05:55:05.446,1.1875,1.1877,12.00,0.60
2007.09.18 05:55:05.553,1.1875,1.1878,9.20,16.00
2007.09.18 05:55:05.654,1.1875,1.1877,13.20,0.90
2007.09.18 05:55:05.714,1.1875,1.1878,15.60,16.00
2007.09.18 05:55:05.759,1.1875,1.1878,39.60,0.80
2007.09.18 05:55:05.862,1.1875,1.1878,39.60,0.60
2007.09.18 05:55:06.027,1.1875,1.1879,40.40,26.90
2007.09.18 05:55:06.070,1.1875,1.1878,37.10,0.80
2007.09.18 05:55:06.649,1.1875,1.1878,36.30,0.50
2007.09.18 05:55:06.716,1.1875,1.1878,22.30,13.80
2007.09.18 05:55:06.745,1.1875,1.1878,19.90,13.80
2007.09.18 05:55:06.830,1.1875,1.1877,4.00,0.80
2007.09.18 05:55:07.031,1.1875,1.1876,4.00,0.80
2007.09.18 05:55:07.419,1.1875,1.1876,4.00,0.60
2007.09.18 05:55:07.816,1.1875,1.1876,4.00,0.90
2007.09.18 05:55:07.931,1.1874,1.1876,25.20,0.90
2007.09.18 05:55:08.195,1.1874,1.18765,25.20,12.80
2007.09.18 05:55:08.233,1.1874,1.18765,21.20,12.80
2007.09.18 05:55:08.343,1.1874,1.1876,17.20,0.70
2007.09.18 05:55:08.851,1.1874,1.18765,9.20,29.60
2007.09.18 05:55:08.861,1.1874,1.1876,9.20,0.90
2007.09.18 05:55:09.409,1.1874,1.18765,9.20,34.40
2007.09.18 05:55:12.288,1.1874,1.18755,9.20,0.80
2007.09.18 05:55:14.677,1.1874,1.1876,9.20,32.80
2007.09.18 05:55:15.699,1.1874,1.1876,8.40,32.80
2007.09.18 05:55:15.717,1.1874,1.1876,6.40,32.80
2007.09.18 05:55:16.247,1.1874,1.18755,8.40,0.50
2007.09.18 05:55:16.311,1.1874,1.1876,9.20,32.80
2007.09.18 05:55:17.090,1.1874,1.18755,9.20,0.80
2007.09.18 05:55:19.278,1.1874,1.1876,9.20,27.20
2007.09.18 05:55:19.771,1.1874,1.1876,9.20,26.40
2007.09.18 05:55:19.953,1.1874,1.1876,13.20,26.40
2007.09.18 05:55:20.053,1.1874,1.1876,13.20,22.40
2007.09.18 05:55:20.225,1.1874,1.1876,13.20,20.00
2007.09.18 05:55:20.271,1.1874,1.1876,25.20,12.00
2007.09.18 05:55:20.385,1.1874,1.1876,29.20,8.80
2007.09.18 05:55:20.474,1.1874,1.1876,29.20,12.80
2007.09.18 05:55:20.797,1.1874,1.1876,25.20,16.80
2007.09.18 05:55:21.119,1.1875,1.1876,2.40,16.80
2007.09.18 05:55:21.149,1.1875,1.1876,3.20,16.80
2007.09.18 05:55:21.233,1.1875,1.1876,3.80,16.80
2007.09.18 05:55:21.273,1.1875,1.1876,3.80,8.80
2007.09.18 05:55:21.339,1.1875,1.1876,7.80,8.00
2007.09.18 05:55:21.421,1.1875,1.1876,11.80,4.00
2007.09.18 05:55:21.547,1.1875,1.1877,15.80,8.00
2007.09.18 05:55:21.760,1.1875,1.1877,20.60,8.00
2007.09.18 05:55:21.782,1.1876,1.1877,2.40,8.00
2007.09.18 05:55:21.852,1.1876,1.1877,6.40,8.00
2007.09.18 05:55:23.505,1.1876,1.1878,6.40,34.80
2007.09.18 05:55:23.710,1.1876,1.1878,4.00,34.80
2007.09.18 05:55:23.869,1.1876,1.1878,4.00,30.80
2007.09.18 05:55:24.075,1.1876,1.18775,4.00,0.80
2007.09.18 05:55:24.322,1.1876,1.18775,4.00,1.60
2007.09.18 05:55:24.684,1.1875,1.18775,31.10,1.60
2007.09.18 05:55:27.414,1.1875,1.18775,29.80,1.60
2007.09.18 05:55:41.021,1.1875,1.18775,31.10,1.60
2007.09.18 05:55:41.318,1.1875,1.18775,29.80,1.60
2007.09.18 05:55:50.144,1.1875,1.1877,25.80,4.00
2007.09.18 05:55:50.246,1.1875,1.1877,25.80,8.00
2007.09.18 05:55:52.197,1.1875,1.1877,21.80,8.00
2007.09.18 05:55:54.686,1.1875,1.1877,25.80,8.00
2007.09.18 05:55:56.385,1.1875,1.18775,29.80,1.60
2007.09.18 05:55:59.780,1.1875,1.1877,25.80,4.00
2007.09.18 05:55:59.880,1.1875,1.1877,25.80,8.00
2007.09.18 05:56:00.189,1.1875,1.1877,25.60,8.00
2007.09.18 05:56:01.754,1.1875,1.1877,25.60,8.80
2007.09.18 05:56:01.773,1.1875,1.1877,25.60,9.60
2007.09.18 05:56:01.899,1.1875,1.1877,25.60,10.40
2007.09.18 05:56:02.168,1.1875,1.1877,24.80,10.40
2007.09.18 05:56:02.174,1.1875,1.1877,23.00,10.40
2007.09.18 05:56:02.267,1.1875,1.1877,23.00,18.40
2007.09.18 05:56:02.774,1.1875,1.1877,24.80,18.40
2007.09.18 05:56:02.810,1.1875,1.1877,25.60,18.40
2007.09.18 05:56:03.198,1.1875,1.1877,19.60,20.40
2007.09.18 05:56:03.214,1.1875,1.1877,18.80,21.20
2007.09.18 05:56:03.269,1.1875,1.1877,14.80,25.20
2007.09.18 05:56:03.721,1.1875,1.1877,14.80,27.60
2007.09.18 05:56:03.834,1.1875,1.1877,6.80,35.60
2007.09.18 05:56:04.951,1.1875,1.1877,6.70,35.60
2007.09.18 05:56:07.583,1.18745,1.1877,7.50,35.60
2007.09.18 05:56:08.181,1.1875,1.1877,1.30,35.60
2007.09.18 05:56:08.274,1.18745,1.1877,7.60,31.60
2007.09.18 05:56:08.894,1.1875,1.1877,4.90,31.60
2007.09.18 05:56:09.212,1.1875,1.1877,1.80,31.60
2007.09.18 05:56:09.307,1.18745,1.1877,7.40,35.60
2007.09.18 05:56:11.164,1.18745,1.1877,7.20,35.60
2007.09.18 05:56:11.955,1.18745,1.18765,7.20,0.80
2007.09.18 05:56:12.068,1.18745,1.18765,7.20,1.60
2007.09.18 05:56:14.412,1.1875,1.1876,3.30,8.00
2007.09.18 05:56:15.443,1.1874,1.18765,27.60,0.80
2007.09.18 05:56:15.572,1.1874,1.18765,27.60,1.60
2007.09.18 05:56:19.228,1.18745,1.18765,7.20,2.40
2007.09.18 05:56:19.817,1.1875,1.1876,3.10,4.80
2007.09.18 05:56:19.909,1.18745,1.1876,7.20,12.80
2007.09.18 05:56:19.954,1.1875,1.1876,1.30,13.60
2007.09.18 05:56:20.101,1.1874,1.1876,17.20,14.40
2007.09.18 05:56:20.333,1.1874,1.1876,17.20,16.80
2007.09.18 05:56:20.360,1.1875,1.1876,1.00,24.80
2007.09.18 05:56:21.056,1.18735,1.1876,18.00,24.80
2007.09.18 05:56:21.238,1.18735,1.1876,18.00,28.80
2007.09.18 05:56:21.314,1.1874,1.1876,7.30,26.40
2007.09.18 05:56:21.398,1.18735,1.18755,18.00,0.80
2007.09.18 05:56:21.639,1.18735,1.18755,18.00,1.60
2007.09.18 05:56:22.121,1.18735,1.18755,18.00,0.80
2007.09.18 05:56:22.272,1.1874,1.18755,2.80,0.80
2007.09.18 05:56:22.305,1.18735,1.1876,10.00,30.40
2007.09.18 05:56:22.455,1.1874,1.1876,3.10,32.80
2007.09.18 05:56:42.325,1.1874,1.1876,13.20,28.80
2007.09.18 05:56:43.365,1.1874,1.1876,9.20,32.80
2007.09.18 05:56:44.271,1.1874,1.1876,9.20,32.00
2007.09.18 05:56:44.300,1.1874,1.1876,13.20,27.20
2007.09.18 05:56:44.393,1.1874,1.1876,13.20,23.20
2007.09.18 05:56:44.680,1.1874,1.1876,13.20,12.80
2007.09.18 05:56:44.719,1.1874,1.1876,29.20,0.80
2007.09.18 05:56:44.879,1.1874,1.18765,29.20,2.40
2007.09.18 05:56:46.818,1.1874,1.18765,29.20,1.60
2007.09.18 05:56:48.826,1.1874,1.18765,29.20,0.80
2007.09.18 05:56:48.888,1.1874,1.1877,29.20,35.60
2007.09.18 05:56:49.131,1.1874,1.1877,29.20,34.00
2007.09.18 05:56:49.192,1.1874,1.1877,25.20,19.20
2007.09.18 05:56:49.257,1.1874,1.1877,25.20,16.00
2007.09.18 05:56:49.286,1.1875,1.1877,0.20,16.00
2007.09.18 05:56:49.486,1.1875,1.1877,0.20,16.80
2007.09.18 05:56:49.543,1.1875,1.1877,0.20,17.60
2007.09.18 05:56:49.613,1.1875,1.1877,0.20,21.60
2007.09.18 05:56:49.699,1.1875,1.1877,4.10,21.60
2007.09.18 05:56:49.809,1.1875,1.1877,4.10,22.40
2007.09.18 05:56:49.901,1.1875,1.1877,8.10,18.40
2007.09.18 05:56:50.063,1.1875,1.1877,8.90,18.40
2007.09.18 05:56:50.109,1.1875,1.1877,10.90,18.40
2007.09.18 05:56:50.266,1.1875,1.1877,21.30,18.40
2007.09.18 05:56:50.754,1.1875,1.1877,25.30,18.40
2007.09.18 05:56:52.115,1.1875,1.1877,24.50,18.40
2007.09.18 05:56:52.272,1.1875,1.1877,14.50,22.40
2007.09.18 05:56:52.399,1.1875,1.1877,14.40,22.40
2007.09.18 05:56:52.697,1.1875,1.1877,14.70,22.40
2007.09.18 05:56:52.746,1.1875,1.1877,14.70,21.60
2007.09.18 05:56:52.824,1.1875,1.1877,6.40,28.80
2007.09.18 05:56:52.840,1.1875,1.1877,6.40,31.20
2007.09.18 05:56:52.922,1.1875,1.1877,6.40,27.20
2007.09.18 05:56:52.933,1.1875,1.1877,6.40,26.40
2007.09.18 05:56:53.124,1.1875,1.1877,6.40,29.20
2007.09.18 05:56:53.230,1.1875,1.1877,6.70,29.20
2007.09.18 05:56:53.327,1.1875,1.1877,10.70,25.20
2007.09.18 05:56:54.678,1.1875,1.1877,10.40,25.20
2007.09.18 05:56:55.105,1.1875,1.1877,6.40,29.20
2007.09.18 05:56:55.320,1.1875,1.1877,6.70,29.20
2007.09.18 05:56:58.116,1.1875,1.1877,10.70,26.00
2007.09.18 05:56:58.200,1.1875,1.1877,10.70,26.80
2007.09.18 05:56:58.286,1.1875,1.1877,10.70,27.60
2007.09.18 05:56:59.356,1.1875,1.1877,6.70,27.60
2007.09.18 05:57:00.498,1.1875,1.1877,6.70,31.60
2007.09.18 05:57:04.238,1.1875,1.1877,6.40,31.90
2007.09.18 05:57:04.553,1.1875,1.1877,6.40,32.70
2007.09.18 05:57:04.899,1.1875,1.1877,3.00,32.70
2007.09.18 05:57:04.954,1.18745,1.1877,7.20,33.50
2007.09.18 05:57:05.986,1.1875,1.1877,6.40,32.70
2007.09.18 05:57:06.099,1.1875,1.1877,6.40,31.60
2007.09.18 05:57:08.695,1.1875,1.1877,6.40,30.80
2007.09.18 05:57:09.325,1.1875,1.1877,6.40,34.80
2007.09.18 05:57:09.644,1.1875,1.1877,7.20,34.80
2007.09.18 05:57:09.657,1.1875,1.1877,8.00,34.80
2007.09.18 05:57:09.741,1.1875,1.1877,10.10,28.80
2007.09.18 05:57:09.764,1.1875,1.1877,10.10,28.00
2007.09.18 05:57:09.856,1.1875,1.1877,14.10,28.00
2007.09.18 05:57:09.864,1.1875,1.1877,14.10,27.20
2007.09.18 05:57:09.901,1.1875,1.1877,14.10,26.40
2007.09.18 05:57:10.175,1.1876,1.1877,2.40,24.00
2007.09.18 05:57:10.217,1.1876,1.1877,2.40,16.00
2007.09.18 05:57:10.250,1.1876,1.1877,2.40,8.00
2007.09.18 05:57:10.607,1.1876,1.1878,2.40,38.80
2007.09.18 05:57:10.764,1.1876,1.1878,6.40,34.80
2007.09.18 05:57:12.315,1.1876,1.1878,6.40,35.60
2007.09.18 05:57:13.165,1.1876,1.1878,6.40,31.60
2007.09.18 05:57:13.292,1.1876,1.1878,6.60,31.60
2007.09.18 05:57:13.580,1.1876,1.1878,6.60,27.60
2007.09.18 05:57:13.685,1.18765,1.1878,0.80,24.00
2007.09.18 05:57:13.750,1.18765,1.1878,0.80,23.20
2007.09.18 05:57:13.797,1.18765,1.1878,0.80,18.40
2007.09.18 05:57:14.292,1.1877,1.1878,2.40,16.00
2007.09.18 05:57:14.316,1.1877,1.1878,2.40,8.00
2007.09.18 05:57:14.722,1.1877,1.1878,6.40,8.00
2007.09.18 05:57:19.148,1.1877,1.18785,6.40,1.60
2007.09.18 05:57:19.256,1.1877,1.18785,6.40,0.80
2007.09.18 05:57:19.404,1.1877,1.1879,6.40,35.80
2007.09.18 05:57:20.749,1.1877,1.1879,6.40,35.90
2007.09.18 05:57:21.071,1.1877,1.1879,6.40,39.90
2007.09.18 05:57:21.331,1.1877,1.18785,6.40,0.80
2007.09.18 05:57:21.428,1.1877,1.1878,6.40,8.00
2007.09.18 05:57:26.443,1.1877,1.1879,6.40,35.80
2007.09.18 05:57:28.693,1.1877,1.1879,7.20,27.00
2007.09.18 05:57:28.727,1.1878,1.1879,0.80,25.00
2007.09.18 05:57:28.796,1.1879,1.18795,2.40,3.20
2007.09.18 05:57:28.836,1.1879,1.18795,2.40,3.20
2007.09.18 05:57:28.948,1.1879,1.18795,2.40,3.20
2007.09.18 05:57:28.967,1.1878,1.1879,18.40,8.30
2007.09.18 05:57:29.040,1.1879,1.18795,2.40,0.80
2007.09.18 05:57:29.067,1.1879,1.18795,2.40,0.80
2007.09.18 05:57:29.144,1.1879,1.18795,2.40,0.80
2007.09.18 05:57:29.230,1.1878,1.1879,16.00,13.80
2007.09.18 05:57:29.272,1.1878,1.1879,4.00,21.00
2007.09.18 05:57:29.282,1.1878,1.1879,16.00,13.00
2007.09.18 05:57:29.343,1.1878,1.18785,4.00,0.80
2007.09.18 05:57:29.359,1.1877,1.18785,10.40,0.80
2007.09.18 05:57:29.467,1.1877,1.1878,6.40,4.00
2007.09.18 05:57:30.154,1.1877,1.1878,4.00,4.80
2007.09.18 05:57:30.189,1.1877,1.1878,4.00,6.30
2007.09.18 05:57:30.289,1.1877,1.1878,4.00,2.30
2007.09.18 05:57:30.674,1.1877,1.18775,4.00,0.80
2007.09.18 05:57:31.295,1.1877,1.18775,4.00,1.60
2007.09.18 05:57:31.390,1.1877,1.18775,4.00,0.80
2007.09.18 05:57:31.498,1.1876,1.1877,5.20,8.00
2007.09.18 05:57:31.657,1.1876,1.1877,9.20,8.00
2007.09.18 05:57:32.372,1.1876,1.1877,13.20,8.00
2007.09.18 05:57:32.424,1.1876,1.1878,13.20,24.50
2007.09.18 05:57:33.935,1.1876,1.1878,13.20,23.20
2007.09.18 05:57:33.952,1.1876,1.1878,13.20,22.40
2007.09.18 05:57:34.040,1.1876,1.1878,13.20,26.40
2007.09.18 05:57:34.164,1.18765,1.1878,0.80,26.40
2007.09.18 05:57:34.264,1.1877,1.1878,2.40,24.00
2007.09.18 05:57:34.374,1.1877,1.1878,14.40,16.00
2007.09.18 05:57:34.476,1.1877,1.1878,14.40,8.00
2007.09.18 05:57:34.767,1.1877,1.1878,23.20,8.00
2007.09.18 05:57:34.781,1.1877,1.1879,23.20,18.00
2007.09.18 05:57:35.053,1.1877,1.1878,25.20,4.00
2007.09.18 05:57:35.140,1.1877,1.1878,20.40,4.00
2007.09.18 05:57:35.195,1.1877,1.1878,21.20,4.00
2007.09.18 05:57:35.266,1.1877,1.1879,21.20,22.80
2007.09.18 05:57:35.292,1.1877,1.1878,21.20,8.00
2007.09.18 05:57:35.668,1.1877,1.1878,17.20,8.00
2007.09.18 05:57:36.306,1.1877,1.1878,9.20,8.00
2007.09.18 05:57:37.440,1.1877,1.18785,9.20,3.20
2007.09.18 05:57:37.538,1.1877,1.18785,9.20,2.40
2007.09.18 05:57:38.266,1.1877,1.18785,21.20,2.40
2007.09.18 05:57:38.381,1.1877,1.18785,25.20,2.40
2007.09.18 05:57:38.487,1.1877,1.1879,25.20,18.00
2007.09.18 05:57:38.692,1.1878,1.1879,0.80,10.00
2007.09.18 05:57:38.774,1.1878,1.1879,0.80,9.80
2007.09.18 05:57:38.894,1.1878,1.1879,8.80,5.80
2007.09.18 05:57:39.098,1.1878,1.1879,10.40,5.00
2007.09.18 05:57:39.203,1.1878,1.1879,10.40,13.00
2007.09.18 05:57:39.221,1.1878,1.1879,6.40,12.80
2007.09.18 05:57:39.293,1.1879,1.188,2.40,26.90
2007.09.18 05:57:39.348,1.1878,1.1879,12.00,12.00
2007.09.18 05:57:39.420,1.1878,1.1879,12.00,12.80
2007.09.18 05:57:39.519,1.1878,1.1879,12.00,8.80
2007.09.18 05:57:39.713,1.1878,1.1879,10.40,9.60
2007.09.18 05:57:39.743,1.1877,1.1879,29.20,9.60
2007.09.18 05:57:39.838,1.1877,1.1879,29.20,9.90
2007.09.18 05:57:39.932,1.1877,1.1879,29.20,13.90
2007.09.18 05:57:40.145,1.1877,1.1879,25.20,17.60
2007.09.18 05:57:40.249,1.1877,1.1879,25.20,17.90
2007.09.18 05:57:41.680,1.1877,1.1879,25.20,18.00
2007.09.18 05:57:41.894,1.1877,1.1879,25.20,22.00
2007.09.18 05:57:41.907,1.1877,1.18785,25.20,0.80
2007.09.18 05:57:42.390,1.1877,1.1879,25.20,21.90
2007.09.18 05:57:42.419,1.1877,1.1879,25.20,17.90
2007.09.18 05:57:43.237,1.1877,1.1879,21.20,17.90
2007.09.18 05:57:43.437,1.1877,1.1879,17.20,21.90
2007.09.18 05:57:43.762,1.1877,1.1879,9.20,29.90
2007.09.18 05:57:43.819,1.1877,1.1879,9.20,32.30
2007.09.18 05:57:47.687,1.1878,1.1879,0.80,32.30
2007.09.18 05:57:47.737,1.1879,1.188,2.40,22.10
2007.09.18 05:57:47.791,1.1879,1.188,2.40,30.90
2007.09.18 05:57:47.906,1.1879,1.188,2.40,30.90
2007.09.18 05:57:47.923,1.1878,1.1879,18.40,4.00
2007.09.18 05:57:48.329,1.1878,1.1879,19.20,12.00
2007.09.18 05:57:48.518,1.1878,1.1879,2.40,8.00
2007.09.18 05:57:48.723,1.1878,1.1879,6.40,8.00
2007.09.18 05:57:48.749,1.1878,1.1879,4.00,8.00
2007.09.18 05:57:49.167,1.1878,1.18795,4.00,0.80
2007.09.18 05:57:49.634,1.1878,1.188,4.00,13.60
2007.09.18 05:57:49.658,1.1878,1.188,4.00,9.60
2007.09.18 05:57:49.859,1.1877,1.188,29.20,9.60
2007.09.18 05:57:53.302,1.1877,1.188,29.20,8.80
2007.09.18 05:57:53.595,1.1878,1.188,4.00,4.80
2007.09.18 05:57:53.696,1.1878,1.188,8.00,4.80
2007.09.18 05:57:54.097,1.1878,1.188,8.80,4.80
2007.09.18 05:57:54.110,1.1878,1.188,14.80,4.80
2007.09.18 05:57:54.207,1.1878,1.188,17.20,4.80
2007.09.18 05:57:54.222,1.1878,1.188,25.20,4.80
2007.09.18 05:57:54.466,1.1878,1.188,29.20,0.80
2007.09.18 05:57:54.588,1.1878,1.1881,29.20,8.00
2007.09.18 05:58:00.210,1.18775,1.1881,34.90,8.00
2007.09.18 05:58:00.891,1.18775,1.1881,34.90,8.00
2007.09.18 05:58:00.965,1.1878,1.1881,33.30,4.00
2007.09.18 05:58:10.304,1.18785,1.1881,12.10,4.00
2007.09.18 05:58:10.832,1.1879,1.1881,1.10,4.00
2007.09.18 05:58:11.253,1.1879,1.1881,0.90,4.80
2007.09.18 05:58:11.324,1.18785,1.1881,8.10,5.90
2007.09.18 05:58:11.436,1.18775,1.1881,34.90,13.90
2007.09.18 05:58:11.756,1.18775,1.188,34.90,4.00
2007.09.18 05:58:12.194,1.1878,1.188,5.60,4.00
2007.09.18 05:58:12.681,1.1878,1.188,33.30,4.00
2007.09.18 05:58:13.508,1.18775,1.188,34.90,4.00
2007.09.18 05:58:19.322,1.1878,1.188,6.40,4.00
2007.09.18 05:58:20.685,1.1878,1.188,0.70,4.00
2007.09.18 05:58:20.790,1.18775,1.188,23.20,4.80
2007.09.18 05:58:20.883,1.18775,1.188,19.20,12.80
2007.09.18 05:58:21.096,1.1878,1.188,7.60,18.80
2007.09.18 05:58:21.111,1.1878,1.188,0.50,19.60
2007.09.18 05:58:21.222,1.1878,1.1879,1.50,8.20
2007.09.18 05:58:21.309,1.18775,1.1879,4.80,16.20
2007.09.18 05:58:21.427,1.1878,1.1879,0.70,20.20
2007.09.18 05:58:21.717,1.1877,1.1879,6.20,20.20
2007.09.18 05:58:23.375,1.18765,1.1879,18.00,20.30
2007.09.18 05:58:24.807,1.18765,1.1879,10.00,30.70
2007.09.18 05:58:26.256,1.18765,1.1878,10.00,8.00
2007.09.18 05:58:26.813,1.1877,1.1878,1.50,8.00
2007.09.18 05:58:28.248,1.18765,1.1878,10.00,8.00
2007.09.18 05:58:37.673,1.1877,1.18775,8.40,3.20
2007.09.18 05:58:37.762,1.1877,1.18775,6.00,3.20
2007.09.18 05:58:37.773,1.1877,1.18775,4.00,3.20
2007.09.18 05:58:38.273,1.1876,1.1877,2.40,8.00
2007.09.18 05:58:38.807,1.1876,1.1877,6.40,8.00
2007.09.18 05:58:44.648,1.1876,1.1877,7.20,8.00
2007.09.18 05:58:44.716,1.1876,1.1877,9.20,8.00
2007.09.18 05:58:46.697,1.1876,1.1877,8.40,8.00
2007.09.18 05:58:46.718,1.1876,1.1877,6.40,8.00
2007.09.18 05:58:47.650,1.1876,1.1877,7.20,8.00
2007.09.18 05:58:47.750,1.1876,1.1877,9.20,8.00
2007.09.18 05:58:48.232,1.1876,1.1877,7.20,8.00
2007.09.18 05:58:48.247,1.1876,1.1877,6.40,8.00
2007.09.18 05:58:51.118,1.1876,1.1877,7.20,8.00
2007.09.18 05:58:51.154,1.1876,1.1877,9.20,8.00
2007.09.18 05:58:52.148,1.1876,1.1877,8.40,8.00
2007.09.18 05:58:52.202,1.1876,1.1877,6.40,8.00
2007.09.18 05:58:53.182,1.1876,1.1877,6.40,9.60
2007.09.18 05:58:53.244,1.1876,1.1877,6.40,16.60
2007.09.18 05:58:53.274,1.1876,1.1877,4.00,19.80
2007.09.18 05:58:53.344,1.1876,1.1877,4.00,40.60
2007.09.18 05:58:53.443,1.1874,1.1876,21.30,4.00
2007.09.18 05:58:53.525,1.1874,1.1876,17.20,4.00
2007.09.18 05:58:53.651,1.1874,1.1876,21.20,4.00
2007.09.18 05:58:55.507,1.1874,1.1876,25.20,4.00
2007.09.18 05:58:56.133,1.1874,1.1876,21.20,4.00
2007.09.18 05:58:58.119,1.1874,1.1876,25.20,4.00
2007.09.18 05:58:59.557,1.1874,1.1876,25.20,0.90
2007.09.18 05:59:04.121,1.1874,1.1877,21.20,41.30
2007.09.18 05:59:15.842,1.1874,1.18765,17.20,8.80
2007.09.18 05:59:16.453,1.1874,1.18765,17.20,17.60
2007.09.18 05:59:22.166,1.1874,1.1876,13.20,0.80
2007.09.18 05:59:23.607,1.1874,1.18765,17.20,17.60
2007.09.18 05:59:23.741,1.1874,1.18765,17.20,20.80
2007.09.18 05:59:23.823,1.1874,1.18765,13.20,24.80
2007.09.18 05:59:32.413,1.1874,1.1876,9.20,22.40
2007.09.18 05:59:35.023,1.1874,1.1876,9.20,26.40
2007.09.18 05:59:38.716,1.1874,1.1876,8.40,26.40
2007.09.18 05:59:38.723,1.1874,1.1876,6.40,27.20
2007.09.18 05:59:38.741,1.1874,1.1875,6.40,8.00
2007.09.18 05:59:38.758,1.1874,1.1875,6.40,12.00
2007.09.18 05:59:40.732,1.1874,1.1875,6.40,8.00
2007.09.18 05:59:40.775,1.1874,1.18755,6.40,2.40
2007.09.18 05:59:41.193,1.1874,1.1876,7.20,28.40
2007.09.18 05:59:41.242,1.1874,1.1876,9.20,26.40
2007.09.18 05:59:50.632,1.1874,1.1876,8.40,26.40
2007.09.18 05:59:50.677,1.1874,1.1876,6.40,29.20
2007.09.18 05:59:50.761,1.1874,1.1876,6.40,38.00
2007.09.18 05:59:50.985,1.18735,1.1875,7.20,8.00
2007.09.18 05:59:51.315,1.1874,1.1875,3.40,12.00
2007.09.18 05:59:51.800,1.1873,1.1875,26.00,14.40
2007.09.18 05:59:52.020,1.18725,1.1875,14.00,22.50
2007.09.18 05:59:54.226,1.18725,1.1875,14.00,22.40
2007.09.18 05:59:54.236,1.1873,1.1875,4.20,12.00
2007.09.18 05:59:54.313,1.18725,1.1875,26.00,4.00
2007.09.18 05:59:54.415,1.1873,1.1876,2.80,39.60
2007.09.18 05:59:54.844,1.18725,1.1876,26.00,39.60
2007.09.18 05:59:58.244,1.18725,1.1875,26.00,8.00
2007.09.18 05:59:58.345,1.1873,1.1875,8.60,12.00
2007.09.18 05:59:59.298,1.18725,1.1875,14.00,20.00
2007.09.18 05:59:59.383,1.18725,1.1875,14.00,22.40
