2015.06.30 23:00:01.103,0.93586,0.93638,1.00,1.00
2015.06.30 23:00:01.629,0.93585,0.93637,1.12,1.00
2015.06.30 23:00:04.498,0.93584,0.93636,1.00,1.00
2015.06.30 23:00:10.189,0.93583,0.93636,1.00,1.00
2015.06.30 23:00:15.644,0.93582,0.93634,1.50,1.00
2015.06.30 23:00:21.234,0.93581,0.93633,1.00,1.00
2015.06.30 23:00:21.641,0.93584,0.93635,1.00,1.00
2015.06.30 23:00:21.743,0.93582,0.93634,1.00,1.00
2015.06.30 23:00:24.190,0.93581,0.93633,1.00,1.00
2015.06.30 23:00:24.707,0.93582,0.93634,1.00,1.00
2015.06.30 23:00:33.101,0.93582,0.93633,1.00,1.00
2015.06.30 23:00:34.184,0.93581,0.93633,1.00,1.50
2015.06.30 23:00:39.382,0.93582,0.93633,1.00,1.00
2015.06.30 23:00:40.803,0.93582,0.93634,1.00,1.00
2015.06.30 23:00:42.863,0.9358,0.93632,1.50,1.00
2015.06.30 23:00:50.259,0.93579,0.93631,1.50,1.00
2015.06.30 23:00:56.818,0.9358,0.93631,1.00,1.00
2015.06.30 23:00:57.979,0.93581,0.93631,1.00,1.00
2015.06.30 23:01:00.299,0.93582,0.93631,1.00,1.00
2015.06.30 23:01:00.926,0.93581,0.93631,1.00,1.50
2015.06.30 23:01:02.435,0.93582,0.93631,1.00,1.00
2015.06.30 23:01:08.310,0.93581,0.93631,1.00,1.00
2015.06.30 23:01:14.968,0.9358,0.93631,1.00,1.00
2015.06.30 23:01:15.665,0.93581,0.93631,1.00,1.00
2015.06.30 23:01:17.046,0.93581,0.93629,1.00,1.00
2015.06.30 23:01:17.685,0.9358,0.93629,1.00,1.00
2015.06.30 23:01:17.939,0.93577,0.93629,1.50,1.00
2015.06.30 23:01:18.788,0.93578,0.93629,1.00,1.00
2015.06.30 23:01:19.483,0.93577,0.93629,1.50,1.00
2015.06.30 23:01:23.004,0.93577,0.9363,1.00,1.00
2015.06.30 23:01:30.605,0.93576,0.9363,1.50,1.50
2015.06.30 23:01:31.155,0.93577,0.93629,1.00,1.00
2015.06.30 23:01:33.262,0.93578,0.9363,1.00,1.50
2015.06.30 23:01:35.582,0.93577,0.93629,1.50,1.00
2015.06.30 23:01:40.515,0.93577,0.9363,1.00,1.00
2015.06.30 23:01:43.407,0.93576,0.9363,1.50,1.00
2015.06.30 23:01:44.021,0.93577,0.93629,1.00,1.00
2015.06.30 23:01:49.524,0.93578,0.93629,1.00,1.00
2015.06.30 23:01:50.055,0.93577,0.93629,1.50,1.00
2015.06.30 23:01:50.548,0.93579,0.93629,1.00,1.00
2015.06.30 23:01:55.562,0.93578,0.93627,1.00,1.00
2015.06.30 23:01:55.766,0.93575,0.93627,1.50,1.00
2015.06.30 23:01:55.817,0.93575,0.93625,1.00,1.00
2015.06.30 23:01:55.870,0.93573,0.93625,1.00,1.00
2015.06.30 23:01:58.446,0.93572,0.93624,1.00,1.00
2015.06.30 23:02:00.734,0.93573,0.93625,1.00,1.00
2015.06.30 23:02:02.843,0.93573,0.93627,1.00,1.50
2015.06.30 23:02:03.204,0.93573,0.93625,1.00,1.00
2015.06.30 23:02:07.571,0.93572,0.93624,1.12,1.00
2015.06.30 23:02:08.436,0.93574,0.93626,1.00,1.00
2015.06.30 23:02:09.253,0.93571,0.93625,1.87,1.00
2015.06.30 23:02:09.762,0.93571,0.93625,1.00,1.00
2015.06.30 23:02:11.317,0.93572,0.93624,1.00,1.00
2015.06.30 23:02:11.832,0.93573,0.93625,1.00,1.00
2015.06.30 23:02:13.431,0.93572,0.93624,1.00,1.00
2015.06.30 23:02:15.849,0.93569,0.93626,1.00,1.00
2015.06.30 23:02:16.531,0.93568,0.93626,1.00,1.00
2015.06.30 23:02:17.074,0.93567,0.93625,1.00,1.00
2015.06.30 23:02:17.633,0.93566,0.93625,1.00,1.00
2015.06.30 23:02:18.163,0.93567,0.93625,1.00,1.00
2015.06.30 23:02:19.853,0.93568,0.93625,1.00,1.00
2015.06.30 23:02:23.355,0.93567,0.93625,1.00,1.00
2015.06.30 23:02:25.331,0.93568,0.93625,1.00,1.00
2015.06.30 23:02:26.964,0.93567,0.93625,1.00,1.00
2015.06.30 23:02:27.938,0.93568,0.93625,1.00,1.00
2015.06.30 23:02:29.024,0.93568,0.93626,1.00,1.00
2015.06.30 23:02:42.031,0.93568,0.93627,1.12,1.50
2015.06.30 23:02:56.232,0.93566,0.93627,1.00,2.25
2015.06.30 23:02:56.465,0.93566,0.93625,1.37,1.00
2015.06.30 23:02:58.640,0.93568,0.93625,1.00,1.00
2015.06.30 23:02:59.596,0.93568,0.93626,1.00,1.00
2015.06.30 23:03:02.374,0.93568,0.93627,1.00,1.00
2015.06.30 23:03:07.680,0.93567,0.93627,1.12,1.50
2015.06.30 23:03:08.654,0.93567,0.93626,1.12,1.00
2015.06.30 23:03:09.256,0.93565,0.93626,1.37,1.50
2015.06.30 23:03:10.594,0.93566,0.93625,1.12,1.00
2015.06.30 23:03:14.976,0.93563,0.93625,1.50,1.00
2015.06.30 23:03:15.027,0.93563,0.93625,1.87,1.00
2015.06.30 23:03:15.281,0.93564,0.93625,1.12,1.00
2015.06.30 23:03:15.801,0.93565,0.93625,1.00,1.00
2015.06.30 23:03:16.326,0.93566,0.93625,1.00,1.00
2015.06.30 23:03:16.833,0.93565,0.93625,1.00,1.00
2015.06.30 23:03:17.363,0.93566,0.93625,1.00,1.00
2015.06.30 23:03:19.489,0.93567,0.93625,1.00,1.00
2015.06.30 23:03:23.597,0.93567,0.93626,1.12,2.25
2015.06.30 23:03:29.323,0.93567,0.93625,1.12,1.00
2015.06.30 23:03:30.761,0.93567,0.93627,1.00,1.50
2015.06.30 23:03:31.294,0.93568,0.93626,1.00,1.00
2015.06.30 23:03:31.798,0.93569,0.93627,1.00,1.00
2015.06.30 23:03:31.899,0.9357,0.93627,1.87,1.00
2015.06.30 23:03:32.578,0.9357,0.93627,1.87,1.00
2015.06.30 23:03:35.497,0.93572,0.93632,1.75,1.50
2015.06.30 23:03:35.648,0.93575,0.93634,1.12,1.00
2015.06.30 23:03:35.699,0.9358,0.93636,1.12,1.00
2015.06.30 23:03:37.731,0.93582,0.93636,1.00,1.00
2015.06.30 23:03:38.420,0.93582,0.93636,1.37,1.00
2015.06.30 23:03:39.151,0.93581,0.93636,1.50,1.00
2015.06.30 23:03:39.203,0.93579,0.93641,1.00,2.25
2015.06.30 23:03:39.305,0.93573,0.93635,1.37,1.00
2015.06.30 23:03:43.343,0.93573,0.93635,1.00,1.00
2015.06.30 23:03:48.626,0.93573,0.93635,1.37,1.00
2015.06.30 23:03:51.279,0.93572,0.93634,1.87,1.00
2015.06.30 23:03:53.043,0.93572,0.93634,1.87,1.00
2015.06.30 23:03:55.552,0.93572,0.93634,1.37,1.00
2015.06.30 23:03:55.959,0.93573,0.93635,1.75,1.00
2015.06.30 23:03:56.475,0.93573,0.93635,1.75,1.75
2015.06.30 23:03:56.678,0.9357,0.9363,1.00,1.75
2015.06.30 23:03:57.184,0.93571,0.9363,1.00,1.75
2015.06.30 23:03:58.284,0.93572,0.9363,1.37,1.75
2015.06.30 23:03:58.401,0.93572,0.93625,1.00,1.00
2015.06.30 23:03:58.453,0.93572,0.93629,1.00,1.37
2015.06.30 23:03:59.809,0.93571,0.93631,1.00,1.37
2015.06.30 23:04:00.597,0.93572,0.93631,1.00,1.37
2015.06.30 23:04:00.648,0.93572,0.93631,1.75,1.75
2015.06.30 23:04:00.699,0.93572,0.93631,1.75,1.00
2015.06.30 23:04:04.451,0.9357,0.93637,1.50,1.00
2015.06.30 23:04:04.604,0.93567,0.93634,2.25,1.00
2015.06.30 23:04:04.858,0.93569,0.93636,1.75,1.00
2015.06.30 23:04:05.373,0.93568,0.93635,1.75,1.00
2015.06.30 23:04:05.474,0.93568,0.93635,1.50,1.00
2015.06.30 23:04:05.627,0.93568,0.93637,1.50,1.00
2015.06.30 23:04:08.924,0.93568,0.93635,2.25,1.00
2015.06.30 23:04:14.173,0.93569,0.93635,1.75,1.00
2015.06.30 23:04:14.285,0.9357,0.93636,1.87,1.00
2015.06.30 23:04:14.798,0.93569,0.93635,1.37,1.00
2015.06.30 23:04:15.590,0.93567,0.93634,1.75,1.00
2015.06.30 23:04:22.998,0.93567,0.93633,2.25,1.00
2015.06.30 23:04:36.960,0.93568,0.93631,1.50,1.00
2015.06.30 23:04:45.612,0.93569,0.93631,1.37,1.00
2015.06.30 23:04:47.138,0.93569,0.93631,1.00,1.00
2015.06.30 23:04:47.669,0.93568,0.9363,1.37,1.00
2015.06.30 23:04:53.466,0.93568,0.9363,1.37,1.75
2015.06.30 23:04:53.815,0.93562,0.93616,1.75,1.75
2015.06.30 23:04:54.935,0.93565,0.93615,1.00,1.75
2015.06.30 23:04:55.037,0.93565,0.93605,1.00,1.07
2015.06.30 23:04:55.089,0.93565,0.93578,1.00,0.75
2015.06.30 23:04:55.191,0.93556,0.93567,1.00,1.00
2015.06.30 23:04:55.242,0.93533,0.9356,1.75,1.63
2015.06.30 23:04:55.344,0.93525,0.93549,1.75,1.00
2015.06.30 23:04:55.395,0.93525,0.93546,1.75,1.00
2015.06.30 23:04:55.447,0.93525,0.93543,1.37,1.00
2015.06.30 23:04:55.549,0.93525,0.93543,1.00,1.00
2015.06.30 23:04:55.855,0.93525,0.93539,1.00,1.00
2015.06.30 23:04:56.058,0.93519,0.93536,1.50,1.00
2015.06.30 23:04:56.170,0.93504,0.93538,1.00,1.00
2015.06.30 23:04:56.222,0.93529,0.93538,0.75,1.00
2015.06.30 23:04:56.273,0.93504,0.93539,1.00,1.00
2015.06.30 23:04:56.324,0.93502,0.93539,1.00,1.00
2015.06.30 23:04:56.375,0.93506,0.9356,1.00,1.50
2015.06.30 23:04:56.579,0.93506,0.93551,1.00,1.00
2015.06.30 23:04:56.884,0.93507,0.93549,1.00,1.00
2015.06.30 23:04:57.351,0.93507,0.93558,1.00,1.00
2015.06.30 23:04:57.469,0.93506,0.9356,1.00,1.00
2015.06.30 23:04:59.154,0.93505,0.9356,1.00,1.00
2015.06.30 23:05:00.619,0.93506,0.9356,1.00,1.00
2015.06.30 23:05:01.949,0.93505,0.9356,1.00,1.00
2015.06.30 23:05:02.707,0.93505,0.93573,1.00,1.87
2015.06.30 23:05:03.217,0.93506,0.93573,1.00,1.87
2015.06.30 23:05:03.740,0.93505,0.93573,1.00,1.87
2015.06.30 23:05:04.020,0.93525,0.93572,1.00,1.37
2015.06.30 23:05:04.287,0.93516,0.93572,1.00,1.37
2015.06.30 23:05:04.389,0.93529,0.93572,1.00,1.37
2015.06.30 23:05:04.897,0.9353,0.93572,1.00,1.37
2015.06.30 23:05:05.404,0.93531,0.93573,1.00,1.00
2015.06.30 23:05:05.973,0.9353,0.93573,1.00,1.00
2015.06.30 23:05:06.028,0.93536,0.93573,1.00,1.00
2015.06.30 23:05:06.334,0.93534,0.93573,1.00,1.00
2015.06.30 23:05:06.891,0.93533,0.93573,1.00,1.00
2015.06.30 23:05:07.095,0.93535,0.93573,1.00,1.00
2015.06.30 23:05:07.630,0.93534,0.93573,1.00,1.00
2015.06.30 23:05:09.511,0.93533,0.93573,1.00,1.00
2015.06.30 23:05:10.052,0.93532,0.93578,1.00,1.37
2015.06.30 23:05:10.438,0.93534,0.93578,1.00,1.37
2015.06.30 23:05:10.962,0.93535,0.93578,1.00,1.37
2015.06.30 23:05:11.469,0.93534,0.93578,1.00,1.37
2015.06.30 23:05:12.208,0.93535,0.93578,1.00,1.37
2015.06.30 23:05:13.526,0.93534,0.93578,1.00,1.37
2015.06.30 23:05:14.110,0.93535,0.93578,1.00,1.37
2015.06.30 23:05:14.730,0.93534,0.93578,1.00,1.37
2015.06.30 23:05:16.010,0.93535,0.9358,1.00,1.37
2015.06.30 23:05:16.126,0.93533,0.9358,1.00,1.37
2015.06.30 23:05:16.947,0.93532,0.9358,1.00,1.87
2015.06.30 23:05:17.479,0.93533,0.9358,1.00,1.87
2015.06.30 23:05:20.243,0.93532,0.9358,1.00,1.87
2015.06.30 23:05:24.124,0.93534,0.9358,1.00,1.37
2015.06.30 23:05:26.270,0.93535,0.93581,1.00,1.87
2015.06.30 23:05:28.377,0.93536,0.93581,1.00,1.87
2015.06.30 23:05:29.061,0.93535,0.93581,1.00,1.87
2015.06.30 23:05:30.181,0.93537,0.93581,1.00,1.87
2015.06.30 23:05:31.866,0.93536,0.93581,1.00,1.37
2015.06.30 23:05:34.981,0.93535,0.93581,1.00,1.37
2015.06.30 23:05:35.488,0.93536,0.93581,1.00,1.37
2015.06.30 23:05:40.568,0.93535,0.93581,1.00,1.37
2015.06.30 23:05:43.264,0.93536,0.93581,1.00,1.37
2015.06.30 23:05:43.815,0.93535,0.93581,1.00,1.37
2015.06.30 23:05:44.362,0.93536,0.93581,1.00,1.37
2015.06.30 23:05:45.379,0.93535,0.93581,1.00,1.37
2015.06.30 23:05:45.684,0.93534,0.93581,1.00,1.75
2015.06.30 23:05:46.004,0.9354,0.9358,1.00,1.37
2015.06.30 23:05:46.062,0.93537,0.93581,1.00,1.37
2015.06.30 23:05:46.418,0.93539,0.93581,1.00,1.37
2015.06.30 23:05:46.938,0.93538,0.93581,1.00,1.37
2015.06.30 23:05:48.109,0.93539,0.93581,1.00,1.37
2015.06.30 23:05:48.678,0.93536,0.93581,1.00,1.37
2015.06.30 23:05:49.911,0.93537,0.93581,1.00,1.37
2015.06.30 23:05:50.500,0.93538,0.9358,1.00,1.87
2015.06.30 23:05:51.588,0.93538,0.9358,1.00,1.12
2015.06.30 23:05:52.122,0.93537,0.9358,1.00,1.00
2015.06.30 23:05:53.207,0.93538,0.9358,1.00,1.00
2015.06.30 23:05:55.150,0.93538,0.9358,1.00,1.37
2015.06.30 23:05:58.824,0.93536,0.93579,1.00,1.37
2015.06.30 23:05:59.753,0.93536,0.93579,1.00,1.75
2015.06.30 23:06:00.059,0.93538,0.93579,1.00,1.75
2015.06.30 23:06:02.864,0.93538,0.9358,1.00,1.37
2015.06.30 23:06:07.760,0.93538,0.93576,1.00,1.00
2015.06.30 23:06:08.078,0.93538,0.93576,1.00,1.37
2015.06.30 23:06:08.420,0.93538,0.93576,1.00,1.75
2015.06.30 23:06:19.301,0.93538,0.93571,1.00,1.00
2015.06.30 23:06:19.912,0.93538,0.93572,1.00,1.00
2015.06.30 23:06:25.890,0.93537,0.93572,1.00,1.00
2015.06.30 23:06:27.077,0.93538,0.93572,1.00,1.00
2015.06.30 23:06:30.814,0.93538,0.93572,1.00,1.37
2015.06.30 23:06:31.134,0.93536,0.93571,1.00,1.12
2015.06.30 23:06:31.665,0.93536,0.93571,1.00,1.50
2015.06.30 23:06:32.201,0.93536,0.93571,1.00,1.75
2015.06.30 23:06:32.793,0.93535,0.93571,1.00,1.75
2015.06.30 23:06:33.843,0.93536,0.93571,1.00,1.75
2015.06.30 23:06:34.825,0.93536,0.9357,1.00,1.00
2015.06.30 23:06:34.928,0.93536,0.93571,1.00,1.75
2015.06.30 23:06:36.033,0.93536,0.93571,1.00,1.50
2015.06.30 23:06:36.570,0.93536,0.93569,1.00,1.00
2015.06.30 23:06:37.795,0.93536,0.93569,1.00,1.37
2015.06.30 23:06:40.514,0.93538,0.93569,1.00,1.37
2015.06.30 23:06:40.769,0.93538,0.93569,1.00,1.37
2015.06.30 23:06:45.630,0.93539,0.93574,1.00,1.12
2015.06.30 23:06:45.834,0.93527,0.93574,1.00,1.87
2015.06.30 23:06:46.342,0.93525,0.93574,1.00,1.12
2015.06.30 23:06:49.877,0.93524,0.93575,1.00,1.87
2015.06.30 23:06:51.147,0.93523,0.93575,1.00,1.87
2015.06.30 23:06:51.744,0.93524,0.93575,1.00,1.75
2015.06.30 23:06:52.542,0.93522,0.93576,1.00,1.75
2015.06.30 23:07:01.487,0.93521,0.93575,1.00,1.75
2015.06.30 23:07:03.102,0.93522,0.93573,1.00,1.37
2015.06.30 23:07:13.326,0.93521,0.93573,1.00,1.37
2015.06.30 23:07:21.123,0.93524,0.93573,1.00,1.37
2015.06.30 23:07:21.642,0.93523,0.93573,1.00,1.37
2015.06.30 23:07:22.941,0.93524,0.93573,1.00,1.37
2015.06.30 23:07:42.166,0.93525,0.93573,1.00,1.37
2015.06.30 23:07:42.268,0.93525,0.93573,1.00,1.37
2015.06.30 23:07:42.847,0.93527,0.93573,1.00,1.37
2015.06.30 23:07:43.359,0.93526,0.93573,1.00,1.37
2015.06.30 23:07:43.547,0.93524,0.93573,1.00,1.37
2015.06.30 23:07:43.761,0.93526,0.93573,1.00,1.37
2015.06.30 23:07:45.252,0.93525,0.93573,1.00,1.37
2015.06.30 23:07:45.770,0.93524,0.93573,1.00,1.37
2015.06.30 23:07:53.251,0.93525,0.93573,1.00,1.37
2015.06.30 23:07:55.568,0.93524,0.93575,1.00,1.37
2015.06.30 23:07:57.618,0.93525,0.93575,1.00,1.37
2015.06.30 23:07:58.702,0.93526,0.93575,1.00,1.37
2015.06.30 23:07:58.906,0.93524,0.93575,1.00,1.37
2015.06.30 23:07:59.407,0.93523,0.93575,1.00,1.37
2015.06.30 23:08:00.275,0.93524,0.93575,1.00,1.37
2015.06.30 23:08:00.803,0.93523,0.93575,1.00,1.37
2015.06.30 23:08:01.283,0.93522,0.93572,1.00,1.37
2015.06.30 23:08:01.801,0.93521,0.93572,1.00,1.37
2015.06.30 23:08:10.018,0.93514,0.93571,1.00,1.37
2015.06.30 23:08:10.390,0.9352,0.93571,1.00,1.37
2015.06.30 23:08:10.695,0.93518,0.93571,1.00,1.37
2015.06.30 23:08:11.343,0.93519,0.93571,1.00,1.37
2015.06.30 23:08:12.403,0.9352,0.93571,1.00,1.37
2015.06.30 23:08:15.654,0.9352,0.93572,1.00,1.50
2015.06.30 23:08:18.022,0.93519,0.93572,1.00,1.50
2015.06.30 23:08:20.662,0.93522,0.93572,1.00,1.50
2015.06.30 23:08:21.178,0.93521,0.93572,1.00,1.50
2015.06.30 23:08:21.818,0.9352,0.93572,1.00,1.50
2015.06.30 23:08:26.528,0.93518,0.93572,1.00,1.50
2015.06.30 23:08:26.732,0.93513,0.9357,1.00,1.75
2015.06.30 23:08:26.783,0.93513,0.93569,1.00,1.37
2015.06.30 23:08:26.834,0.93511,0.93569,1.00,1.37
2015.06.30 23:08:27.038,0.93513,0.93569,1.00,1.37
2015.06.30 23:08:27.545,0.93512,0.93569,1.00,1.37
2015.06.30 23:08:27.849,0.9351,0.93569,1.00,1.37
2015.06.30 23:08:28.371,0.93509,0.93569,1.00,1.37
2015.06.30 23:08:28.898,0.93508,0.93569,1.00,1.37
2015.06.30 23:08:31.594,0.93509,0.9357,1.00,1.75
2015.06.30 23:08:33.264,0.93508,0.9357,1.00,1.75
2015.06.30 23:08:41.061,0.9351,0.93566,1.00,1.37
2015.06.30 23:08:43.065,0.93509,0.93566,1.00,1.37
2015.06.30 23:08:44.043,0.93508,0.93566,1.00,1.37
2015.06.30 23:08:46.688,0.93502,0.93566,1.00,1.37
2015.06.30 23:08:46.993,0.93508,0.93566,1.00,1.37
2015.06.30 23:08:48.423,0.93509,0.93566,1.00,1.37
2015.06.30 23:08:55.599,0.93509,0.93566,1.00,1.50
2015.06.30 23:09:02.007,0.93508,0.93566,1.00,1.50
2015.06.30 23:09:04.035,0.93509,0.93566,1.00,1.50
2015.06.30 23:09:09.051,0.93508,0.93566,1.00,1.50
2015.06.30 23:09:10.041,0.93509,0.93566,1.00,1.50
2015.06.30 23:09:15.554,0.93508,0.93564,1.00,1.75
2015.06.30 23:09:40.625,0.93507,0.93562,1.00,1.37
2015.06.30 23:09:42.404,0.93511,0.93562,1.00,1.37
2015.06.30 23:09:42.506,0.93511,0.93563,1.00,1.37
2015.06.30 23:09:57.855,0.9351,0.93568,1.00,2.25
2015.06.30 23:09:58.374,0.93509,0.93566,1.00,1.37
2015.06.30 23:10:02.359,0.93509,0.93566,1.00,1.87
2015.06.30 23:10:11.087,0.93508,0.93566,1.00,1.87
2015.06.30 23:10:17.713,0.93505,0.93563,1.00,1.50
2015.06.30 23:10:17.868,0.93501,0.93563,1.00,1.50
2015.06.30 23:10:18.071,0.93508,0.93563,1.00,1.50
2015.06.30 23:10:18.594,0.93509,0.93563,1.00,1.75
2015.06.30 23:10:22.698,0.93508,0.93562,1.00,1.12
2015.06.30 23:10:23.607,0.93509,0.9356,1.00,1.37
2015.06.30 23:10:24.634,0.93509,0.9356,1.00,1.12
2015.06.30 23:10:25.206,0.93508,0.9356,1.00,1.12
2015.06.30 23:10:25.856,0.93511,0.9356,1.00,1.12
2015.06.30 23:10:25.958,0.93504,0.9356,1.00,1.12
2015.06.30 23:10:26.498,0.93505,0.9356,1.00,1.12
2015.06.30 23:10:26.812,0.93507,0.9356,1.00,1.37
2015.06.30 23:10:27.628,0.93508,0.9356,1.00,1.37
2015.06.30 23:10:27.730,0.93506,0.9356,1.00,1.37
2015.06.30 23:10:28.251,0.93507,0.9356,1.00,1.37
2015.06.30 23:10:28.797,0.93506,0.93565,1.00,1.75
2015.06.30 23:10:29.026,0.93507,0.93565,1.00,1.37
2015.06.30 23:10:29.660,0.93508,0.93565,1.00,1.37
2015.06.30 23:10:30.377,0.93507,0.93565,1.00,1.37
2015.06.30 23:10:31.469,0.93509,0.93565,1.00,1.37
2015.06.30 23:10:31.520,0.93509,0.93565,1.00,1.00
2015.06.30 23:10:31.571,0.93507,0.93565,1.00,1.00
2015.06.30 23:10:31.724,0.93505,0.93565,1.00,1.00
2015.06.30 23:10:31.825,0.9351,0.93565,1.00,1.00
2015.06.30 23:10:32.392,0.93509,0.93565,1.00,1.00
2015.06.30 23:10:32.444,0.93507,0.93565,1.00,1.00
2015.06.30 23:10:32.851,0.9351,0.93565,1.00,1.00
2015.06.30 23:10:33.840,0.93509,0.93565,1.00,1.00
2015.06.30 23:10:34.372,0.93508,0.93565,1.00,1.00
2015.06.30 23:10:35.512,0.93508,0.93567,1.00,1.37
2015.06.30 23:10:36.176,0.93509,0.93567,1.00,1.37
2015.06.30 23:10:36.643,0.93506,0.93567,1.00,1.37
2015.06.30 23:10:37.162,0.93507,0.93567,1.00,1.37
2015.06.30 23:10:37.672,0.93506,0.93567,1.00,1.37
2015.06.30 23:10:42.368,0.93507,0.93566,1.00,1.12
2015.06.30 23:10:47.685,0.93505,0.93566,1.00,1.12
2015.06.30 23:10:50.672,0.93508,0.93566,1.00,1.12
2015.06.30 23:10:51.280,0.93506,0.93566,1.00,1.12
2015.06.30 23:10:56.608,0.93505,0.93566,1.00,1.12
2015.06.30 23:10:57.189,0.93507,0.93566,1.00,1.12
2015.06.30 23:10:58.750,0.93507,0.93565,1.00,1.00
2015.06.30 23:11:00.723,0.93508,0.93565,1.00,1.00
2015.06.30 23:11:01.604,0.93507,0.93565,1.00,1.00
2015.06.30 23:11:05.647,0.9351,0.93565,1.00,1.00
2015.06.30 23:11:06.240,0.93509,0.93565,1.00,1.00
2015.06.30 23:11:10.151,0.93507,0.93565,1.00,1.00
2015.06.30 23:11:10.454,0.93505,0.93565,1.00,1.00
2015.06.30 23:11:11.015,0.93507,0.93565,1.00,1.00
2015.06.30 23:11:11.339,0.93505,0.93565,1.00,1.00
2015.06.30 23:11:11.817,0.93507,0.93565,1.00,1.00
2015.06.30 23:11:18.453,0.93509,0.93565,1.00,1.00
2015.06.30 23:11:18.758,0.93508,0.93567,1.00,1.00
2015.06.30 23:11:20.139,0.93507,0.93567,1.00,1.00
2015.06.30 23:11:22.264,0.93506,0.93567,1.00,1.00
2015.06.30 23:11:26.148,0.93509,0.93567,1.00,1.00
2015.06.30 23:11:26.402,0.9351,0.9357,1.00,1.12
2015.06.30 23:11:29.766,0.93513,0.9357,1.00,1.12
2015.06.30 23:11:30.071,0.93513,0.93568,1.00,1.00
2015.06.30 23:11:30.863,0.93514,0.93568,1.00,1.00
2015.06.30 23:11:31.282,0.93512,0.93568,1.00,1.00
2015.06.30 23:11:32.174,0.93513,0.93568,1.00,1.00
2015.06.30 23:11:34.898,0.93514,0.93568,1.00,1.00
2015.06.30 23:11:35.604,0.93513,0.93568,1.00,1.00
2015.06.30 23:11:38.849,0.93513,0.9357,1.00,1.12
2015.06.30 23:11:42.214,0.93512,0.9357,1.00,1.12
2015.06.30 23:11:42.479,0.93514,0.9357,1.00,1.12
2015.06.30 23:11:43.923,0.93513,0.9357,1.00,1.12
2015.06.30 23:11:58.782,0.93513,0.93569,1.00,1.00
2015.06.30 23:11:59.727,0.93512,0.93569,1.00,1.00
2015.06.30 23:12:00.380,0.93513,0.93569,1.00,1.00
2015.06.30 23:12:03.937,0.93515,0.93569,1.00,1.00
2015.06.30 23:12:08.748,0.93517,0.93569,1.00,1.00
2015.06.30 23:12:12.940,0.93511,0.93569,1.00,1.00
2015.06.30 23:12:13.400,0.9351,0.93569,1.00,1.37
2015.06.30 23:12:13.711,0.9351,0.93565,1.00,1.37
2015.06.30 23:12:14.219,0.93509,0.93565,1.00,1.37
2015.06.30 23:12:15.478,0.9351,0.93565,1.00,1.37
2015.06.30 23:12:15.995,0.93505,0.93565,1.00,1.37
2015.06.30 23:12:16.467,0.93509,0.93565,1.00,1.37
2015.06.30 23:12:16.850,0.93506,0.93565,1.00,1.37
2015.06.30 23:12:17.486,0.93507,0.93565,1.00,1.37
2015.06.30 23:12:18.378,0.93505,0.93565,1.00,1.37
2015.06.30 23:12:18.921,0.93505,0.93563,1.00,1.00
2015.06.30 23:12:19.280,0.93507,0.93563,1.00,1.00
2015.06.30 23:12:28.118,0.93506,0.93563,1.00,1.00
2015.06.30 23:12:28.900,0.93507,0.93563,1.00,1.00
2015.06.30 23:12:31.695,0.93506,0.93563,1.00,1.00
2015.06.30 23:12:32.203,0.93507,0.93563,1.00,1.00
2015.06.30 23:12:32.735,0.93506,0.93563,1.00,1.00
2015.06.30 23:12:33.722,0.93507,0.93563,1.00,1.00
2015.06.30 23:12:33.824,0.93505,0.93563,1.00,1.00
2015.06.30 23:12:33.985,0.93507,0.93563,1.00,1.00
2015.06.30 23:12:34.297,0.93507,0.93563,1.00,1.37
2015.06.30 23:12:35.534,0.93507,0.93563,1.00,1.37
2015.06.30 23:12:42.535,0.93508,0.9356,1.00,1.37
2015.06.30 23:12:54.359,0.93507,0.9356,1.00,1.37
2015.06.30 23:12:54.952,0.93508,0.9356,1.00,1.37
2015.06.30 23:12:55.488,0.93508,0.9356,1.00,1.12
2015.06.30 23:12:55.804,0.93508,0.93557,1.00,1.00
2015.06.30 23:12:56.401,0.93507,0.93557,1.00,1.00
2015.06.30 23:12:58.121,0.93506,0.93557,1.00,1.00
2015.06.30 23:12:58.764,0.93506,0.93558,1.00,1.00
2015.06.30 23:13:01.565,0.93508,0.93558,1.00,1.12
2015.06.30 23:13:02.675,0.93509,0.93558,1.00,1.12
2015.06.30 23:13:03.327,0.93508,0.93558,1.00,1.12
2015.06.30 23:13:03.857,0.93509,0.93558,1.00,1.00
2015.06.30 23:13:05.090,0.93508,0.93558,1.00,1.00
2015.06.30 23:13:10.247,0.93508,0.93558,1.00,1.37
2015.06.30 23:13:10.718,0.93508,0.93556,1.00,1.37
2015.06.30 23:13:13.409,0.93509,0.93555,1.00,1.12
2015.06.30 23:13:13.913,0.93508,0.93555,1.00,1.12
2015.06.30 23:13:18.767,0.93508,0.93554,1.00,1.00
2015.06.30 23:13:19.633,0.93507,0.93554,1.00,1.00
2015.06.30 23:13:20.190,0.93508,0.93554,1.00,1.00
2015.06.30 23:13:21.196,0.93509,0.93554,1.00,1.00
2015.06.30 23:13:22.035,0.93501,0.93554,1.00,1.00
2015.06.30 23:13:22.558,0.935,0.93554,1.00,1.00
2015.06.30 23:13:24.039,0.93502,0.93554,1.00,1.00
2015.06.30 23:13:27.068,0.93501,0.93554,1.00,1.00
2015.06.30 23:13:27.373,0.93501,0.9355,1.00,1.37
2015.06.30 23:13:27.958,0.935,0.9355,1.00,1.37
2015.06.30 23:13:28.271,0.935,0.93546,1.00,1.37
2015.06.30 23:13:28.949,0.93499,0.93546,1.00,1.37
2015.06.30 23:13:29.475,0.93498,0.93546,1.00,1.37
2015.06.30 23:13:30.246,0.93499,0.93546,1.00,1.37
2015.06.30 23:13:30.551,0.93498,0.93543,1.00,1.00
2015.06.30 23:13:31.062,0.93498,0.93543,1.00,1.37
2015.06.30 23:13:31.623,0.93499,0.93543,1.00,1.37
2015.06.30 23:13:32.482,0.93498,0.93543,1.00,1.37
2015.06.30 23:13:33.935,0.93499,0.93543,1.00,1.37
2015.06.30 23:13:34.437,0.93498,0.93543,1.00,1.37
2015.06.30 23:13:38.369,0.93497,0.93543,1.00,1.37
2015.06.30 23:13:38.891,0.93497,0.93541,1.00,1.00
2015.06.30 23:13:39.504,0.93497,0.93541,1.00,1.37
2015.06.30 23:13:40.975,0.93498,0.93541,1.00,1.37
2015.06.30 23:13:41.491,0.93497,0.93541,1.00,1.37
2015.06.30 23:13:43.864,0.93498,0.93541,1.00,1.37
2015.06.30 23:13:44.390,0.93497,0.93541,1.00,1.37
2015.06.30 23:13:57.515,0.9349,0.93541,1.00,1.37
2015.06.30 23:13:58.506,0.93491,0.93541,1.00,1.37
2015.06.30 23:13:59.202,0.9349,0.93542,1.00,1.37
2015.06.30 23:13:59.812,0.93491,0.93542,1.00,1.37
2015.06.30 23:14:14.854,0.9349,0.93542,1.00,1.37
2015.06.30 23:14:23.294,0.93492,0.93541,1.00,1.37
2015.06.30 23:14:38.345,0.93492,0.93541,1.00,1.75
2015.06.30 23:14:38.655,0.93501,0.93528,1.00,1.00
2015.06.30 23:14:40.714,0.935,0.93528,1.00,1.00
2015.06.30 23:14:43.815,0.93501,0.93528,1.00,1.00
2015.06.30 23:14:44.322,0.93501,0.93529,1.00,1.00
2015.06.30 23:14:44.584,0.93501,0.93531,1.00,1.00
2015.06.30 23:14:46.912,0.93501,0.93532,1.00,1.00
2015.06.30 23:14:52.590,0.93501,0.93533,1.00,1.00
2015.06.30 23:14:52.936,0.93501,0.93531,1.00,1.00
2015.06.30 23:14:54.365,0.93501,0.93532,1.00,1.00
2015.06.30 23:14:54.518,0.9349,0.93532,1.00,1.00
2015.06.30 23:14:54.620,0.93483,0.93538,1.00,1.00
2015.06.30 23:14:54.819,0.93481,0.93538,1.00,1.00
2015.06.30 23:14:55.519,0.93482,0.93538,1.00,1.00
2015.06.30 23:14:58.387,0.93494,0.93542,1.00,1.12
2015.06.30 23:14:58.692,0.93516,0.93544,1.00,1.12
2015.06.30 23:14:59.224,0.93515,0.93544,1.00,1.12
2015.06.30 23:15:08.222,0.93508,0.93544,1.37,1.00
2015.06.30 23:15:08.274,0.93497,0.93545,1.75,1.12
2015.06.30 23:15:08.377,0.93493,0.93545,1.75,1.12
2015.06.30 23:15:08.428,0.93489,0.93545,1.37,1.12
2015.06.30 23:15:08.936,0.93489,0.93545,1.00,1.00
2015.06.30 23:15:15.601,0.93489,0.93549,1.00,1.37
2015.06.30 23:15:23.619,0.93491,0.9355,1.00,1.37
2015.06.30 23:15:24.124,0.9349,0.9355,1.00,1.37
2015.06.30 23:15:24.820,0.93491,0.9355,1.00,1.37
2015.06.30 23:15:25.678,0.93489,0.9355,1.00,1.37
2015.06.30 23:15:26.179,0.93488,0.9355,1.00,1.37
2015.06.30 23:15:27.653,0.93489,0.93549,1.00,1.37
2015.06.30 23:15:35.614,0.93487,0.93549,1.00,1.37
2015.06.30 23:15:36.273,0.93489,0.93549,1.00,1.37
2015.06.30 23:15:36.784,0.93487,0.93549,1.00,1.37
2015.06.30 23:15:42.950,0.93488,0.93549,1.00,1.37
2015.06.30 23:15:48.014,0.93488,0.93549,1.12,1.37
2015.06.30 23:15:53.215,0.93485,0.9354,1.37,1.00
2015.06.30 23:15:53.498,0.93485,0.9354,1.00,1.00
2015.06.30 23:15:53.766,0.93485,0.93542,1.00,1.00
2015.06.30 23:15:54.610,0.93487,0.93542,1.00,1.00
2015.06.30 23:15:55.611,0.93493,0.93542,1.00,1.00
2015.06.30 23:15:55.662,0.93493,0.93544,1.00,1.00
2015.06.30 23:15:56.187,0.93494,0.93544,1.00,1.00
2015.06.30 23:15:57.191,0.93495,0.93544,1.00,1.00
2015.06.30 23:16:01.347,0.93495,0.9354,1.00,1.00
2015.06.30 23:16:01.884,0.93494,0.9354,1.00,1.00
2015.06.30 23:16:02.405,0.93495,0.9354,1.00,1.00
2015.06.30 23:16:03.203,0.93493,0.9354,1.00,1.00
2015.06.30 23:16:03.255,0.93493,0.93538,1.00,1.00
2015.06.30 23:16:03.615,0.93493,0.93536,1.00,1.00
2015.06.30 23:16:05.232,0.93493,0.93537,1.00,1.00
2015.06.30 23:16:07.416,0.93488,0.93548,1.00,1.37
2015.06.30 23:16:07.468,0.93485,0.93548,1.00,1.37
2015.06.30 23:16:08.033,0.93484,0.93548,1.00,1.37
2015.06.30 23:16:12.623,0.9348,0.93544,1.00,1.00
2015.06.30 23:16:13.707,0.9348,0.93544,1.00,1.37
2015.06.30 23:16:18.740,0.93478,0.93542,1.00,1.12
2015.06.30 23:16:23.280,0.93478,0.93542,1.00,1.37
2015.06.30 23:16:38.816,0.93477,0.93541,1.00,1.37
2015.06.30 23:16:43.241,0.93477,0.93541,1.00,1.00
2015.06.30 23:17:18.675,0.93478,0.93541,1.00,1.12
2015.06.30 23:17:19.300,0.93479,0.93543,1.00,1.37
2015.06.30 23:17:38.756,0.9348,0.93544,1.00,1.37
2015.06.30 23:17:51.036,0.9348,0.93544,1.00,1.37
2015.06.30 23:17:58.762,0.93479,0.93545,1.50,1.87
2015.06.30 23:18:13.913,0.93479,0.93545,1.87,1.87
2015.06.30 23:18:14.218,0.93496,0.9356,1.12,1.12
2015.06.30 23:18:14.270,0.93498,0.9356,1.00,1.12
2015.06.30 23:18:14.771,0.93499,0.93563,1.00,1.37
2015.06.30 23:18:15.604,0.93496,0.9356,1.12,1.12
2015.06.30 23:18:16.114,0.93499,0.93562,1.00,1.00
2015.06.30 23:18:18.390,0.93501,0.93562,1.00,1.00
2015.06.30 23:18:18.849,0.93501,0.93562,1.37,1.00
2015.06.30 23:18:19.154,0.93505,0.93562,1.00,1.00
2015.06.30 23:18:19.482,0.93508,0.93562,1.00,1.00
2015.06.30 23:18:23.912,0.93508,0.93572,1.00,1.37
2015.06.30 23:18:38.754,0.93507,0.93571,1.00,1.12
2015.06.30 23:18:45.541,0.93508,0.93572,1.00,1.37
2015.06.30 23:18:58.779,0.93507,0.93571,1.00,1.12
2015.06.30 23:19:11.058,0.93507,0.93569,1.00,1.37
2015.06.30 23:19:11.109,0.93504,0.93568,1.37,1.12
2015.06.30 23:19:11.634,0.93504,0.93568,1.00,1.12
2015.06.30 23:19:18.724,0.93503,0.93567,1.00,1.00
2015.06.30 23:19:38.736,0.93503,0.93568,1.00,1.00
2015.06.30 23:19:39.283,0.93503,0.93569,1.50,1.87
2015.06.30 23:19:58.665,0.93504,0.93568,1.00,1.00
2015.06.30 23:20:22.952,0.93504,0.93568,1.37,1.00
2015.06.30 23:20:38.726,0.93506,0.93569,1.12,1.12
2015.06.30 23:20:50.892,0.93508,0.93572,1.37,2.62
2015.06.30 23:20:51.973,0.93511,0.93572,1.37,1.87
2015.06.30 23:20:55.194,0.93513,0.93572,1.75,1.12
2015.06.30 23:20:59.636,0.93514,0.93574,1.37,1.37
2015.06.30 23:21:02.309,0.93512,0.93575,1.37,1.37
2015.06.30 23:21:37.299,0.93516,0.93574,1.00,1.37
2015.06.30 23:21:37.833,0.93515,0.93574,1.00,1.37
2015.06.30 23:21:38.334,0.93516,0.93574,1.00,1.37
2015.06.30 23:21:39.316,0.93515,0.93574,1.00,1.37
2015.06.30 23:21:45.024,0.93517,0.93574,1.00,1.37
2015.06.30 23:21:45.689,0.93518,0.93574,1.00,1.37
2015.06.30 23:21:45.995,0.93521,0.93575,1.00,1.37
2015.06.30 23:21:46.919,0.93541,0.93575,1.12,1.00
2015.06.30 23:21:47.292,0.93545,0.93577,1.52,1.00
2015.06.30 23:21:47.394,0.93536,0.93577,1.00,1.00
2015.06.30 23:21:47.446,0.93531,0.93577,1.05,1.00
2015.06.30 23:21:47.497,0.93529,0.93577,1.00,1.00
2015.06.30 23:21:47.548,0.93524,0.93577,1.00,1.00
2015.06.30 23:21:48.069,0.93525,0.93577,1.00,1.00
2015.06.30 23:21:48.729,0.93524,0.93577,1.00,1.00
2015.06.30 23:21:49.233,0.93523,0.93578,1.00,1.37
2015.06.30 23:21:49.738,0.93523,0.93576,1.00,1.00
2015.06.30 23:21:50.273,0.93522,0.93576,1.00,1.00
2015.06.30 23:21:51.046,0.93521,0.93576,1.00,1.00
2015.06.30 23:21:51.401,0.93523,0.93575,1.37,1.37
2015.06.30 23:21:51.706,0.93527,0.93577,1.75,1.12
2015.06.30 23:21:52.011,0.93529,0.93576,1.37,1.37
2015.06.30 23:21:52.370,0.9355,0.93576,1.00,1.37
2015.06.30 23:21:52.473,0.93551,0.93578,1.00,1.37
2015.06.30 23:21:52.555,0.93553,0.93578,1.00,1.37
2015.06.30 23:21:52.878,0.93552,0.93575,1.00,1.00
2015.06.30 23:21:53.480,0.93553,0.93575,1.00,1.00
2015.06.30 23:21:54.353,0.93552,0.93575,1.00,1.00
2015.06.30 23:21:54.903,0.93553,0.93575,1.00,1.00
2015.06.30 23:21:55.412,0.93554,0.93575,1.00,1.00
2015.06.30 23:21:57.362,0.93553,0.93575,1.00,1.00
2015.06.30 23:21:57.921,0.93552,0.93574,1.00,1.00
2015.06.30 23:21:59.155,0.93551,0.93574,1.00,1.00
2015.06.30 23:21:59.666,0.93552,0.93574,1.00,1.00
2015.06.30 23:22:00.186,0.93553,0.93574,1.00,1.00
2015.06.30 23:22:00.663,0.93551,0.93574,1.00,1.00
2015.06.30 23:22:00.871,0.93549,0.93574,1.00,1.12
2015.06.30 23:22:01.377,0.9355,0.93574,1.00,1.12
2015.06.30 23:22:01.964,0.93549,0.93574,1.00,1.12
2015.06.30 23:22:02.015,0.93549,0.93574,1.00,1.37
2015.06.30 23:22:02.664,0.9355,0.93574,1.00,1.37
2015.06.30 23:22:04.083,0.9355,0.93568,1.00,1.00
2015.06.30 23:22:06.185,0.93549,0.93568,1.00,1.00
2015.06.30 23:22:06.486,0.93547,0.93568,1.00,1.00
2015.06.30 23:22:06.990,0.93548,0.93568,1.00,1.00
2015.06.30 23:22:07.514,0.93547,0.93568,1.00,1.00
2015.06.30 23:22:08.022,0.93546,0.93568,1.00,1.12
2015.06.30 23:22:08.534,0.93547,0.93568,1.00,1.12
2015.06.30 23:22:09.115,0.93547,0.93566,1.00,1.00
2015.06.30 23:22:09.623,0.93548,0.93566,1.00,1.00
2015.06.30 23:22:09.674,0.93548,0.93573,1.00,1.12
2015.06.30 23:22:10.529,0.93547,0.93573,1.00,1.12
2015.06.30 23:22:12.504,0.93549,0.93576,1.00,1.75
2015.06.30 23:22:12.555,0.93549,0.93576,1.00,1.50
2015.06.30 23:22:13.520,0.9355,0.93576,1.00,1.50
2015.06.30 23:22:14.061,0.93549,0.93577,1.00,1.87
2015.06.30 23:22:15.325,0.9355,0.93576,1.00,1.50
2015.06.30 23:22:16.425,0.93549,0.93576,1.00,1.50
2015.06.30 23:22:16.969,0.93548,0.93576,1.00,1.50
2015.06.30 23:22:17.515,0.93549,0.93574,1.00,1.37
2015.06.30 23:22:18.019,0.9355,0.93574,1.00,1.37
2015.06.30 23:22:18.721,0.93549,0.93574,1.00,1.37
2015.06.30 23:22:19.280,0.93549,0.93574,1.00,1.37
2015.06.30 23:22:21.002,0.9355,0.93574,1.00,1.37
2015.06.30 23:22:21.912,0.93548,0.93574,1.00,1.37
2015.06.30 23:22:22.453,0.93549,0.93574,1.00,1.37
2015.06.30 23:22:23.026,0.9355,0.93574,1.00,1.37
2015.06.30 23:22:24.844,0.93549,0.93574,1.00,1.37
2015.06.30 23:22:25.940,0.93548,0.93574,1.00,1.37
2015.06.30 23:22:26.525,0.93549,0.93573,1.00,1.37
2015.06.30 23:22:28.034,0.9355,0.93574,1.00,1.37
2015.06.30 23:22:29.664,0.9355,0.93568,1.00,1.00
2015.06.30 23:22:32.054,0.93549,0.93568,1.00,1.00
2015.06.30 23:22:33.533,0.93547,0.93568,1.00,1.00
2015.06.30 23:22:34.082,0.93548,0.93568,1.00,1.00
2015.06.30 23:22:34.869,0.93547,0.93568,1.00,1.00
2015.06.30 23:22:35.464,0.93548,0.93568,1.00,1.00
2015.06.30 23:22:36.296,0.93546,0.93568,1.00,1.00
2015.06.30 23:22:36.348,0.93548,0.93568,1.00,1.00
2015.06.30 23:22:41.474,0.93547,0.93568,1.00,1.00
2015.06.30 23:22:41.792,0.93548,0.93566,1.00,1.00
2015.06.30 23:22:43.471,0.93547,0.93566,1.00,1.00
2015.06.30 23:22:44.169,0.93548,0.93566,1.00,1.00
2015.06.30 23:22:50.741,0.93548,0.93567,1.00,1.00
2015.06.30 23:22:51.802,0.93547,0.93567,1.00,1.00
2015.06.30 23:22:52.335,0.93548,0.93567,1.00,1.00
2015.06.30 23:22:53.928,0.93547,0.93567,1.00,1.00
2015.06.30 23:23:01.245,0.93548,0.93567,1.00,1.00
2015.06.30 23:23:01.398,0.93548,0.93572,1.00,1.50
2015.06.30 23:23:01.449,0.93551,0.93574,1.00,1.12
2015.06.30 23:23:02.059,0.93551,0.93575,1.00,1.12
2015.06.30 23:23:02.601,0.93551,0.93576,1.00,1.87
2015.06.30 23:23:02.906,0.9353,0.93548,1.00,3.45
2015.06.30 23:23:03.415,0.9353,0.93549,1.00,5.32
2015.06.30 23:23:03.842,0.93528,0.93549,1.00,2.10
2015.06.30 23:23:03.953,0.93528,0.93551,1.00,1.00
2015.06.30 23:23:04.004,0.93528,0.93549,1.00,2.10
2015.06.30 23:23:04.565,0.93528,0.93548,1.00,2.10
2015.06.30 23:23:04.768,0.93528,0.93551,1.00,1.00
2015.06.30 23:23:04.870,0.93528,0.93548,1.00,2.10
2015.06.30 23:23:06.162,0.93528,0.93549,1.00,4.95
2015.06.30 23:23:07.424,0.93527,0.93548,1.00,2.85
2015.06.30 23:23:08.029,0.93526,0.93548,1.00,2.85
2015.06.30 23:23:08.398,0.93526,0.93537,1.00,1.00
2015.06.30 23:23:08.993,0.93525,0.93537,1.00,1.00
2015.06.30 23:23:09.653,0.93526,0.93537,1.00,1.00
2015.06.30 23:23:10.934,0.93527,0.93537,1.00,1.00
2015.06.30 23:23:13.136,0.93528,0.93537,1.00,1.00
2015.06.30 23:23:16.561,0.93527,0.93537,1.00,1.00
2015.06.30 23:23:17.247,0.93527,0.93548,1.00,3.60
2015.06.30 23:23:17.298,0.93527,0.93548,1.00,1.00
2015.06.30 23:23:17.349,0.93527,0.93555,1.00,1.37
2015.06.30 23:23:17.859,0.93529,0.93556,1.00,1.00
2015.06.30 23:23:18.174,0.9353,0.93558,1.00,1.00
2015.06.30 23:23:18.277,0.93521,0.93559,1.37,1.00
2015.06.30 23:23:18.583,0.93524,0.9356,1.12,1.00
2015.06.30 23:23:18.685,0.93527,0.93565,2.25,1.00
2015.06.30 23:23:18.787,0.93527,0.93576,1.87,1.00
2015.06.30 23:23:19.094,0.93529,0.93577,1.87,1.50
2015.06.30 23:23:19.778,0.93537,0.93575,1.37,1.00
2015.06.30 23:23:20.510,0.93541,0.93583,1.00,1.00
2015.06.30 23:23:20.663,0.93543,0.93584,1.00,1.12
2015.06.30 23:23:20.968,0.93546,0.93584,1.00,1.00
2015.06.30 23:23:21.274,0.93548,0.93584,1.00,1.00
2015.06.30 23:23:21.782,0.93549,0.93583,1.00,1.00
2015.06.30 23:23:22.343,0.9355,0.93583,1.00,1.00
2015.06.30 23:23:22.852,0.93549,0.93582,1.00,1.00
2015.06.30 23:23:23.370,0.93548,0.93581,1.00,1.00
2015.06.30 23:23:24.171,0.93546,0.93581,1.00,1.00
2015.06.30 23:23:24.374,0.93547,0.93579,1.00,1.00
2015.06.30 23:23:25.018,0.93546,0.93579,1.00,1.00
2015.06.30 23:23:26.018,0.93546,0.93578,1.00,1.00
2015.06.30 23:23:27.680,0.93547,0.93578,1.00,1.00
2015.06.30 23:23:29.119,0.93547,0.93579,1.00,1.00
2015.06.30 23:23:29.628,0.93547,0.9358,1.00,1.50
2015.06.30 23:23:30.130,0.93548,0.9358,1.00,1.50
2015.06.30 23:23:31.436,0.93547,0.93579,1.00,1.00
2015.06.30 23:23:31.958,0.93546,0.93579,1.00,1.00
2015.06.30 23:23:32.625,0.93547,0.93579,1.00,1.00
2015.06.30 23:23:32.896,0.93545,0.93579,1.00,1.00
2015.06.30 23:23:33.117,0.93544,0.93568,1.00,1.11
2015.06.30 23:23:33.320,0.93544,0.93571,1.00,1.00
2015.06.30 23:23:33.829,0.93545,0.93571,1.00,1.00
2015.06.30 23:23:34.336,0.93545,0.9357,1.00,1.00
2015.06.30 23:23:34.922,0.93546,0.9357,1.00,1.00
2015.06.30 23:23:35.734,0.93545,0.9357,1.00,1.00
2015.06.30 23:23:36.242,0.93545,0.93569,1.00,1.00
2015.06.30 23:23:38.604,0.93544,0.93569,1.00,1.00
2015.06.30 23:23:43.613,0.93543,0.93568,1.12,1.00
2015.06.30 23:23:44.156,0.93543,0.93569,1.12,1.00
2015.06.30 23:23:44.618,0.9354,0.93566,1.75,1.00
2015.06.30 23:23:44.823,0.93531,0.93563,1.12,1.00
2015.06.30 23:23:45.028,0.93525,0.93561,1.37,1.00
2015.06.30 23:23:45.577,0.93523,0.9356,1.75,1.00
2015.06.30 23:23:46.086,0.93522,0.93561,1.75,1.00
2015.06.30 23:23:46.838,0.93522,0.9356,1.75,1.00
2015.06.30 23:23:47.247,0.93521,0.93562,2.25,1.00
2015.06.30 23:23:47.562,0.93521,0.93562,2.25,1.00
2015.06.30 23:23:48.225,0.93523,0.93561,1.37,1.00
2015.06.30 23:23:48.753,0.93522,0.9356,1.37,1.00
2015.06.30 23:23:51.213,0.93522,0.9356,1.37,1.00
2015.06.30 23:23:51.966,0.9352,0.93556,1.37,1.00
2015.06.30 23:23:52.541,0.9352,0.93557,1.37,1.00
2015.06.30 23:23:53.884,0.9352,0.93556,1.37,1.00
2015.06.30 23:23:54.547,0.9352,0.93554,1.37,1.00
2015.06.30 23:23:54.649,0.9352,0.93555,1.37,1.00
2015.06.30 23:23:55.160,0.9352,0.93554,1.12,1.00
2015.06.30 23:23:56.090,0.9352,0.93556,1.12,1.00
2015.06.30 23:23:57.064,0.9352,0.93555,1.12,1.00
2015.06.30 23:23:57.597,0.93519,0.93554,1.50,1.00
2015.06.30 23:24:04.407,0.93521,0.93553,1.00,1.00
2015.06.30 23:24:04.509,0.93529,0.93553,2.25,1.00
2015.06.30 23:24:05.041,0.93529,0.93552,2.25,1.00
2015.06.30 23:24:06.703,0.93529,0.93553,2.25,1.00
2015.06.30 23:24:06.856,0.93527,0.93553,2.25,1.00
2015.06.30 23:24:07.436,0.93527,0.93554,2.25,1.00
2015.06.30 23:24:07.964,0.93527,0.93553,2.25,1.00
2015.06.30 23:24:08.465,0.93527,0.93554,2.25,1.00
2015.06.30 23:24:09.069,0.93527,0.93555,2.25,1.00
2015.06.30 23:24:09.786,0.93527,0.93555,2.25,1.00
2015.06.30 23:24:12.796,0.93526,0.93557,2.25,1.00
2015.06.30 23:24:13.787,0.93526,0.93556,2.25,1.00
2015.06.30 23:24:14.913,0.93526,0.93555,2.25,1.00
2015.06.30 23:24:15.172,0.93528,0.93555,2.25,1.00
2015.06.30 23:24:15.716,0.93528,0.93554,2.25,1.00
2015.06.30 23:24:22.014,0.93529,0.93555,2.25,1.00
2015.06.30 23:24:22.345,0.93529,0.93553,2.25,1.00
2015.06.30 23:24:22.652,0.93529,0.93555,2.25,1.00
2015.06.30 23:24:23.115,0.93529,0.93553,2.25,1.00
2015.06.30 23:24:24.012,0.93529,0.93552,2.25,1.00
2015.06.30 23:24:24.432,0.93529,0.93554,2.25,1.00
2015.06.30 23:24:24.851,0.93521,0.93554,1.12,1.00
2015.06.30 23:24:25.418,0.93521,0.93555,1.12,1.00
2015.06.30 23:24:26.016,0.93521,0.93554,1.12,1.00
2015.06.30 23:24:26.852,0.93521,0.93555,1.12,1.00
2015.06.30 23:24:27.323,0.93521,0.93557,1.87,1.00
2015.06.30 23:24:27.933,0.93523,0.93557,2.25,1.00
2015.06.30 23:24:28.623,0.93523,0.93555,2.25,1.00
2015.06.30 23:24:30.913,0.93526,0.93555,2.25,1.00
2015.06.30 23:24:31.424,0.93526,0.93556,2.25,1.00
2015.06.30 23:24:32.578,0.93526,0.93555,2.25,1.00
2015.06.30 23:24:33.120,0.93526,0.93554,2.25,1.00
2015.06.30 23:24:36.291,0.93522,0.93557,2.25,1.00
2015.06.30 23:24:36.858,0.93522,0.93558,2.25,1.00
2015.06.30 23:24:37.388,0.93522,0.93557,2.25,1.00
2015.06.30 23:24:38.058,0.93522,0.93556,2.62,1.00
2015.06.30 23:24:38.590,0.93522,0.93557,2.62,1.00
2015.06.30 23:24:38.998,0.93522,0.93555,2.62,1.00
2015.06.30 23:24:39.499,0.93523,0.93557,2.25,1.00
2015.06.30 23:24:40.046,0.93523,0.93556,2.25,1.00
2015.06.30 23:24:40.553,0.93523,0.93557,2.25,1.00
2015.06.30 23:24:41.458,0.93523,0.93556,2.25,1.00
2015.06.30 23:24:42.360,0.93523,0.93557,2.25,1.00
2015.06.30 23:24:44.966,0.93523,0.93558,2.25,1.00
2015.06.30 23:24:45.272,0.93534,0.93558,2.25,1.00
2015.06.30 23:24:46.673,0.93534,0.93557,2.25,1.00
2015.06.30 23:24:46.979,0.93534,0.93553,2.25,1.00
2015.06.30 23:24:47.511,0.93534,0.93552,2.25,1.00
2015.06.30 23:24:47.819,0.93534,0.93554,2.25,1.00
2015.06.30 23:24:49.085,0.93536,0.93553,2.25,1.00
2015.06.30 23:24:49.293,0.93536,0.93556,2.25,1.00
2015.06.30 23:24:49.498,0.93536,0.9356,2.25,1.00
2015.06.30 23:24:49.601,0.93536,0.93562,2.25,1.00
2015.06.30 23:24:50.161,0.93536,0.93561,2.25,1.00
2015.06.30 23:24:50.728,0.93536,0.93562,2.25,1.00
2015.06.30 23:24:51.196,0.93544,0.93563,1.00,1.00
2015.06.30 23:24:52.401,0.93544,0.93564,1.00,1.00
2015.06.30 23:24:52.951,0.93544,0.93563,1.00,1.00
2015.06.30 23:24:54.535,0.93544,0.93562,1.00,1.00
2015.06.30 23:24:55.894,0.93544,0.93563,1.00,1.00
2015.06.30 23:24:59.242,0.93544,0.93564,1.00,1.00
2015.06.30 23:25:00.332,0.93544,0.93563,1.00,1.00
2015.06.30 23:25:01.027,0.93544,0.93562,1.00,1.00
2015.06.30 23:25:01.532,0.93544,0.93563,1.00,1.00
2015.06.30 23:25:01.930,0.93544,0.93561,1.00,1.00
2015.06.30 23:25:02.449,0.93544,0.93562,1.00,1.00
2015.06.30 23:25:02.942,0.93544,0.9356,1.00,1.00
2015.06.30 23:25:03.444,0.93544,0.93561,1.00,1.00
2015.06.30 23:25:03.959,0.93544,0.93562,1.00,1.00
2015.06.30 23:25:04.494,0.93544,0.93561,1.00,1.00
2015.06.30 23:25:04.997,0.93544,0.9356,1.00,1.00
2015.06.30 23:25:05.597,0.93544,0.93561,1.00,1.00
2015.06.30 23:25:06.109,0.93544,0.93562,1.00,1.00
2015.06.30 23:25:06.423,0.93544,0.9356,1.00,1.00
2015.06.30 23:25:09.693,0.93544,0.9356,2.25,1.00
2015.06.30 23:25:09.744,0.93544,0.93565,2.25,1.00
2015.06.30 23:25:09.847,0.93544,0.93568,2.25,1.00
2015.06.30 23:25:09.951,0.93544,0.93572,2.25,1.00
2015.06.30 23:25:10.480,0.93544,0.93573,2.25,1.00
2015.06.30 23:25:11.163,0.93545,0.93572,1.50,1.00
2015.06.30 23:25:11.703,0.93546,0.93573,1.37,1.00
2015.06.30 23:25:11.957,0.93547,0.93571,1.37,1.00
2015.06.30 23:25:12.474,0.93544,0.9357,2.25,1.00
2015.06.30 23:25:13.025,0.93544,0.93571,2.25,1.00
2015.06.30 23:25:13.564,0.93544,0.9357,2.25,1.00
2015.06.30 23:25:22.139,0.93544,0.93569,2.25,1.00
2015.06.30 23:25:22.645,0.93544,0.9357,2.25,1.00
2015.06.30 23:25:25.299,0.93544,0.93571,2.25,1.00
2015.06.30 23:25:26.401,0.93544,0.9357,3.00,1.00
2015.06.30 23:25:27.567,0.93544,0.93571,3.00,1.00
2015.06.30 23:25:28.206,0.93544,0.9357,3.00,1.00
2015.06.30 23:25:30.266,0.93543,0.9357,1.75,1.00
2015.06.30 23:25:30.570,0.93542,0.93565,2.25,1.00
2015.06.30 23:25:31.114,0.93542,0.93564,2.25,1.00
2015.06.30 23:25:31.624,0.93542,0.93563,2.25,1.00
2015.06.30 23:25:32.180,0.93532,0.93563,1.75,1.00
2015.06.30 23:25:33.421,0.93532,0.93562,1.75,1.00
2015.06.30 23:25:33.908,0.93531,0.93564,1.75,1.00
2015.06.30 23:25:34.739,0.93531,0.93563,1.75,1.00
2015.06.30 23:25:36.215,0.93531,0.93562,1.75,1.00
2015.06.30 23:25:37.142,0.9353,0.93563,1.75,1.00
2015.06.30 23:25:41.916,0.9353,0.93562,3.00,1.00
2015.06.30 23:25:42.727,0.93532,0.93563,1.75,1.00
2015.06.30 23:25:42.830,0.93532,0.93565,1.75,1.00
2015.06.30 23:25:43.438,0.93532,0.93563,1.75,1.00
2015.06.30 23:25:47.267,0.93533,0.93565,1.50,1.00
2015.06.30 23:25:48.250,0.93532,0.93564,1.75,1.00
2015.06.30 23:25:49.763,0.93533,0.93565,1.50,1.00
2015.06.30 23:25:51.833,0.93532,0.93564,1.75,1.00
2015.06.30 23:25:52.854,0.93532,0.93566,1.75,1.00
2015.06.30 23:25:53.828,0.93532,0.93565,1.75,1.00
2015.06.30 23:25:55.831,0.93532,0.93564,1.75,1.00
2015.06.30 23:25:56.373,0.93532,0.93565,1.75,1.00
2015.06.30 23:25:56.836,0.93532,0.93563,1.75,1.00
2015.06.30 23:25:58.569,0.93532,0.93564,1.75,1.00
2015.06.30 23:25:59.183,0.93532,0.93563,1.75,1.00
2015.06.30 23:26:00.094,0.93532,0.93564,1.75,1.00
2015.06.30 23:26:03.093,0.93532,0.93563,1.75,1.00
2015.06.30 23:26:03.686,0.93532,0.93564,1.75,1.00
2015.06.30 23:26:04.487,0.93532,0.93563,1.75,1.00
2015.06.30 23:26:05.504,0.93532,0.93565,1.75,1.00
2015.06.30 23:26:05.688,0.93532,0.93562,1.75,1.00
2015.06.30 23:26:05.893,0.93532,0.93564,1.75,1.00
2015.06.30 23:26:12.586,0.93532,0.93563,2.25,1.00
2015.06.30 23:26:14.585,0.93532,0.9356,2.25,1.00
2015.06.30 23:26:16.620,0.93531,0.93559,1.12,1.00
2015.06.30 23:26:17.595,0.93531,0.9356,1.12,1.00
2015.06.30 23:26:19.516,0.93531,0.93561,1.12,1.00
2015.06.30 23:26:19.620,0.93534,0.93566,1.37,1.00
2015.06.30 23:26:21.305,0.93534,0.93565,1.37,1.00
2015.06.30 23:26:22.453,0.93533,0.93566,1.50,1.00
2015.06.30 23:26:23.431,0.93533,0.93565,1.50,1.00
2015.06.30 23:26:27.884,0.93531,0.9356,1.12,1.00
2015.06.30 23:26:28.561,0.9353,0.93559,2.25,1.00
2015.06.30 23:26:29.164,0.9353,0.9356,2.25,1.00
2015.06.30 23:26:30.255,0.9353,0.93556,2.25,1.00
2015.06.30 23:26:30.356,0.9353,0.93558,2.25,1.00
2015.06.30 23:26:30.971,0.9353,0.93557,2.25,1.00
2015.06.30 23:26:31.855,0.9353,0.93558,2.25,1.00
2015.06.30 23:26:32.159,0.9353,0.93556,2.25,1.00
2015.06.30 23:26:32.473,0.9353,0.93554,2.25,1.00
2015.06.30 23:26:34.080,0.9353,0.93553,2.25,1.00
2015.06.30 23:26:37.466,0.93529,0.93552,2.25,1.00
2015.06.30 23:26:38.490,0.93529,0.93551,2.25,1.00
2015.06.30 23:26:39.058,0.93529,0.93552,2.25,1.00
2015.06.30 23:26:39.658,0.93529,0.93551,2.25,1.00
2015.06.30 23:26:40.180,0.93529,0.93552,2.25,1.00
2015.06.30 23:26:40.676,0.93529,0.9355,2.25,1.00
2015.06.30 23:26:41.202,0.93529,0.93551,2.25,1.00
2015.06.30 23:26:41.304,0.93528,0.93551,1.12,1.00
2015.06.30 23:26:41.814,0.93528,0.9355,1.12,1.00
2015.06.30 23:26:42.350,0.93528,0.93549,1.12,1.00
2015.06.30 23:26:44.060,0.93528,0.93548,1.12,1.00
2015.06.30 23:26:44.606,0.93528,0.93548,1.12,1.00
2015.06.30 23:26:46.867,0.93528,0.93547,1.12,1.00
2015.06.30 23:26:47.414,0.93528,0.93548,1.12,1.00
2015.06.30 23:26:48.671,0.93528,0.93549,1.12,1.00
2015.06.30 23:26:49.193,0.93528,0.9355,1.12,1.00
2015.06.30 23:26:49.988,0.93528,0.93549,1.12,1.00
2015.06.30 23:26:50.344,0.93528,0.93549,2.62,1.00
2015.06.30 23:26:50.845,0.93528,0.9355,2.62,1.00
2015.06.30 23:26:56.200,0.93528,0.93549,2.62,1.00
2015.06.30 23:26:56.730,0.93528,0.9355,2.62,1.00
2015.06.30 23:26:59.724,0.93529,0.9355,2.25,1.00
2015.06.30 23:27:12.828,0.93529,0.93552,2.25,1.00
2015.06.30 23:27:12.929,0.93529,0.9355,2.25,1.00
2015.06.30 23:27:13.730,0.93529,0.93551,2.25,1.00
2015.06.30 23:27:15.638,0.93529,0.9355,2.25,1.00
2015.06.30 23:27:20.050,0.93529,0.93551,2.25,1.00
2015.06.30 23:27:20.601,0.93529,0.93552,2.25,1.00
2015.06.30 23:27:21.131,0.93529,0.93551,2.25,1.00
2015.06.30 23:27:21.659,0.93529,0.9355,2.25,1.00
2015.06.30 23:27:23.369,0.93518,0.93552,2.25,1.00
2015.06.30 23:27:23.471,0.93519,0.93551,1.12,1.00
2015.06.30 23:27:23.573,0.93515,0.9355,1.12,1.00
2015.06.30 23:27:24.080,0.93513,0.93549,1.75,1.00
2015.06.30 23:27:24.625,0.93513,0.9355,1.75,1.00
2015.06.30 23:27:25.190,0.93514,0.93549,1.12,1.00
2015.06.30 23:27:25.692,0.93514,0.93548,1.87,1.00
2015.06.30 23:27:28.197,0.93514,0.93547,1.12,1.00
2015.06.30 23:27:28.756,0.93514,0.93548,1.12,1.00
2015.06.30 23:27:31.777,0.93514,0.93547,1.12,1.00
2015.06.30 23:27:32.277,0.93514,0.93549,1.12,1.00
2015.06.30 23:27:33.271,0.93514,0.93548,1.12,1.00
2015.06.30 23:27:33.873,0.93514,0.93549,1.12,1.00
2015.06.30 23:27:34.419,0.93514,0.93547,1.12,1.00
2015.06.30 23:27:35.092,0.93514,0.9355,1.12,1.00
2015.06.30 23:27:35.144,0.93514,0.9355,1.12,1.00
2015.06.30 23:27:35.502,0.93516,0.93552,1.87,1.00
2015.06.30 23:27:35.706,0.93518,0.93554,1.50,1.00
2015.06.30 23:27:36.215,0.93522,0.93555,1.37,1.00
2015.06.30 23:27:36.398,0.93525,0.93554,1.00,1.00
2015.06.30 23:27:37.031,0.93527,0.93553,1.00,1.00
2015.06.30 23:27:37.568,0.93528,0.93553,1.00,1.00
2015.06.30 23:27:38.299,0.93528,0.93554,1.12,1.00
2015.06.30 23:27:38.815,0.93528,0.93552,1.12,1.00
2015.06.30 23:27:39.340,0.93526,0.93553,1.37,1.00
2015.06.30 23:27:41.095,0.93529,0.93554,1.00,1.00
2015.06.30 23:27:41.604,0.93529,0.93555,1.00,1.00
2015.06.30 23:27:41.910,0.93529,0.93553,1.00,1.00
2015.06.30 23:27:42.606,0.93528,0.93554,1.12,1.00
2015.06.30 23:27:43.199,0.93528,0.93552,1.12,1.00
2015.06.30 23:27:43.618,0.93526,0.93554,1.37,1.00
2015.06.30 23:27:44.120,0.93528,0.93555,1.12,1.00
2015.06.30 23:27:44.605,0.93524,0.93557,1.12,1.00
2015.06.30 23:27:44.706,0.93524,0.93559,1.12,1.00
2015.06.30 23:27:45.032,0.9352,0.93559,1.50,1.00
2015.06.30 23:27:46.338,0.93521,0.93558,1.37,1.00
2015.06.30 23:27:47.715,0.9352,0.93559,1.50,1.00
2015.06.30 23:27:48.520,0.9352,0.93557,2.25,1.00
2015.06.30 23:27:49.067,0.93519,0.93558,1.75,1.00
2015.06.30 23:27:52.228,0.93519,0.93557,2.25,1.00
2015.06.30 23:27:52.638,0.93519,0.93555,1.75,1.00
2015.06.30 23:27:52.967,0.93517,0.93552,1.75,1.00
2015.06.30 23:27:53.419,0.93517,0.93553,1.37,1.00
2015.06.30 23:27:54.760,0.93515,0.93551,1.37,1.00
2015.06.30 23:27:55.721,0.93515,0.93551,1.37,1.00
2015.06.30 23:27:56.651,0.93515,0.93552,1.37,1.00
2015.06.30 23:27:57.056,0.93515,0.93554,1.37,1.00
2015.06.30 23:27:57.279,0.93515,0.93552,1.37,1.00
2015.06.30 23:27:58.320,0.93515,0.93552,1.37,1.00
2015.06.30 23:27:59.455,0.93514,0.93551,1.87,1.00
2015.06.30 23:27:59.964,0.93514,0.93552,2.25,1.00
2015.06.30 23:28:00.500,0.93515,0.93553,1.37,1.00
2015.06.30 23:28:01.016,0.93515,0.93552,1.87,1.00
2015.06.30 23:28:01.444,0.93515,0.93553,1.37,1.00
2015.06.30 23:28:01.545,0.93515,0.93552,1.37,1.00
2015.06.30 23:28:02.061,0.93517,0.93553,1.37,1.00
2015.06.30 23:28:02.578,0.93515,0.93554,1.37,1.00
2015.06.30 23:28:03.219,0.93516,0.93553,1.37,1.00
2015.06.30 23:28:03.766,0.93516,0.93554,1.37,1.00
2015.06.30 23:28:04.530,0.93516,0.93554,1.37,1.00
2015.06.30 23:28:05.053,0.93516,0.93553,1.37,1.00
2015.06.30 23:28:05.555,0.93515,0.93554,2.25,1.00
2015.06.30 23:28:06.193,0.93515,0.93553,2.25,1.00
2015.06.30 23:28:07.896,0.93515,0.93554,2.25,1.00
2015.06.30 23:28:10.007,0.93516,0.93553,1.37,1.00
2015.06.30 23:28:10.160,0.93516,0.93554,1.37,1.00
2015.06.30 23:28:10.262,0.93517,0.93555,1.37,1.00
2015.06.30 23:28:10.809,0.93517,0.93553,1.37,1.00
2015.06.30 23:28:11.767,0.93517,0.93553,1.37,1.00
2015.06.30 23:28:12.298,0.93517,0.93554,1.37,1.00
2015.06.30 23:28:12.946,0.93516,0.93554,1.37,1.00
2015.06.30 23:28:13.453,0.93517,0.93555,1.37,1.00
2015.06.30 23:28:13.971,0.93517,0.93554,1.87,1.00
2015.06.30 23:28:14.771,0.93517,0.93554,1.00,1.00
2015.06.30 23:28:15.127,0.93515,0.93552,1.37,1.00
2015.06.30 23:28:15.431,0.93511,0.93545,1.00,1.75
2015.06.30 23:28:15.585,0.93509,0.93545,1.00,1.75
2015.06.30 23:28:15.686,0.93506,0.93545,1.00,1.75
2015.06.30 23:28:16.052,0.93505,0.93543,1.00,1.00
2015.06.30 23:28:16.564,0.93504,0.93542,1.00,1.00
2015.06.30 23:28:17.201,0.93505,0.93542,1.00,1.00
2015.06.30 23:28:17.712,0.93504,0.93543,1.00,1.00
2015.06.30 23:28:18.433,0.93505,0.93543,1.00,1.00
2015.06.30 23:28:18.970,0.93504,0.93542,1.00,1.00
2015.06.30 23:28:19.500,0.93503,0.93542,1.00,1.00
2015.06.30 23:28:20.207,0.93504,0.93542,1.00,1.00
2015.06.30 23:28:21.824,0.93502,0.93542,1.00,1.00
2015.06.30 23:28:22.337,0.93503,0.93541,1.00,1.00
2015.06.30 23:28:22.389,0.93505,0.93541,1.00,1.00
2015.06.30 23:28:22.491,0.93503,0.93541,1.00,1.00
2015.06.30 23:28:23.000,0.93502,0.9354,1.00,1.00
2015.06.30 23:28:23.534,0.93501,0.9354,1.00,1.00
2015.06.30 23:28:23.840,0.93501,0.93542,1.00,1.00
2015.06.30 23:28:24.350,0.93502,0.93541,1.00,1.00
2015.06.30 23:28:24.866,0.93502,0.9354,1.00,1.00
2015.06.30 23:28:25.154,0.93499,0.93538,1.50,1.00
2015.06.30 23:28:25.671,0.93498,0.93537,1.00,1.00
2015.06.30 23:28:26.218,0.93497,0.93536,1.00,1.00
2015.06.30 23:28:26.743,0.93496,0.93536,1.00,1.00
2015.06.30 23:28:27.346,0.93496,0.93535,1.00,1.00
2015.06.30 23:28:27.931,0.93495,0.93535,1.00,1.00
2015.06.30 23:28:28.299,0.93494,0.93533,1.00,1.00
2015.06.30 23:28:28.350,0.93492,0.93532,2.25,1.00
2015.06.30 23:28:28.401,0.93492,0.93532,2.25,1.75
2015.06.30 23:28:28.709,0.9349,0.93532,1.50,1.75
2015.06.30 23:28:29.230,0.93491,0.93532,1.12,1.75
2015.06.30 23:28:29.535,0.93491,0.93532,1.37,1.75
2015.06.30 23:28:30.053,0.93492,0.93534,1.37,1.75
2015.06.30 23:28:30.580,0.93492,0.93532,1.37,1.75
2015.06.30 23:28:30.835,0.93492,0.93532,1.12,1.75
2015.06.30 23:28:31.363,0.93493,0.93533,1.00,1.75
2015.06.30 23:28:32.007,0.93493,0.93534,1.37,1.75
2015.06.30 23:28:33.518,0.93493,0.93533,1.37,1.75
2015.06.30 23:28:35.491,0.93501,0.93537,1.00,1.75
2015.06.30 23:28:35.593,0.93497,0.93535,1.00,1.75
2015.06.30 23:28:35.695,0.935,0.93535,1.00,1.75
2015.06.30 23:28:35.914,0.93496,0.93535,1.50,1.75
2015.06.30 23:28:36.169,0.93499,0.93535,1.00,1.75
2015.06.30 23:28:36.526,0.935,0.93537,1.00,1.75
2015.06.30 23:28:36.729,0.935,0.93539,1.00,1.75
2015.06.30 23:28:37.206,0.93502,0.93537,1.00,1.75
2015.06.30 23:28:37.308,0.935,0.93537,1.00,1.75
2015.06.30 23:28:37.816,0.93498,0.93537,1.00,1.75
2015.06.30 23:28:38.224,0.93496,0.93536,1.00,1.75
2015.06.30 23:28:39.028,0.93497,0.93537,1.00,2.25
2015.06.30 23:28:39.398,0.93495,0.93537,1.00,2.25
2015.06.30 23:28:40.930,0.93497,0.93537,1.00,1.75
2015.06.30 23:28:41.337,0.93499,0.93537,1.00,1.75
2015.06.30 23:28:41.781,0.93501,0.93537,1.00,1.75
2015.06.30 23:28:42.930,0.93502,0.93537,1.00,1.75
2015.06.30 23:28:43.440,0.93502,0.93537,1.00,1.75
2015.06.30 23:28:43.647,0.93501,0.9354,1.00,1.00
2015.06.30 23:28:43.749,0.93503,0.93549,1.00,1.00
2015.06.30 23:28:43.851,0.93503,0.93552,1.00,1.00
2015.06.30 23:28:43.955,0.93505,0.93552,1.00,1.00
2015.06.30 23:28:44.311,0.93507,0.93553,1.00,1.00
2015.06.30 23:28:44.741,0.93509,0.93552,1.00,1.00
2015.06.30 23:28:45.249,0.9351,0.93552,1.00,1.00
2015.06.30 23:28:45.621,0.93512,0.93553,1.00,1.00
2015.06.30 23:28:47.051,0.93513,0.93553,1.00,1.00
2015.06.30 23:28:47.941,0.93513,0.93554,1.00,1.00
2015.06.30 23:28:48.556,0.93512,0.93555,1.00,1.00
2015.06.30 23:28:49.065,0.93513,0.93554,1.00,1.00
2015.06.30 23:28:49.623,0.93514,0.93554,1.00,1.00
2015.06.30 23:28:49.928,0.93513,0.93556,1.00,1.00
2015.06.30 23:28:50.477,0.93513,0.93555,1.00,1.00
2015.06.30 23:28:51.020,0.93513,0.93554,1.00,1.00
2015.06.30 23:28:51.239,0.93511,0.93555,1.00,1.00
2015.06.30 23:28:52.251,0.93514,0.93554,1.00,1.00
2015.06.30 23:28:54.137,0.93513,0.93554,1.00,1.00
2015.06.30 23:28:55.346,0.93509,0.93549,1.00,1.00
2015.06.30 23:28:55.448,0.93508,0.93551,1.00,1.00
2015.06.30 23:28:56.061,0.93509,0.93549,1.00,1.00
2015.06.30 23:28:56.860,0.93504,0.93544,1.37,1.00
2015.06.30 23:28:57.003,0.93504,0.93544,1.00,1.00
2015.06.30 23:28:57.562,0.93503,0.93543,1.00,1.00
2015.06.30 23:29:00.537,0.93502,0.93545,1.50,1.00
2015.06.30 23:29:01.082,0.93503,0.93544,1.00,1.00
2015.06.30 23:29:01.629,0.93504,0.93544,1.00,1.00
2015.06.30 23:29:03.058,0.93504,0.93546,1.00,1.00
2015.06.30 23:29:03.160,0.93505,0.93562,1.00,1.00
2015.06.30 23:29:05.225,0.93505,0.93561,1.00,1.00
2015.06.30 23:29:07.250,0.93504,0.93561,1.00,1.00
2015.06.30 23:29:07.352,0.93503,0.93559,1.50,1.00
2015.06.30 23:29:08.166,0.93502,0.9356,1.50,1.00
2015.06.30 23:29:10.005,0.93503,0.93558,1.00,1.00
2015.06.30 23:29:11.025,0.93501,0.93558,1.50,1.00
2015.06.30 23:29:11.553,0.93502,0.93558,1.00,1.00
2015.06.30 23:29:12.061,0.93501,0.93558,1.50,1.00
2015.06.30 23:29:12.214,0.93503,0.93558,1.00,1.00
2015.06.30 23:29:12.774,0.93502,0.93558,1.00,1.00
2015.06.30 23:29:13.289,0.93501,0.93558,1.50,1.00
2015.06.30 23:29:13.829,0.93502,0.93559,1.50,1.00
2015.06.30 23:29:14.878,0.93503,0.93559,1.00,1.00
2015.06.30 23:29:15.555,0.93502,0.93559,1.00,1.00
2015.06.30 23:29:16.095,0.93503,0.93558,1.00,1.00
2015.06.30 23:29:17.081,0.93502,0.93558,1.00,1.00
2015.06.30 23:29:17.606,0.93503,0.93556,1.00,1.00
2015.06.30 23:29:18.215,0.93502,0.93556,1.50,1.00
2015.06.30 23:29:20.594,0.93503,0.93556,1.00,1.00
2015.06.30 23:29:24.837,0.93503,0.93555,1.00,1.00
2015.06.30 23:29:25.643,0.93502,0.93555,1.50,1.00
2015.06.30 23:29:26.175,0.93503,0.93555,1.00,1.00
2015.06.30 23:29:26.951,0.93502,0.93554,1.50,1.00
2015.06.30 23:29:29.153,0.93503,0.93554,1.00,1.00
2015.06.30 23:29:30.256,0.93502,0.93554,1.50,1.00
2015.06.30 23:29:30.808,0.93502,0.93553,1.50,1.00
2015.06.30 23:29:35.509,0.93502,0.93554,1.00,1.00
2015.06.30 23:29:37.168,0.93503,0.93554,1.00,1.00
2015.06.30 23:29:37.719,0.93504,0.93554,1.00,1.00
2015.06.30 23:29:40.468,0.93503,0.93554,1.00,1.00
2015.06.30 23:29:43.593,0.93502,0.93554,1.50,1.00
2015.06.30 23:29:46.200,0.93504,0.93554,1.00,1.00
2015.06.30 23:29:52.904,0.93504,0.93555,1.00,1.00
2015.06.30 23:29:55.545,0.93504,0.93553,1.00,1.00
2015.06.30 23:29:57.195,0.93503,0.93553,1.00,1.00
2015.06.30 23:29:57.784,0.93504,0.93553,1.00,1.00
2015.06.30 23:30:00.534,0.93509,0.93553,1.00,1.00
2015.06.30 23:30:01.298,0.93508,0.93553,1.00,1.00
2015.06.30 23:30:02.031,0.93509,0.93553,1.00,1.00
2015.06.30 23:30:03.251,0.93508,0.93553,1.00,1.00
2015.06.30 23:30:04.268,0.93509,0.93553,1.00,1.00
2015.06.30 23:30:04.459,0.93508,0.93555,1.00,1.00
2015.06.30 23:30:06.335,0.93507,0.93555,1.00,1.50
2015.06.30 23:30:06.994,0.93508,0.93555,1.00,1.00
2015.06.30 23:30:07.801,0.93506,0.93555,1.00,1.00
2015.06.30 23:30:08.199,0.93508,0.93555,1.00,1.00
2015.06.30 23:30:08.860,0.93507,0.93555,1.00,1.50
2015.06.30 23:30:10.760,0.93507,0.93556,1.00,1.00
2015.06.30 23:30:11.400,0.93507,0.93555,1.00,1.00
2015.06.30 23:30:11.711,0.93509,0.93556,1.00,1.00
2015.06.30 23:30:12.602,0.93508,0.93556,1.00,1.50
2015.06.30 23:30:13.145,0.93507,0.93555,1.00,1.00
2015.06.30 23:30:14.165,0.93507,0.93554,1.00,1.00
2015.06.30 23:30:15.020,0.93508,0.93554,1.00,1.00
2015.06.30 23:30:15.561,0.93507,0.93554,1.00,1.00
2015.06.30 23:30:16.226,0.93507,0.93555,1.00,1.50
2015.06.30 23:30:17.812,0.93508,0.93555,1.00,1.00
2015.06.30 23:30:18.194,0.93508,0.93553,1.00,1.00
2015.06.30 23:30:18.982,0.93506,0.93553,1.00,1.00
2015.06.30 23:30:19.497,0.93507,0.93553,1.00,1.00
2015.06.30 23:30:20.018,0.93506,0.93553,1.00,1.00
2015.06.30 23:30:20.529,0.93508,0.93553,1.00,1.00
2015.06.30 23:30:20.961,0.93506,0.93553,1.00,1.00
2015.06.30 23:30:21.456,0.93507,0.93555,1.00,1.50
2015.06.30 23:30:22.391,0.93506,0.93554,1.00,1.00
2015.06.30 23:30:22.940,0.93506,0.93555,1.00,1.00
2015.06.30 23:30:23.484,0.93507,0.93554,1.00,1.00
2015.06.30 23:30:24.025,0.93508,0.93554,1.00,1.00
2015.06.30 23:30:24.560,0.93507,0.93554,1.00,1.00
2015.06.30 23:30:26.397,0.93506,0.93554,1.00,1.50
2015.06.30 23:30:26.714,0.93504,0.9355,1.00,1.00
2015.06.30 23:30:27.022,0.93506,0.93552,1.00,1.00
2015.06.30 23:30:27.327,0.93511,0.93554,1.00,1.00
2015.06.30 23:30:27.633,0.93514,0.93554,1.00,1.00
2015.06.30 23:30:27.684,0.93513,0.93558,1.00,1.00
2015.06.30 23:30:28.195,0.93513,0.93559,1.00,1.00
2015.06.30 23:30:28.700,0.93513,0.93558,1.00,1.00
2015.06.30 23:30:29.313,0.93511,0.93558,1.00,1.50
2015.06.30 23:30:29.364,0.93513,0.93558,1.00,1.00
2015.06.30 23:30:30.326,0.93513,0.93557,1.00,1.00
2015.06.30 23:30:30.748,0.93511,0.93557,1.00,1.00
2015.06.30 23:30:31.953,0.93511,0.93558,1.00,1.00
2015.06.30 23:30:32.438,0.93509,0.93558,1.00,1.00
2015.06.30 23:30:32.540,0.93511,0.93559,1.00,1.50
2015.06.30 23:30:32.845,0.93514,0.93559,1.00,1.00
2015.06.30 23:30:33.153,0.93516,0.93559,1.00,1.00
2015.06.30 23:30:33.409,0.93514,0.93559,1.00,1.00
2015.06.30 23:30:34.511,0.93513,0.9356,1.00,1.00
2015.06.30 23:30:35.115,0.93514,0.9356,1.00,1.00
2015.06.30 23:30:36.917,0.93513,0.9356,1.00,1.00
2015.06.30 23:30:37.419,0.93514,0.9356,1.00,1.00
2015.06.30 23:30:39.250,0.93513,0.9356,1.00,1.00
2015.06.30 23:30:40.546,0.93515,0.9356,1.00,1.00
2015.06.30 23:30:40.801,0.9351,0.9356,1.12,1.00
2015.06.30 23:30:41.001,0.9351,0.93562,1.12,1.00
2015.06.30 23:30:41.153,0.93512,0.93562,1.00,1.00
2015.06.30 23:30:41.460,0.93514,0.93563,1.37,1.00
2015.06.30 23:30:41.511,0.93514,0.93565,1.37,1.00
2015.06.30 23:30:41.664,0.93515,0.93568,1.87,1.00
2015.06.30 23:30:41.716,0.93515,0.93568,1.87,1.00
2015.06.30 23:30:41.994,0.93517,0.9357,1.12,1.00
2015.06.30 23:30:42.045,0.93517,0.9357,1.75,1.00
2015.06.30 23:30:42.904,0.93519,0.9357,1.00,1.00
2015.06.30 23:30:43.432,0.9352,0.9357,1.12,1.00
2015.06.30 23:30:44.132,0.93521,0.9357,1.00,1.00
2015.06.30 23:30:46.845,0.93522,0.9357,1.00,1.00
2015.06.30 23:30:47.372,0.93521,0.9357,1.00,1.00
2015.06.30 23:30:47.712,0.93525,0.9357,1.00,1.00
2015.06.30 23:30:47.815,0.93523,0.9357,1.00,1.00
2015.06.30 23:30:50.266,0.93522,0.9357,1.00,1.00
2015.06.30 23:30:50.919,0.93523,0.9357,1.00,1.00
2015.06.30 23:30:51.429,0.93524,0.93571,1.00,1.00
2015.06.30 23:30:51.481,0.93519,0.93571,1.37,1.00
2015.06.30 23:30:52.300,0.93521,0.93571,1.00,1.00
2015.06.30 23:30:54.535,0.93521,0.9357,1.00,1.00
2015.06.30 23:30:56.620,0.9352,0.9357,1.12,1.00
2015.06.30 23:30:57.724,0.93522,0.9357,1.00,1.00
2015.06.30 23:31:04.533,0.93522,0.93571,1.00,1.00
2015.06.30 23:31:08.009,0.93521,0.93571,1.00,1.00
2015.06.30 23:31:09.118,0.93519,0.93571,1.37,1.00
2015.06.30 23:31:09.458,0.9352,0.93569,1.00,1.00
2015.06.30 23:31:09.968,0.93519,0.93568,1.00,1.00
2015.06.30 23:31:10.512,0.9352,0.93568,1.00,1.00
2015.06.30 23:31:10.813,0.9352,0.93566,1.00,1.00
2015.06.30 23:31:11.692,0.93519,0.93566,1.00,1.00
2015.06.30 23:31:14.768,0.9352,0.93566,1.00,1.00
2015.06.30 23:31:15.073,0.93519,0.93568,1.00,1.00
2015.06.30 23:31:15.580,0.9352,0.9357,1.00,1.00
2015.06.30 23:31:15.840,0.9352,0.93573,1.00,1.00
2015.06.30 23:31:16.196,0.93523,0.93573,1.00,1.00
2015.06.30 23:31:16.531,0.93522,0.9357,1.00,1.00
2015.06.30 23:31:16.634,0.9352,0.93569,1.50,1.00
2015.06.30 23:31:16.735,0.93522,0.93571,1.00,1.00
2015.06.30 23:31:17.279,0.93522,0.93572,1.00,1.00
2015.06.30 23:31:17.802,0.93521,0.93571,1.00,1.00
2015.06.30 23:31:18.418,0.93522,0.93571,1.00,1.00
2015.06.30 23:31:19.182,0.93521,0.93571,1.00,1.00
2015.06.30 23:31:19.601,0.93521,0.93569,1.50,1.00
2015.06.30 23:31:19.805,0.93521,0.93571,1.00,1.00
2015.06.30 23:31:20.161,0.93522,0.93573,1.00,1.00
2015.06.30 23:31:20.949,0.93521,0.93573,1.00,1.00
2015.06.30 23:31:21.549,0.93521,0.9357,1.00,1.00
2015.06.30 23:31:22.068,0.9352,0.9357,1.50,1.00
2015.06.30 23:31:22.352,0.93522,0.93573,1.00,1.00
2015.06.30 23:31:22.869,0.93521,0.93573,1.00,1.00
2015.06.30 23:31:23.548,0.93522,0.93573,1.00,1.00
2015.06.30 23:31:24.106,0.93521,0.93573,1.50,1.00
2015.06.30 23:31:24.458,0.93523,0.93573,1.00,1.00
2015.06.30 23:31:24.995,0.93522,0.93573,1.87,1.00
2015.06.30 23:31:25.527,0.93523,0.93573,1.00,1.00
2015.06.30 23:31:26.030,0.93522,0.93573,1.87,1.00
2015.06.30 23:31:26.082,0.93523,0.93576,1.00,1.00
2015.06.30 23:31:26.387,0.93521,0.93576,1.12,1.00
2015.06.30 23:31:28.592,0.93521,0.93574,1.12,1.00
2015.06.30 23:31:29.068,0.93523,0.93574,1.00,1.00
2015.06.30 23:31:29.666,0.93522,0.93574,1.50,1.00
2015.06.30 23:31:30.192,0.93524,0.93574,1.00,1.00
2015.06.30 23:31:31.996,0.93521,0.93574,1.12,1.00
2015.06.30 23:31:32.507,0.93523,0.93574,1.37,1.00
2015.06.30 23:31:32.812,0.93522,0.93573,1.00,1.00
2015.06.30 23:31:33.325,0.93522,0.93572,1.50,1.00
2015.06.30 23:31:33.869,0.93522,0.93573,1.50,1.00
2015.06.30 23:31:34.877,0.93522,0.93576,1.50,1.00
2015.06.30 23:31:35.080,0.93522,0.93574,1.87,1.00
2015.06.30 23:31:35.611,0.93523,0.93574,1.00,1.00
2015.06.30 23:31:38.834,0.93524,0.93574,1.00,1.00
2015.06.30 23:31:39.343,0.93524,0.93574,1.37,1.00
2015.06.30 23:31:40.581,0.93524,0.93575,1.37,1.00
2015.06.30 23:31:42.475,0.93523,0.93575,1.00,1.00
2015.06.30 23:31:42.984,0.93522,0.93575,1.87,1.00
2015.06.30 23:31:43.238,0.93521,0.93573,1.37,1.00
2015.06.30 23:31:44.541,0.93521,0.93574,1.37,1.00
2015.06.30 23:31:44.695,0.9352,0.93573,1.87,1.00
2015.06.30 23:31:45.857,0.93521,0.93574,1.00,1.00
2015.06.30 23:31:47.509,0.93521,0.93574,1.37,1.00
2015.06.30 23:31:48.809,0.93521,0.93574,1.00,1.00
2015.06.30 23:31:48.962,0.93519,0.93572,1.00,1.00
2015.06.30 23:31:49.592,0.9352,0.93572,1.00,1.00
2015.06.30 23:31:50.966,0.93521,0.93572,1.00,1.00
2015.06.30 23:31:51.478,0.93521,0.93571,1.00,1.00
2015.06.30 23:31:53.386,0.93521,0.93574,1.50,1.00
2015.06.30 23:31:53.863,0.93523,0.93574,1.00,1.00
2015.06.30 23:31:54.372,0.93523,0.93575,1.50,1.00
2015.06.30 23:31:54.903,0.93523,0.93575,1.87,1.00
2015.06.30 23:31:55.247,0.93524,0.93577,1.87,1.00
2015.06.30 23:32:00.840,0.93525,0.93576,1.00,1.00
2015.06.30 23:32:00.891,0.93523,0.93576,1.00,1.00
2015.06.30 23:32:05.732,0.93524,0.93576,1.00,1.00
2015.06.30 23:32:06.511,0.93523,0.93576,1.12,1.00
2015.06.30 23:32:07.031,0.93523,0.93575,1.00,1.00
2015.06.30 23:32:07.285,0.93521,0.93574,1.50,1.00
2015.06.30 23:32:08.114,0.93523,0.93574,1.00,1.00
2015.06.30 23:32:08.920,0.93524,0.93574,1.00,1.00
2015.06.30 23:32:09.467,0.93523,0.93575,1.00,1.00
2015.06.30 23:32:09.990,0.93523,0.93573,1.00,1.00
2015.06.30 23:32:12.522,0.93523,0.93574,1.50,1.00
2015.06.30 23:32:14.059,0.93524,0.93574,1.00,1.00
2015.06.30 23:32:14.668,0.93523,0.93574,1.50,1.00
2015.06.30 23:32:20.310,0.93523,0.93573,1.00,1.00
2015.06.30 23:32:21.677,0.93522,0.93573,1.50,1.00
2015.06.30 23:32:22.569,0.93523,0.93573,1.00,1.00
2015.06.30 23:32:26.046,0.93523,0.93574,1.00,1.00
2015.06.30 23:32:30.323,0.93523,0.93575,1.50,1.00
2015.06.30 23:32:31.217,0.93523,0.93573,1.50,1.00
2015.06.30 23:32:32.224,0.93524,0.93573,1.00,1.00
2015.06.30 23:32:32.808,0.93523,0.93573,1.00,1.00
2015.06.30 23:32:33.401,0.93524,0.93573,1.00,1.00
2015.06.30 23:32:33.910,0.93524,0.93574,1.00,1.00
2015.06.30 23:32:34.600,0.93523,0.93574,1.50,1.00
2015.06.30 23:32:35.122,0.93522,0.93575,1.00,1.00
2015.06.30 23:32:35.639,0.93523,0.93575,1.00,1.00
2015.06.30 23:32:41.150,0.93522,0.93575,1.00,1.00
2015.06.30 23:32:41.551,0.93523,0.93573,1.00,1.00
2015.06.30 23:32:42.066,0.93523,0.93574,1.00,1.00
2015.06.30 23:32:43.339,0.93524,0.93574,1.00,1.00
2015.06.30 23:32:44.293,0.93524,0.93575,1.00,1.00
2015.06.30 23:32:44.747,0.93522,0.93575,1.00,1.00
2015.06.30 23:32:45.265,0.93521,0.93575,1.00,1.00
2015.06.30 23:32:45.659,0.93523,0.93575,1.00,1.00
2015.06.30 23:32:46.226,0.93522,0.93575,1.50,1.00
2015.06.30 23:32:46.899,0.93524,0.93575,1.00,1.00
2015.06.30 23:33:00.175,0.93523,0.93575,1.00,1.00
2015.06.30 23:33:00.226,0.93523,0.93577,1.00,1.00
2015.06.30 23:33:04.276,0.93521,0.93577,2.25,1.00
2015.06.30 23:33:04.429,0.93521,0.93574,1.00,1.00
2015.06.30 23:33:04.582,0.93519,0.93573,1.00,1.00
2015.06.30 23:33:08.719,0.93518,0.93572,1.00,1.00
2015.06.30 23:33:08.922,0.93517,0.9357,1.00,1.00
2015.06.30 23:33:09.461,0.93516,0.9357,1.00,1.00
2015.06.30 23:33:11.989,0.93515,0.93569,1.00,1.00
2015.06.30 23:33:15.519,0.93514,0.93568,1.00,1.00
2015.06.30 23:33:31.536,0.93515,0.93568,1.00,1.00
2015.06.30 23:33:32.045,0.93515,0.93569,1.00,1.00
2015.06.30 23:33:37.091,0.93514,0.93568,1.50,1.00
2015.06.30 23:33:40.254,0.93515,0.93569,1.00,1.00
2015.06.30 23:33:40.559,0.93524,0.93578,1.00,1.00
2015.06.30 23:33:42.826,0.93525,0.93579,1.00,1.00
2015.06.30 23:33:50.959,0.93525,0.9358,1.00,1.00
2015.06.30 23:33:51.477,0.93525,0.93579,1.00,1.00
2015.06.30 23:33:55.765,0.93526,0.9358,1.00,1.50
2015.06.30 23:34:01.483,0.93525,0.93579,1.00,1.00
2015.06.30 23:34:03.820,0.93524,0.93578,1.00,1.00
2015.06.30 23:34:13.506,0.93524,0.9358,1.00,1.00
2015.06.30 23:34:15.589,0.93525,0.93579,1.00,1.00
2015.06.30 23:34:18.675,0.93525,0.93581,1.00,1.00
2015.06.30 23:34:20.407,0.93525,0.93579,1.00,1.00
2015.06.30 23:34:20.744,0.93525,0.93581,1.00,1.00
2015.06.30 23:34:21.849,0.93525,0.93579,1.00,1.00
2015.06.30 23:34:22.150,0.93527,0.93581,1.00,1.00
2015.06.30 23:34:42.952,0.93526,0.93582,1.00,1.00
2015.06.30 23:34:46.913,0.93528,0.93582,1.00,1.00
2015.06.30 23:34:51.245,0.93527,0.93581,1.00,1.00
2015.06.30 23:34:51.565,0.93529,0.93583,1.00,1.00
2015.06.30 23:34:55.728,0.93527,0.93581,1.00,1.00
2015.06.30 23:34:58.242,0.93528,0.93582,1.00,1.00
2015.06.30 23:35:00.918,0.93527,0.93581,1.00,1.00
2015.06.30 23:35:05.503,0.93528,0.93582,1.00,1.00
2015.06.30 23:35:10.685,0.93527,0.93581,1.00,1.00
2015.06.30 23:35:13.905,0.93527,0.93583,1.00,1.50
2015.06.30 23:35:15.868,0.93528,0.93582,1.00,1.00
2015.06.30 23:35:19.056,0.93527,0.93581,1.00,1.00
2015.06.30 23:35:22.155,0.93526,0.9358,1.00,1.12
2015.06.30 23:35:22.681,0.93526,0.93579,1.00,1.00
2015.06.30 23:35:23.333,0.93524,0.93578,1.00,1.00
2015.06.30 23:35:23.767,0.93522,0.93576,1.00,1.00
2015.06.30 23:35:28.396,0.93521,0.93575,1.00,1.00
2015.06.30 23:35:28.701,0.9352,0.93573,1.00,1.37
2015.06.30 23:35:29.700,0.9352,0.93573,1.00,1.37
2015.06.30 23:35:30.035,0.93544,0.93578,1.00,1.75
2015.06.30 23:35:30.342,0.93551,0.93575,1.00,1.75
2015.06.30 23:35:30.851,0.9355,0.93575,1.00,1.75
2015.06.30 23:35:38.208,0.9355,0.93574,1.00,1.75
2015.06.30 23:35:38.310,0.93536,0.93575,1.66,1.75
2015.06.30 23:35:38.412,0.93524,0.93571,1.37,1.75
2015.06.30 23:35:38.515,0.93517,0.93575,1.00,1.00
2015.06.30 23:35:38.784,0.93516,0.93573,1.00,1.00
2015.06.30 23:35:38.937,0.93514,0.93572,1.00,1.00
2015.06.30 23:35:39.449,0.93515,0.93571,1.00,1.00
2015.06.30 23:35:39.954,0.93514,0.93571,1.00,1.37
2015.06.30 23:35:49.604,0.93511,0.93571,1.00,1.37
2015.06.30 23:35:51.585,0.9351,0.93571,1.00,1.37
2015.06.30 23:35:51.765,0.93514,0.93571,1.00,1.37
2015.06.30 23:36:11.454,0.93512,0.9357,1.00,1.12
2015.06.30 23:36:13.545,0.93516,0.9357,1.00,1.12
2015.06.30 23:36:14.190,0.93515,0.9357,1.00,1.12
2015.06.30 23:36:17.516,0.93513,0.9357,1.00,1.12
2015.06.30 23:36:17.744,0.93516,0.9357,1.00,1.12
2015.06.30 23:36:19.048,0.93515,0.9357,1.00,1.12
2015.06.30 23:36:33.062,0.93515,0.93569,1.00,1.00
2015.06.30 23:36:41.494,0.93516,0.93569,1.00,1.00
2015.06.30 23:36:55.550,0.93516,0.9357,1.00,1.12
2015.06.30 23:36:57.561,0.93515,0.9357,1.50,1.12
2015.06.30 23:37:06.109,0.93515,0.93569,1.50,1.00
2015.06.30 23:37:15.520,0.93516,0.9357,1.00,1.87
2015.06.30 23:37:55.342,0.93515,0.93569,1.50,1.00
2015.06.30 23:38:00.378,0.93515,0.93554,1.50,1.00
2015.06.30 23:38:00.682,0.93516,0.93551,1.00,1.75
2015.06.30 23:38:00.990,0.93514,0.93551,1.00,1.75
2015.06.30 23:38:01.498,0.93515,0.93552,1.00,1.75
2015.06.30 23:38:01.815,0.93514,0.93549,1.00,1.75
2015.06.30 23:38:01.867,0.93514,0.93549,1.00,1.37
2015.06.30 23:38:03.402,0.93514,0.9355,1.00,1.75
2015.06.30 23:38:03.453,0.93511,0.9355,1.00,1.75
2015.06.30 23:38:03.505,0.93511,0.9355,1.00,1.75
2015.06.30 23:38:03.556,0.93511,0.9355,1.00,1.00
2015.06.30 23:38:03.658,0.93513,0.9355,1.00,1.50
2015.06.30 23:38:03.776,0.93514,0.93556,1.00,1.00
2015.06.30 23:38:03.827,0.93514,0.93558,1.00,1.12
2015.06.30 23:38:04.361,0.93513,0.93558,1.00,1.12
2015.06.30 23:38:07.075,0.93514,0.93558,1.00,1.00
2015.06.30 23:38:07.757,0.93513,0.93558,1.00,1.00
2015.06.30 23:38:14.382,0.93514,0.93558,1.00,1.00
2015.06.30 23:38:17.842,0.93514,0.93559,1.00,1.00
2015.06.30 23:38:25.371,0.93513,0.93559,1.00,1.00
2015.06.30 23:38:25.829,0.93516,0.9356,1.00,1.00
2015.06.30 23:38:26.456,0.93516,0.93559,1.00,1.00
2015.06.30 23:38:26.507,0.93513,0.93559,1.00,1.00
2015.06.30 23:38:26.681,0.93516,0.93559,1.00,1.00
2015.06.30 23:38:27.206,0.93516,0.9356,1.00,1.00
2015.06.30 23:38:27.257,0.93512,0.93559,1.00,1.00
2015.06.30 23:38:33.325,0.93513,0.93559,1.00,1.00
2015.06.30 23:38:34.341,0.93512,0.93559,1.00,1.00
2015.06.30 23:38:35.549,0.93512,0.9356,1.00,1.00
2015.06.30 23:38:38.415,0.9351,0.93555,1.00,1.00
2015.06.30 23:38:38.468,0.93513,0.93566,1.00,1.00
2015.06.30 23:38:38.983,0.93513,0.93567,1.00,1.50
2015.06.30 23:38:40.724,0.93514,0.93567,1.00,1.00
2015.06.30 23:38:43.678,0.93515,0.93569,1.00,1.37
2015.06.30 23:38:44.206,0.93516,0.9357,1.00,1.37
2015.06.30 23:38:44.644,0.93514,0.93568,1.00,1.12
2015.06.30 23:38:45.615,0.93515,0.93569,1.00,1.37
2015.06.30 23:38:48.791,0.93515,0.93571,1.00,1.37
2015.06.30 23:38:49.401,0.93516,0.9357,1.00,1.37
2015.06.30 23:38:51.663,0.93515,0.93571,1.00,1.37
2015.06.30 23:38:53.517,0.93515,0.93571,1.00,1.87
2015.06.30 23:38:54.026,0.93516,0.9357,1.00,1.87
2015.06.30 23:38:57.620,0.93517,0.9357,1.00,1.12
2015.06.30 23:38:59.695,0.93518,0.9357,1.00,1.12
2015.06.30 23:39:01.709,0.93517,0.93571,1.00,1.37
2015.06.30 23:39:02.932,0.93517,0.93571,1.00,1.12
2015.06.30 23:39:03.441,0.93516,0.93572,1.00,1.87
2015.06.30 23:39:09.068,0.93518,0.93572,1.00,1.87
2015.06.30 23:39:09.573,0.93518,0.93572,1.00,1.12
2015.06.30 23:39:11.389,0.93519,0.93573,1.00,1.37
2015.06.30 23:39:12.589,0.93519,0.93573,1.50,1.00
2015.06.30 23:39:12.908,0.93521,0.93573,1.00,1.37
2015.06.30 23:39:13.216,0.93519,0.93573,1.00,1.37
2015.06.30 23:39:13.865,0.93519,0.93573,1.00,1.00
2015.06.30 23:39:14.069,0.93519,0.93573,1.37,1.37
2015.06.30 23:39:15.916,0.9352,0.93564,1.12,1.00
2015.06.30 23:39:16.274,0.93516,0.9356,1.37,1.18
2015.06.30 23:39:18.180,0.93515,0.9356,1.37,1.18
2015.06.30 23:39:18.781,0.93513,0.9356,1.75,1.47
2015.06.30 23:39:19.329,0.93515,0.93561,1.37,1.30
2015.06.30 23:39:19.381,0.93514,0.93561,1.75,1.67
2015.06.30 23:39:19.912,0.93515,0.9356,1.75,1.69
2015.06.30 23:39:21.190,0.93515,0.9356,1.50,1.69
2015.06.30 23:39:24.700,0.93513,0.9356,1.00,2.16
2015.06.30 23:39:25.007,0.93514,0.93559,1.37,1.15
2015.06.30 23:39:25.401,0.93514,0.93559,1.00,1.15
2015.06.30 23:39:25.750,0.93512,0.93559,1.00,1.15
2015.06.30 23:39:26.270,0.93513,0.93561,1.00,2.38
2015.06.30 23:39:27.119,0.93511,0.93559,1.00,1.90
2015.06.30 23:39:27.627,0.9351,0.93558,1.00,1.65
2015.06.30 23:39:28.174,0.93512,0.93558,1.00,1.65
2015.06.30 23:39:28.529,0.93511,0.93542,1.00,1.50
2015.06.30 23:39:28.834,0.93511,0.93539,1.00,1.12
2015.06.30 23:39:28.936,0.93511,0.93542,1.00,1.87
2015.06.30 23:39:29.448,0.93512,0.93542,1.00,1.12
2015.06.30 23:39:29.855,0.93512,0.93539,1.00,1.12
2015.06.30 23:39:30.161,0.9351,0.93539,1.00,1.12
2015.06.30 23:39:30.686,0.9351,0.93539,1.00,1.12
2015.06.30 23:39:31.258,0.9351,0.93539,1.00,1.12
2015.06.30 23:39:32.037,0.9351,0.93539,1.00,1.12
2015.06.30 23:39:33.266,0.93511,0.93539,1.00,1.12
2015.06.30 23:39:33.571,0.93514,0.93539,1.00,1.12
2015.06.30 23:39:33.724,0.93514,0.93539,1.00,1.12
2015.06.30 23:39:34.251,0.93515,0.93539,1.00,1.37
2015.06.30 23:39:34.556,0.93516,0.93541,1.00,1.12
2015.06.30 23:39:34.658,0.93516,0.93545,1.00,2.62
2015.06.30 23:39:35.187,0.93517,0.93545,1.00,2.62
2015.06.30 23:39:35.706,0.93518,0.93539,1.00,1.00
2015.06.30 23:39:36.367,0.93518,0.93543,1.00,1.12
2015.06.30 23:39:36.482,0.93516,0.93547,1.00,2.62
2015.06.30 23:39:36.533,0.9351,0.93547,1.50,2.62
2015.06.30 23:39:36.686,0.93521,0.93547,1.00,2.25
2015.06.30 23:39:36.788,0.93514,0.93547,1.00,2.25
2015.06.30 23:39:36.890,0.93515,0.9356,1.00,1.27
2015.06.30 23:39:37.460,0.93513,0.9356,1.00,1.21
2015.06.30 23:39:37.971,0.93514,0.9356,1.00,2.79
2015.06.30 23:39:39.186,0.93512,0.93558,1.00,1.65
2015.06.30 23:39:40.835,0.93511,0.93558,1.00,2.02
2015.06.30 23:39:42.039,0.93512,0.93558,1.00,1.90
2015.06.30 23:39:42.142,0.93506,0.93558,1.12,1.90
2015.06.30 23:39:42.988,0.93505,0.93558,2.62,2.02
2015.06.30 23:39:43.498,0.93506,0.93558,1.37,1.90
2015.06.30 23:39:46.855,0.93506,0.93558,1.87,1.52
2015.06.30 23:39:51.289,0.93514,0.93558,1.00,1.52
2015.06.30 23:39:51.804,0.93513,0.93559,1.12,1.52
2015.06.30 23:39:52.344,0.93514,0.93559,1.00,1.52
2015.06.30 23:39:52.993,0.93514,0.93563,1.37,1.67
2015.06.30 23:39:54.850,0.93514,0.93563,1.37,1.81
2015.06.30 23:39:55.948,0.93513,0.93563,1.37,1.82
2015.06.30 23:39:56.503,0.93513,0.93563,1.37,1.67
2015.06.30 23:39:57.124,0.93513,0.9356,1.37,1.21
2015.06.30 23:40:00.086,0.93513,0.93562,1.37,1.69
2015.06.30 23:40:00.512,0.93512,0.9356,1.00,1.15
2015.06.30 23:40:00.770,0.93514,0.9356,1.00,1.15
2015.06.30 23:40:01.281,0.93514,0.93562,1.37,1.69
2015.06.30 23:40:01.752,0.93517,0.93563,1.66,3.31
2015.06.30 23:40:03.679,0.93513,0.93563,1.37,1.96
2015.06.30 23:40:05.953,0.93513,0.93563,1.50,1.96
2015.06.30 23:40:14.827,0.93514,0.93561,1.37,1.88
2015.06.30 23:40:15.458,0.93515,0.93562,1.12,1.70
2015.06.30 23:40:15.611,0.93517,0.93562,1.00,1.70
2015.06.30 23:40:16.160,0.93514,0.93562,1.37,1.87
2015.06.30 23:40:18.040,0.93517,0.93563,1.37,1.96
2015.06.30 23:40:19.366,0.93515,0.93563,1.75,1.05
2015.06.30 23:40:19.887,0.93522,0.93562,1.66,1.05
2015.06.30 23:40:31.866,0.93519,0.93561,2.04,1.05
2015.06.30 23:40:55.168,0.93519,0.9356,1.66,1.27
2015.06.30 23:40:55.219,0.93524,0.9355,1.00,2.25
2015.06.30 23:40:55.551,0.93522,0.93547,1.00,1.75
2015.06.30 23:40:56.061,0.93523,0.93547,1.00,1.12
2015.06.30 23:40:56.569,0.93523,0.93547,1.00,1.12
2015.06.30 23:40:57.072,0.93524,0.93545,1.00,1.00
2015.06.30 23:40:57.179,0.93522,0.93545,1.50,1.00
2015.06.30 23:40:57.712,0.93522,0.93547,1.00,1.12
2015.06.30 23:40:58.277,0.93521,0.93547,1.00,1.12
2015.06.30 23:40:59.322,0.93522,0.93547,1.00,1.12
2015.06.30 23:41:00.168,0.93522,0.93547,1.00,1.12
2015.06.30 23:41:00.680,0.93523,0.93547,1.00,1.12
2015.06.30 23:41:01.192,0.93523,0.93547,1.00,1.75
2015.06.30 23:41:01.723,0.93523,0.93547,1.00,1.12
2015.06.30 23:41:02.268,0.93523,0.93547,1.00,1.75
2015.06.30 23:41:02.791,0.93524,0.93547,1.00,1.12
2015.06.30 23:41:04.200,0.93525,0.93547,1.00,1.12
2015.06.30 23:41:04.739,0.93524,0.93547,1.00,1.75
2015.06.30 23:41:05.243,0.93524,0.93546,1.00,1.12
2015.06.30 23:41:05.769,0.93523,0.93546,1.00,1.12
2015.06.30 23:41:06.628,0.93524,0.93546,1.00,1.12
2015.06.30 23:41:07.181,0.93523,0.93546,1.00,1.12
2015.06.30 23:41:07.712,0.93524,0.93546,1.00,1.12
2015.06.30 23:41:08.644,0.93525,0.93546,1.00,1.12
2015.06.30 23:41:09.174,0.93525,0.93546,1.00,1.12
2015.06.30 23:41:10.617,0.93523,0.93546,1.00,1.12
2015.06.30 23:41:11.619,0.93524,0.93546,1.00,1.12
2015.06.30 23:41:16.437,0.93521,0.93546,1.00,1.12
2015.06.30 23:41:16.742,0.93519,0.93546,1.00,1.12
2015.06.30 23:41:17.261,0.93519,0.93546,1.00,1.12
2015.06.30 23:41:19.078,0.9352,0.93548,1.00,2.25
2015.06.30 23:41:29.250,0.9352,0.93546,1.00,1.12
2015.06.30 23:41:29.352,0.9352,0.93545,1.00,1.37
2015.06.30 23:41:29.879,0.93519,0.93545,1.50,1.37
2015.06.30 23:41:30.105,0.93517,0.93545,1.50,1.37
2015.06.30 23:41:30.156,0.93517,0.93545,1.50,1.12
2015.06.30 23:41:31.784,0.93516,0.93545,1.50,1.87
2015.06.30 23:41:31.886,0.93516,0.93545,1.00,1.87
2015.06.30 23:41:32.867,0.93517,0.93541,1.00,1.37
2015.06.30 23:41:32.919,0.93517,0.93541,1.00,1.37
2015.06.30 23:41:33.505,0.93517,0.93541,1.00,1.37
2015.06.30 23:41:34.025,0.93518,0.93541,1.00,1.37
2015.06.30 23:41:34.553,0.93518,0.93541,1.00,1.37
2015.06.30 23:41:35.065,0.93518,0.93541,1.00,1.37
2015.06.30 23:41:35.593,0.93519,0.93545,1.00,1.37
2015.06.30 23:41:37.928,0.9352,0.93545,1.50,1.37
2015.06.30 23:41:38.483,0.93518,0.93545,1.50,1.37
2015.06.30 23:41:39.623,0.93519,0.93545,1.00,1.12
2015.06.30 23:41:40.144,0.93519,0.93545,1.00,1.37
2015.06.30 23:41:42.191,0.93519,0.93545,1.00,1.12
2015.06.30 23:41:42.943,0.9352,0.93545,1.00,1.12
2015.06.30 23:41:43.444,0.9352,0.93545,1.00,1.37
2015.06.30 23:41:49.134,0.93518,0.93545,1.00,1.37
2015.06.30 23:41:49.541,0.93518,0.93545,1.00,1.12
2015.06.30 23:41:49.846,0.93518,0.93545,1.00,1.75
2015.06.30 23:41:50.049,0.93515,0.93544,1.50,1.75
2015.06.30 23:41:51.531,0.93515,0.93544,1.00,1.75
2015.06.30 23:41:52.848,0.93514,0.93541,1.00,1.75
2015.06.30 23:41:53.837,0.93515,0.93541,1.00,1.75
2015.06.30 23:41:54.961,0.93516,0.93541,1.00,1.75
2015.06.30 23:41:56.458,0.93515,0.93541,1.00,1.75
2015.06.30 23:41:57.073,0.93515,0.93541,1.00,1.75
2015.06.30 23:41:57.616,0.93516,0.93541,1.50,1.75
2015.06.30 23:41:59.060,0.93515,0.93541,1.50,1.75
2015.06.30 23:41:59.660,0.93513,0.93541,1.00,1.75
2015.06.30 23:41:59.762,0.93511,0.9354,1.00,1.75
2015.06.30 23:41:59.864,0.93512,0.9354,1.00,1.37
2015.06.30 23:41:59.916,0.9351,0.9354,1.00,1.37
2015.06.30 23:41:59.967,0.9351,0.93539,1.00,1.37
2015.06.30 23:42:00.561,0.93506,0.93537,1.00,1.37
2015.06.30 23:42:00.818,0.93509,0.93537,1.00,1.37
2015.06.30 23:42:01.188,0.93508,0.93535,1.00,1.75
2015.06.30 23:42:01.391,0.93506,0.93534,1.00,1.50
2015.06.30 23:42:01.913,0.93505,0.93535,1.00,1.75
2015.06.30 23:42:02.393,0.93503,0.93532,1.00,1.37
2015.06.30 23:42:02.495,0.93504,0.93531,1.00,1.75
2015.06.30 23:42:02.751,0.93495,0.93528,1.00,1.75
2015.06.30 23:42:02.803,0.93495,0.93526,1.00,1.37
2015.06.30 23:42:02.905,0.93483,0.93524,1.00,1.37
2015.06.30 23:42:03.888,0.93484,0.93526,1.00,1.75
2015.06.30 23:42:03.991,0.93483,0.93526,1.00,2.25
2015.06.30 23:42:04.195,0.93485,0.93526,1.00,2.25
2015.06.30 23:42:05.290,0.93486,0.93525,1.00,1.75
2015.06.30 23:42:05.612,0.93483,0.93524,1.00,1.75
2015.06.30 23:42:06.121,0.93484,0.93524,1.00,1.75
2015.06.30 23:42:09.507,0.93484,0.93524,1.00,1.75
2015.06.30 23:42:11.257,0.93485,0.93526,1.00,3.00
2015.06.30 23:42:11.804,0.93495,0.93526,1.00,1.75
2015.06.30 23:42:12.109,0.93496,0.93526,1.00,1.75
2015.06.30 23:42:12.629,0.93497,0.9353,1.00,1.75
2015.06.30 23:42:12.886,0.93489,0.9353,1.00,1.75
2015.06.30 23:42:12.989,0.93502,0.9353,1.00,1.75
2015.06.30 23:42:13.245,0.93503,0.93529,1.00,1.75
2015.06.30 23:42:13.628,0.93503,0.93534,1.00,2.25
2015.06.30 23:42:13.731,0.93503,0.93534,1.00,2.25
2015.06.30 23:42:14.240,0.93504,0.93534,1.00,1.75
2015.06.30 23:42:14.640,0.93501,0.93533,1.00,1.75
2015.06.30 23:42:14.873,0.93493,0.93533,1.00,1.75
2015.06.30 23:42:15.157,0.93491,0.93532,1.00,1.75
2015.06.30 23:42:15.743,0.93491,0.93531,1.00,1.75
2015.06.30 23:42:16.049,0.935,0.93532,1.00,1.75
2015.06.30 23:42:16.393,0.93503,0.93533,1.00,2.25
2015.06.30 23:42:17.058,0.93499,0.93531,1.00,1.75
2015.06.30 23:42:17.169,0.93493,0.93531,1.00,1.75
2015.06.30 23:42:17.221,0.93491,0.93531,1.00,1.75
2015.06.30 23:42:17.534,0.93499,0.93531,1.00,1.75
2015.06.30 23:42:17.840,0.93491,0.93531,1.00,1.75
2015.06.30 23:42:18.044,0.93491,0.93532,1.00,1.75
2015.06.30 23:42:18.146,0.93492,0.93533,1.00,1.75
2015.06.30 23:42:18.299,0.93503,0.93537,1.00,1.75
2015.06.30 23:42:18.833,0.93502,0.93537,1.00,1.75
2015.06.30 23:42:19.142,0.93505,0.93537,1.00,1.75
2015.06.30 23:42:19.398,0.93495,0.93535,1.00,2.25
2015.06.30 23:42:19.449,0.93493,0.93533,1.00,1.75
2015.06.30 23:42:19.501,0.93503,0.93533,1.00,1.75
2015.06.30 23:42:19.988,0.93504,0.93536,1.00,1.75
2015.06.30 23:42:20.039,0.93506,0.93537,1.00,2.25
2015.06.30 23:42:20.141,0.93502,0.93536,1.00,1.75
2015.06.30 23:42:20.193,0.93502,0.93536,1.00,1.75
2015.06.30 23:42:20.788,0.93503,0.93535,1.00,1.75
2015.06.30 23:42:21.297,0.93502,0.93536,1.00,1.75
2015.06.30 23:42:21.848,0.93502,0.93534,1.00,1.75
2015.06.30 23:42:22.198,0.93501,0.93534,1.00,1.75
2015.06.30 23:42:22.590,0.93501,0.93534,1.00,1.75
2015.06.30 23:42:25.110,0.93505,0.93536,1.00,2.25
2015.06.30 23:42:25.785,0.93506,0.93534,1.00,1.75
2015.06.30 23:42:25.897,0.93501,0.93535,1.00,1.75
2015.06.30 23:42:26.801,0.93501,0.93534,1.00,1.75
2015.06.30 23:42:26.998,0.93499,0.93534,1.00,1.75
2015.06.30 23:42:27.320,0.93496,0.93534,1.00,1.75
2015.06.30 23:42:27.422,0.93498,0.93534,1.00,1.75
2015.06.30 23:42:27.931,0.93497,0.93536,1.00,2.25
2015.06.30 23:42:28.228,0.93497,0.93536,1.00,1.75
2015.06.30 23:42:28.636,0.93499,0.93537,1.00,1.75
2015.06.30 23:42:29.332,0.93499,0.93537,1.00,1.75
2015.06.30 23:42:29.536,0.93498,0.93536,1.00,2.25
2015.06.30 23:42:29.816,0.93503,0.93536,1.00,2.25
2015.06.30 23:42:30.142,0.93506,0.93536,1.00,1.75
2015.06.30 23:42:30.244,0.93506,0.93535,1.00,1.37
2015.06.30 23:42:32.015,0.93509,0.93535,1.00,1.75
2015.06.30 23:42:32.119,0.93509,0.93535,1.00,1.00
2015.06.30 23:42:32.222,0.93509,0.93539,1.00,1.50
2015.06.30 23:42:32.761,0.93508,0.93539,1.00,1.50
2015.06.30 23:42:32.813,0.93502,0.93538,1.00,1.37
2015.06.30 23:42:32.864,0.93499,0.93538,1.00,1.37
2015.06.30 23:42:33.916,0.93498,0.93537,1.00,1.75
2015.06.30 23:42:34.221,0.93511,0.93539,1.00,1.12
2015.06.30 23:42:34.437,0.93508,0.93539,1.00,1.87
2015.06.30 23:42:34.948,0.93509,0.93539,1.00,1.87
2015.06.30 23:42:35.121,0.93509,0.93539,1.00,1.12
2015.06.30 23:42:35.637,0.9351,0.93539,1.00,1.12
2015.06.30 23:42:35.842,0.93508,0.93539,1.00,1.87
2015.06.30 23:42:35.893,0.935,0.93539,1.00,1.87
2015.06.30 23:42:36.325,0.93502,0.93539,1.00,1.87
2015.06.30 23:42:36.529,0.93501,0.93538,1.00,1.37
2015.06.30 23:42:38.422,0.93501,0.93539,1.00,1.87
2015.06.30 23:42:40.085,0.935,0.93539,1.00,1.12
2015.06.30 23:42:40.590,0.93499,0.93538,1.00,1.75
2015.06.30 23:42:41.174,0.93498,0.93538,1.50,1.75
2015.06.30 23:42:43.352,0.935,0.93538,1.00,1.75
2015.06.30 23:42:50.490,0.93498,0.93538,1.00,1.75
2015.06.30 23:42:50.593,0.93497,0.93525,1.00,1.50
2015.06.30 23:42:51.254,0.93498,0.93525,1.00,1.50
2015.06.30 23:42:51.578,0.93498,0.93525,1.00,1.75
2015.06.30 23:42:52.127,0.93497,0.93524,1.00,1.75
2015.06.30 23:42:52.565,0.93494,0.93524,1.00,1.75
2015.06.30 23:42:52.871,0.93496,0.93523,1.00,1.75
2015.06.30 23:42:53.758,0.93497,0.93524,1.00,1.75
2015.06.30 23:42:54.338,0.93496,0.93524,1.00,1.75
2015.06.30 23:42:56.044,0.93497,0.93524,1.00,1.75
2015.06.30 23:42:59.153,0.93496,0.93524,1.00,1.75
2015.06.30 23:42:59.703,0.93496,0.93524,1.00,1.75
2015.06.30 23:43:00.207,0.93497,0.93524,1.00,1.75
2015.06.30 23:43:00.462,0.93497,0.93524,1.00,1.75
2015.06.30 23:43:03.220,0.93497,0.93523,1.00,1.75
2015.06.30 23:43:03.271,0.93497,0.93523,1.00,1.75
2015.06.30 23:43:03.374,0.93496,0.93523,1.00,1.12
2015.06.30 23:43:03.897,0.93494,0.9352,1.66,1.00
2015.06.30 23:43:04.319,0.93494,0.93523,1.66,1.12
2015.06.30 23:43:04.624,0.93494,0.93525,1.66,1.75
2015.06.30 23:43:04.675,0.93492,0.93525,1.00,1.75
2015.06.30 23:43:05.551,0.93496,0.93524,1.00,1.75
2015.06.30 23:43:06.593,0.93497,0.93524,1.00,1.75
2015.06.30 23:43:09.498,0.93497,0.93525,1.00,1.75
2015.06.30 23:43:10.618,0.93497,0.93525,1.00,1.75
2015.06.30 23:43:10.989,0.93497,0.93525,1.00,1.75
2015.06.30 23:43:11.540,0.93497,0.93525,1.00,1.75
2015.06.30 23:43:11.910,0.93498,0.93525,1.00,1.75
2015.06.30 23:43:12.114,0.93497,0.93525,1.00,1.75
2015.06.30 23:43:12.725,0.93497,0.93525,1.00,1.75
2015.06.30 23:43:13.894,0.93496,0.93524,1.00,1.75
2015.06.30 23:43:13.946,0.93496,0.93524,1.00,1.75
2015.06.30 23:43:15.975,0.93497,0.93524,1.00,1.75
2015.06.30 23:43:18.405,0.93496,0.93525,1.00,1.87
2015.06.30 23:43:22.515,0.93497,0.93523,1.00,1.12
2015.06.30 23:43:36.724,0.93496,0.93523,1.00,1.12
2015.06.30 23:43:39.726,0.93497,0.93523,1.00,1.12
2015.06.30 23:43:40.399,0.93496,0.93523,1.00,1.12
2015.06.30 23:43:42.041,0.93497,0.93523,1.00,1.12
2015.06.30 23:43:55.360,0.93496,0.93525,1.00,1.12
2015.06.30 23:43:56.383,0.93498,0.93525,1.00,1.12
2015.06.30 23:44:00.007,0.93497,0.93525,1.00,1.12
2015.06.30 23:44:00.572,0.93498,0.93525,1.00,1.12
2015.06.30 23:44:05.807,0.93497,0.93525,1.00,1.87
2015.06.30 23:44:08.013,0.93497,0.93525,1.00,1.87
2015.06.30 23:44:08.936,0.93497,0.93525,1.00,1.12
2015.06.30 23:44:09.242,0.93497,0.93525,1.00,1.12
2015.06.30 23:44:09.536,0.93498,0.93525,1.00,1.12
2015.06.30 23:44:10.717,0.93498,0.93525,1.00,1.12
2015.06.30 23:44:11.247,0.93499,0.93526,1.00,1.87
2015.06.30 23:44:12.660,0.93499,0.93526,1.00,1.87
2015.06.30 23:44:13.227,0.93499,0.93526,1.00,1.12
2015.06.30 23:44:13.329,0.935,0.93526,1.00,1.12
2015.06.30 23:44:13.838,0.93499,0.93526,1.00,1.12
2015.06.30 23:44:14.140,0.93499,0.93527,1.00,1.75
2015.06.30 23:44:14.799,0.935,0.93528,1.00,1.87
2015.06.30 23:44:16.331,0.93499,0.93528,1.00,1.12
2015.06.30 23:44:16.636,0.93499,0.93528,1.00,1.87
2015.06.30 23:44:17.167,0.935,0.93528,1.00,1.50
2015.06.30 23:44:17.871,0.935,0.93528,1.00,1.75
2015.06.30 23:44:31.268,0.935,0.93528,1.00,1.75
2015.06.30 23:44:31.888,0.93499,0.93527,1.00,1.75
2015.06.30 23:44:35.303,0.93498,0.93526,1.00,1.75
2015.06.30 23:44:35.844,0.93499,0.93527,1.00,1.75
2015.06.30 23:44:36.356,0.93498,0.93526,1.00,1.75
2015.06.30 23:44:38.310,0.93497,0.93525,1.00,1.75
2015.06.30 23:44:40.336,0.93498,0.93526,1.00,1.75
2015.06.30 23:44:43.426,0.93499,0.93527,1.00,1.75
2015.06.30 23:44:46.503,0.93499,0.93528,1.00,1.75
2015.06.30 23:44:47.034,0.935,0.93528,1.00,1.75
2015.06.30 23:44:47.535,0.93499,0.93527,1.00,1.75
2015.06.30 23:44:48.121,0.93499,0.93527,1.00,1.75
2015.06.30 23:44:48.632,0.935,0.93528,1.00,2.25
2015.06.30 23:44:49.198,0.93499,0.93527,1.00,1.75
2015.06.30 23:44:51.530,0.93499,0.93528,1.00,1.75
2015.06.30 23:44:52.947,0.93498,0.93528,1.00,1.75
2015.06.30 23:44:53.929,0.93499,0.93527,1.00,1.75
2015.06.30 23:44:58.542,0.93498,0.93526,1.00,1.75
2015.06.30 23:45:02.649,0.93499,0.93526,1.00,1.75
2015.06.30 23:45:03.162,0.93498,0.93526,1.00,1.75
2015.06.30 23:45:05.600,0.93497,0.93527,1.00,1.75
2015.06.30 23:45:06.126,0.93497,0.93527,1.00,1.75
2015.06.30 23:45:06.728,0.93498,0.93527,1.00,1.75
2015.06.30 23:45:08.319,0.93499,0.93527,1.00,1.75
2015.06.30 23:45:08.859,0.93499,0.93527,1.00,1.75
2015.06.30 23:45:11.288,0.93498,0.93526,1.00,1.75
2015.06.30 23:45:12.334,0.93497,0.93524,2.41,1.75
2015.06.30 23:45:12.936,0.93498,0.93525,1.00,1.75
2015.06.30 23:45:15.606,0.93498,0.93525,1.00,1.75
2015.06.30 23:45:16.138,0.93498,0.93525,1.00,1.75
2015.06.30 23:45:17.838,0.93498,0.93525,1.00,1.75
2015.06.30 23:45:18.346,0.93498,0.93524,1.00,1.75
2015.06.30 23:45:18.855,0.93497,0.93524,2.41,1.75
2015.06.30 23:45:18.906,0.93497,0.93524,2.41,1.37
2015.06.30 23:45:19.456,0.93498,0.93525,1.00,1.37
2015.06.30 23:45:21.438,0.93498,0.93525,1.00,1.75
2015.06.30 23:45:21.541,0.93497,0.93524,2.41,1.37
2015.06.30 23:45:23.120,0.93497,0.93524,2.41,1.75
2015.06.30 23:45:23.425,0.93497,0.93525,1.66,1.75
2015.06.30 23:45:23.833,0.93497,0.93523,2.41,1.37
2015.06.30 23:45:25.255,0.93497,0.93524,2.41,1.75
2015.06.30 23:45:27.641,0.93498,0.93525,1.00,1.75
2015.06.30 23:45:27.744,0.93498,0.93525,1.00,1.37
2015.06.30 23:45:28.744,0.93497,0.93524,2.41,1.75
2015.06.30 23:45:29.051,0.93497,0.93524,2.41,1.75
2015.06.30 23:45:29.336,0.93497,0.93524,2.41,1.37
2015.06.30 23:45:30.867,0.93498,0.93524,1.00,1.75
2015.06.30 23:45:31.528,0.93497,0.93524,2.41,1.75
2015.06.30 23:45:31.579,0.93497,0.93524,2.41,1.37
2015.06.30 23:45:33.670,0.93497,0.93524,2.41,1.75
2015.06.30 23:45:34.190,0.93497,0.93524,2.41,1.75
2015.06.30 23:45:34.698,0.93497,0.93524,2.41,1.75
2015.06.30 23:45:36.285,0.93498,0.93524,1.00,1.75
2015.06.30 23:45:36.387,0.93497,0.93525,2.41,1.00
2015.06.30 23:45:36.894,0.93497,0.93524,2.41,1.00
2015.06.30 23:45:37.442,0.93498,0.93525,1.00,1.00
2015.06.30 23:45:37.944,0.93497,0.93525,2.41,1.00
2015.06.30 23:45:38.829,0.93498,0.93525,1.00,1.00
2015.06.30 23:45:39.337,0.93498,0.93524,1.00,1.00
2015.06.30 23:45:40.448,0.93498,0.93525,1.00,1.00
2015.06.30 23:45:41.489,0.93498,0.93525,1.00,1.75
2015.06.30 23:45:42.489,0.93497,0.93524,2.41,1.75
2015.06.30 23:45:42.624,0.93497,0.93524,2.41,1.12
2015.06.30 23:45:43.598,0.93498,0.93525,1.00,1.75
2015.06.30 23:45:43.700,0.93497,0.93523,2.41,1.75
2015.06.30 23:45:44.010,0.93497,0.93525,2.41,1.37
2015.06.30 23:45:44.592,0.93498,0.93525,1.00,1.37
2015.06.30 23:45:45.086,0.93498,0.93525,1.00,1.75
2015.06.30 23:45:45.188,0.93497,0.93524,2.41,1.75
2015.06.30 23:45:45.290,0.93497,0.93526,1.66,1.00
2015.06.30 23:45:45.694,0.935,0.93526,1.66,1.00
2015.06.30 23:45:46.294,0.935,0.93525,1.66,1.75
2015.06.30 23:45:46.396,0.935,0.93525,1.66,1.37
2015.06.30 23:45:48.108,0.935,0.93527,1.66,1.75
2015.06.30 23:45:48.312,0.935,0.93524,1.66,1.37
2015.06.30 23:45:50.327,0.935,0.93525,1.66,1.75
2015.06.30 23:45:50.429,0.935,0.93525,1.66,1.00
2015.06.30 23:45:50.956,0.935,0.93526,1.66,1.00
2015.06.30 23:45:51.481,0.935,0.93527,1.66,1.00
2015.06.30 23:45:52.193,0.935,0.93526,1.66,1.75
2015.06.30 23:45:52.295,0.935,0.93526,1.66,1.75
2015.06.30 23:45:52.438,0.935,0.93526,1.66,1.37
2015.06.30 23:45:52.818,0.93498,0.93526,1.00,1.37
2015.06.30 23:45:53.320,0.93498,0.93524,1.00,1.37
2015.06.30 23:45:53.889,0.93497,0.93525,1.00,1.37
2015.06.30 23:45:54.392,0.93498,0.93524,1.00,1.75
2015.06.30 23:45:55.413,0.93497,0.93525,1.00,1.75
2015.06.30 23:45:55.616,0.93498,0.93526,1.00,1.00
2015.06.30 23:45:56.200,0.93498,0.93525,1.00,1.00
2015.06.30 23:45:56.454,0.93497,0.93527,1.00,1.00
2015.06.30 23:45:56.505,0.93497,0.93527,1.00,1.50
2015.06.30 23:45:56.897,0.93499,0.93527,1.66,1.75
2015.06.30 23:45:57.448,0.93499,0.93525,1.66,1.75
2015.06.30 23:45:58.001,0.93498,0.93526,1.00,1.75
2015.06.30 23:45:58.548,0.93498,0.93525,1.00,1.75
2015.06.30 23:45:59.230,0.93498,0.93525,1.00,1.75
2015.06.30 23:45:59.546,0.93499,0.93525,1.00,1.75
2015.06.30 23:45:59.648,0.93498,0.93525,1.00,1.37
2015.06.30 23:46:00.702,0.93498,0.93525,1.00,1.75
2015.06.30 23:46:00.959,0.93497,0.93525,1.00,1.75
2015.06.30 23:46:01.010,0.93497,0.93525,1.00,1.00
2015.06.30 23:46:01.836,0.93497,0.93524,1.00,1.37
2015.06.30 23:46:03.251,0.93497,0.93524,1.12,1.00
2015.06.30 23:46:03.827,0.93496,0.93526,1.37,1.00
2015.06.30 23:46:04.345,0.93498,0.93525,1.00,1.00
2015.06.30 23:46:05.382,0.93498,0.93524,1.00,1.00
2015.06.30 23:46:05.542,0.93498,0.93524,1.00,1.75
2015.06.30 23:46:06.079,0.93497,0.93525,1.12,1.75
2015.06.30 23:46:07.548,0.93497,0.93524,1.12,1.00
2015.06.30 23:46:08.894,0.93497,0.93525,1.12,1.00
2015.06.30 23:46:08.945,0.93497,0.93525,1.12,1.75
2015.06.30 23:46:09.339,0.93496,0.93525,1.37,1.75
2015.06.30 23:46:10.961,0.93497,0.93523,1.12,1.75
2015.06.30 23:46:12.581,0.93497,0.93524,1.12,1.75
2015.06.30 23:46:15.089,0.93497,0.93524,1.12,1.75
2015.06.30 23:46:15.724,0.93497,0.93524,1.12,1.75
2015.06.30 23:46:17.121,0.93498,0.93524,1.00,1.75
2015.06.30 23:46:17.630,0.93497,0.93525,1.12,1.75
2015.06.30 23:46:18.400,0.93498,0.93525,1.00,1.75
2015.06.30 23:46:22.599,0.93499,0.93526,1.00,1.75
2015.06.30 23:46:23.145,0.93499,0.93525,1.00,1.75
2015.06.30 23:46:23.426,0.93497,0.93524,1.12,1.75
2015.06.30 23:46:23.933,0.93497,0.93524,1.12,1.75
2015.06.30 23:46:25.508,0.93498,0.93525,1.00,1.75
2015.06.30 23:46:25.610,0.93498,0.93525,1.00,1.75
2015.06.30 23:46:26.257,0.93497,0.93524,1.12,1.75
2015.06.30 23:46:26.511,0.93497,0.93524,1.12,1.75
2015.06.30 23:46:26.613,0.93499,0.93525,1.66,1.75
2015.06.30 23:46:27.488,0.93499,0.93525,1.66,1.75
2015.06.30 23:46:27.591,0.93499,0.93524,1.66,1.37
2015.06.30 23:46:29.321,0.93499,0.93524,1.66,1.75
2015.06.30 23:46:30.545,0.93497,0.93525,1.12,1.75
2015.06.30 23:46:31.060,0.93498,0.93525,1.00,1.75
2015.06.30 23:46:31.112,0.93498,0.93525,1.00,1.75
2015.06.30 23:46:33.634,0.93496,0.93525,1.37,1.75
2015.06.30 23:46:35.623,0.93496,0.93525,1.37,1.75
2015.06.30 23:46:35.725,0.93496,0.93524,1.37,1.75
2015.06.30 23:46:37.019,0.93497,0.93523,1.12,1.75
2015.06.30 23:46:37.717,0.93496,0.93524,1.37,1.75
2015.06.30 23:46:38.719,0.93497,0.93525,1.12,1.37
2015.06.30 23:46:39.758,0.93498,0.93524,1.00,1.37
2015.06.30 23:46:39.860,0.93498,0.93525,1.00,1.75
2015.06.30 23:46:39.912,0.93498,0.93525,1.00,1.00
2015.06.30 23:46:40.540,0.93497,0.93524,1.12,1.00
2015.06.30 23:46:40.924,0.93497,0.93524,1.12,1.75
2015.06.30 23:46:41.231,0.93498,0.93525,1.00,1.75
2015.06.30 23:46:41.780,0.93497,0.93525,1.12,1.75
2015.06.30 23:46:44.125,0.93497,0.93524,1.12,1.75
2015.06.30 23:46:44.659,0.93496,0.93523,1.37,1.75
2015.06.30 23:46:46.754,0.93495,0.93524,2.79,1.75
2015.06.30 23:46:47.161,0.93495,0.93522,2.79,1.00
2015.06.30 23:46:48.303,0.93495,0.93523,2.79,1.00
2015.06.30 23:46:48.776,0.93495,0.93521,2.79,1.75
2015.06.30 23:46:48.979,0.93495,0.93521,2.79,1.00
2015.06.30 23:46:49.493,0.93495,0.93522,2.79,1.00
2015.06.30 23:46:49.994,0.93495,0.93523,2.79,1.12
2015.06.30 23:46:50.930,0.93496,0.93523,1.37,1.75
2015.06.30 23:46:50.985,0.93495,0.93522,2.04,1.00
2015.06.30 23:46:51.522,0.93495,0.93521,2.79,1.00
2015.06.30 23:46:51.775,0.93495,0.93521,2.79,1.37
2015.06.30 23:46:52.642,0.93495,0.93522,2.79,1.75
2015.06.30 23:46:57.819,0.93495,0.93523,2.79,1.75
2015.06.30 23:46:58.349,0.93496,0.93525,1.37,1.75
2015.06.30 23:47:01.895,0.93496,0.93523,1.37,1.75
2015.06.30 23:47:01.997,0.93496,0.93524,1.37,1.75
2015.06.30 23:47:02.566,0.93496,0.93524,1.00,1.75
2015.06.30 23:47:05.191,0.93496,0.93524,1.00,1.75
2015.06.30 23:47:05.495,0.93496,0.93524,1.00,1.00
2015.06.30 23:47:06.018,0.93497,0.93524,1.00,1.00
2015.06.30 23:47:06.654,0.93496,0.93526,1.00,1.00
2015.06.30 23:47:06.705,0.93496,0.93526,1.00,1.75
2015.06.30 23:47:07.613,0.93496,0.93526,1.00,1.75
2015.06.30 23:47:07.957,0.93497,0.93523,1.00,1.75
2015.06.30 23:47:08.419,0.93496,0.93523,1.00,1.75
2015.06.30 23:47:08.521,0.93496,0.93523,1.00,1.75
2015.06.30 23:47:08.799,0.93496,0.93523,1.00,1.75
2015.06.30 23:47:08.902,0.93497,0.93524,1.00,1.75
2015.06.30 23:47:10.116,0.93497,0.93523,1.12,1.75
2015.06.30 23:47:10.754,0.93496,0.93522,1.37,1.75
2015.06.30 23:47:11.278,0.93496,0.93522,1.37,1.75
2015.06.30 23:47:11.832,0.93497,0.93524,1.12,1.75
2015.06.30 23:47:13.135,0.93496,0.93522,1.37,1.75
2015.06.30 23:47:13.730,0.93496,0.93523,1.12,1.75
2015.06.30 23:47:15.046,0.93496,0.93523,1.12,1.75
2015.06.30 23:47:15.587,0.93496,0.93523,1.12,1.75
2015.06.30 23:47:16.535,0.93497,0.93523,1.00,1.75
2015.06.30 23:47:17.101,0.93497,0.93523,1.00,1.75
2015.06.30 23:47:17.610,0.93497,0.93523,1.00,1.75
2015.06.30 23:47:27.132,0.93497,0.93523,1.00,1.75
2015.06.30 23:47:27.730,0.93497,0.93524,1.00,1.75
2015.06.30 23:47:30.657,0.93498,0.93524,1.00,1.75
2015.06.30 23:47:31.243,0.93498,0.93524,1.00,1.75
2015.06.30 23:47:31.345,0.93497,0.93523,1.00,1.75
2015.06.30 23:47:38.371,0.93497,0.93523,1.00,1.75
2015.06.30 23:47:38.902,0.93494,0.9352,1.00,1.75
2015.06.30 23:47:39.004,0.93492,0.93518,1.00,1.75
2015.06.30 23:47:39.106,0.93492,0.9352,1.00,1.00
2015.06.30 23:47:39.614,0.93492,0.93519,1.00,1.00
2015.06.30 23:47:40.159,0.93493,0.9352,1.00,1.00
2015.06.30 23:47:40.727,0.93494,0.9352,1.00,1.00
2015.06.30 23:47:41.236,0.93493,0.9352,1.00,1.00
2015.06.30 23:47:42.065,0.93493,0.9352,1.00,1.50
2015.06.30 23:47:42.804,0.93493,0.9352,1.00,1.75
2015.06.30 23:47:42.906,0.93493,0.9352,1.00,1.12
2015.06.30 23:47:44.976,0.93493,0.9352,1.00,1.75
2015.06.30 23:47:45.503,0.93494,0.9352,1.00,1.75
2015.06.30 23:47:46.616,0.93492,0.9352,1.00,1.75
2015.06.30 23:47:47.392,0.93493,0.9352,1.00,1.75
2015.06.30 23:47:48.603,0.93492,0.9352,1.00,1.75
2015.06.30 23:47:50.604,0.93492,0.9352,1.00,1.75
2015.06.30 23:47:50.909,0.93493,0.9352,1.00,1.00
2015.06.30 23:47:51.445,0.93493,0.93521,1.00,1.00
2015.06.30 23:47:52.000,0.93493,0.93521,1.00,1.50
2015.06.30 23:47:52.804,0.93493,0.93522,1.00,1.75
2015.06.30 23:47:52.906,0.93493,0.93522,1.00,1.37
2015.06.30 23:47:53.421,0.93494,0.93521,1.00,1.37
2015.06.30 23:47:54.030,0.93494,0.9352,1.00,1.75
2015.06.30 23:47:54.133,0.93493,0.9352,1.00,1.00
2015.06.30 23:47:54.727,0.93494,0.9352,1.00,1.00
2015.06.30 23:47:55.428,0.93493,0.93522,1.00,1.00
2015.06.30 23:47:56.336,0.93495,0.93521,1.00,1.00
2015.06.30 23:47:56.845,0.93494,0.93521,1.00,1.00
2015.06.30 23:47:57.460,0.93494,0.9352,1.00,1.00
2015.06.30 23:47:58.052,0.93493,0.9352,1.00,1.75
2015.06.30 23:47:58.154,0.93493,0.93519,1.00,1.75
2015.06.30 23:47:59.757,0.93494,0.9352,1.00,1.75
2015.06.30 23:48:00.286,0.93493,0.93519,1.00,1.75
2015.06.30 23:48:01.462,0.93493,0.9352,1.00,1.75
2015.06.30 23:48:05.128,0.93493,0.93519,1.00,1.75
2015.06.30 23:48:08.072,0.93494,0.9352,1.00,1.75
2015.06.30 23:48:11.086,0.93493,0.9352,1.00,1.75
2015.06.30 23:48:11.239,0.93493,0.93519,1.00,1.75
2015.06.30 23:48:13.097,0.93492,0.9352,1.00,1.75
2015.06.30 23:48:14.062,0.93493,0.9352,1.00,1.75
2015.06.30 23:48:17.070,0.93492,0.9352,1.00,1.75
2015.06.30 23:48:17.595,0.93493,0.93519,1.00,1.75
2015.06.30 23:48:19.021,0.93494,0.9352,1.00,1.75
2015.06.30 23:48:19.575,0.93493,0.93519,1.00,1.75
2015.06.30 23:48:20.794,0.93493,0.9352,1.00,1.75
2015.06.30 23:48:21.988,0.93493,0.9352,1.00,1.75
2015.06.30 23:48:22.517,0.93494,0.9352,1.00,1.75
2015.06.30 23:48:23.018,0.93493,0.93519,1.00,1.75
2015.06.30 23:48:24.277,0.93493,0.9352,1.00,1.75
2015.06.30 23:48:25.823,0.93494,0.9352,1.00,1.75
2015.06.30 23:48:25.925,0.93494,0.93521,1.00,1.75
2015.06.30 23:48:26.078,0.93494,0.93522,1.00,1.12
2015.06.30 23:48:26.608,0.93493,0.93522,1.00,1.12
2015.06.30 23:48:27.130,0.93494,0.93523,1.00,1.12
2015.06.30 23:48:27.731,0.93496,0.93523,1.00,1.12
2015.06.30 23:48:28.045,0.93496,0.93522,1.00,1.75
2015.06.30 23:48:28.097,0.93496,0.93522,1.00,1.75
2015.06.30 23:48:28.607,0.93495,0.93523,1.00,1.75
2015.06.30 23:48:29.141,0.93495,0.93523,1.00,1.75
2015.06.30 23:48:30.012,0.93495,0.93522,1.00,1.75
2015.06.30 23:48:31.007,0.93495,0.93522,1.00,1.75
2015.06.30 23:48:32.051,0.93494,0.93522,1.00,1.75
2015.06.30 23:48:34.047,0.93495,0.93522,1.00,1.75
2015.06.30 23:48:35.063,0.93496,0.93522,1.00,1.75
2015.06.30 23:48:39.042,0.93495,0.93521,1.00,1.75
2015.06.30 23:48:44.638,0.93495,0.93521,1.00,1.75
2015.06.30 23:48:44.740,0.93494,0.9352,1.00,1.75
2015.06.30 23:48:45.231,0.93493,0.9352,1.00,1.75
2015.06.30 23:48:45.752,0.93493,0.9352,1.00,1.75
2015.06.30 23:48:47.154,0.93493,0.9352,1.00,1.75
2015.06.30 23:48:47.358,0.93492,0.93521,1.00,1.37
2015.06.30 23:48:48.042,0.93492,0.93521,1.00,1.37
2015.06.30 23:48:48.650,0.93493,0.9352,1.00,1.12
2015.06.30 23:48:48.991,0.93493,0.9352,1.00,1.75
2015.06.30 23:48:49.093,0.93493,0.93521,1.00,1.37
2015.06.30 23:48:49.642,0.93494,0.93521,1.00,1.37
2015.06.30 23:48:50.278,0.93495,0.93522,1.00,1.37
2015.06.30 23:48:50.662,0.93495,0.93521,1.00,1.12
2015.06.30 23:48:50.872,0.93493,0.93522,1.00,1.12
2015.06.30 23:48:51.292,0.93492,0.93519,1.00,1.00
2015.06.30 23:48:51.496,0.93491,0.93521,1.00,1.00
2015.06.30 23:48:51.700,0.93493,0.93521,1.00,1.00
2015.06.30 23:48:52.235,0.93494,0.93521,1.00,1.00
2015.06.30 23:48:52.752,0.93493,0.93521,1.00,1.00
2015.06.30 23:48:53.067,0.93493,0.9352,1.00,1.75
2015.06.30 23:48:53.570,0.93493,0.9352,1.00,1.75
2015.06.30 23:48:53.774,0.93493,0.9352,1.00,1.00
2015.06.30 23:48:54.322,0.93493,0.93521,1.00,1.00
2015.06.30 23:48:54.842,0.93494,0.9352,1.00,1.00
2015.06.30 23:48:55.344,0.93494,0.93521,1.00,1.00
2015.06.30 23:48:55.894,0.93493,0.9352,1.00,1.00
